3050 4984
300 480 362 547 lid
671 502 847 548 reserares
871 500 909 547 or
930 498 1064 547 ruomrrs.

297 645 340 691 an
356 621 462 691 torma
475 624 659 691 summario
671 645 729 713 per
742 623 1004 691 constitutionem
1020 620 1082 691 Dei
1091 621 1439 691 miserationcomuinu

297 730 423 798 sublata
450 730 503 815 sit,
529 752 596 797 non
621 729 701 798 adeo
723 730 836 821 liquat.
863 730 947 798 Nam
970 728 1078 820 quoad
1101 728 1288 819 hujusmodi
1313 750 1437 813 causas,

297 835 478 927 praescriltit
488 835 620 927 quidem
630 836 823 903 Benedictus
834 836 912 905 XIV
925 835 1029 903 multa
1038 834 1255 919 observanda;
1268 832 1325 901 scd
1334 832 1439 923 quoad

297 942 439 1034 reliquas
457 964 625 1033 processus
649 952 755 1031 partes
774 941 814 1009 dc
831 942 953 1033 quibus
968 941 1053 1009 nihil
1068 940 1262 1031 particulare
1283 940 1437 1021 deceruit,

298 1046 434 1139 plenarii
455 1048 570 1139 judicii
597 1048 737 1117 formam
759 1070 829 1115 esse
858 1048 1044 1135 tenendam,
1069 1071 1127 1117 nec
1147 1070 1241 1139 posse
1262 1048 1440 1115 summarie

298 1154 443 1245 procedi,
461 1154 612 1222 Pontifex
625 1176 691 1223 non
712 1154 804 1240 dicit,
820 1154 875 1223 sed
891 1154 931 1223 de
948 1154 1009 1223 hoc
1025 1155 1096 1223 silet
1115 1184 1122 1223 ι
1138 1154 1224 1223 unde
1240 1154 1439 1223 concluden-

299 1260 378 1328 dum
391 1260 568 1346 videretur,
586 1283 795 1352 perseverare
806 1262 991 1329 facultatem
1006 1261 1184 1330 summarie
1197 1260 1396 1352 procedendi
1409 1260 1439 1327 in

298 1367 351 1452 iis,
367 1390 442 1457 qum
457 1368 492 1434 in
506 1368 644 1458 praelata
658 1368 886 1437 constitutione
901 1367 965 1437 alio
981 1369 1077 1437 modo
1093 1367 1222 1459 speciali
1236 1366 1439 1457 expedienda

299 1496 365 1541 non
382 1474 653 1564 praescribuntur.

344 1578 487 1648 Aliunde
502 1587 611 1647 tamen
624 1581 785 1670 generalis
801 1582 898 1650 dictae
914 1580 1151 1651 constitutionis
1165 1589 1351 1669 contextus,
1367 1580 1439 1649 satis
1494 1548 1495 1599 l

299 1696 409 1777 aperte
425 1708 606 1776 supponere
629 1685 757 1755 videtur
768 1688 922 1777 plenario
935 1686 1059 1779 judicio
1079 1687 1262 1757 tractandas
1277 1711 1347 1757 csse
1366 1710 1438 1756 cau·

300 1816 353 1860 aas
369 1792 526 1861 nullitatis
538 1814 595 1861 seu
611 1792 788 1862 validitatis
802 1794 1099 1881 matrimoniorum,
1115 1818 1191 1863 cum
1206 1794 1337 1887 speciali
1352 1796 1437 1863 insu·

299 1921 358 1989 per
367 1898 473 1967 forma
482 1900 591 1990 quoad
606 1899 680 1967 illas
695 1899 816 1967 ibidem
833 1901 1033 1993 praescripta.

345 2005 418 2086 Quo
438 2014 542 2073 stante
560 2005 673 2093 dnbio,
692 2006 728 2073 in
748 2008 845 2098 praxi
863 2008 1026 2099 ejusmodi
1044 2030 1157 2077 causas
1177 2008 1323 2100 prudens
1338 2010 1435 2101 judex

301 2112 531 2181 ecclesiasticus
552 2114 689 2204 plenarii
707 2114 822 2204 judicii
846 2114 951 2183 torma
974 2116 1138 2193 tractabit;
1156 2138 1195 2185 ne
1213 2116 1309 2201 lorte,
1329 2116 1358 2183 si
1378 2139 1436 2207 qua

302 2221 338 2287 in
362 2229 452 2309 parte
473 2222 654 2290 summarie
682 2222 873 2310 processerit
900 2220 1061 2313 (quamvis
1087 2222 1287 2290 adamussim
1308 2224 1436 2290 servatis

300 2328 536 2396 constitutionis
554 2327 772 2397 Benedictinae
793 2330 1121 2419 prmscriptionibus),
1137 2352 1309 2421 processus
1324 2330 1365 2397 ab
1383 2330 1436 2397 ali-

299 2457 365 2527 qua
380 2434 536 2523 partium,
554 2435 640 2503 vela
661 2435 859 2503 matrimonii
874 2436 1054 2521 defensore,
1076 2444 1233 2528 tanquam
1251 2436 1436 2525 irregularis

301 2550 521 2632 oppugnetur.

820 2706 840 2797 g
863 2704 921 2776 rt.

301 2872 338 2927 Dc
352 2890 445 2927 norma
453 2874 562 2940 ementi
574 2875 735 2941 procedendi
751 2875 777 2926 in
792 2890 869 2927 causa
885 2877 1010 2927 nullitatis
1024 2890 1055 2927 ex
1070 2876 1257 2941 impedimento
1274 2877 1435 2941 impotente

346 3084 384 3149 ln
406 3082 594 3172 hujusmodi
614 3105 723 3169 causa,
747 3106 813 3151 uon
836 3093 961 3153 tantum
985 3083 1146 3152 servanda
1165 3092 1213 3151 est
1236 3084 1439 3151 Benedictina
1495 3114 1496 3175 3

302 3189 499 3274 constitutio,
516 3212 559 3257 ex
572 3190 716 3279 genardi
730 3212 847 3281 nempe
864 3192 986 3259 ratione
1003 3189 1091 3283 quod
1106 3199 1222 3279 agatur
1240 3190 1282 3258 de
1298 3190 1439 3259 nullitate
1495 3194 1496 3269 t

302 3296 515 3383 matrimonii,
532 3296 588 3365 sed
600 3298 734 3387 insuper
749 3298 917 3366 nonnullae
934 3298 1007 3365 aliae
1023 3306 1197 3367 occurrunt
1209 3319 1379 3365 sacrorum
1393 3318 1440 3365 oa-
1495 3296 1496 3369 s

302 3426 426 3471 nonum
441 3403 714 3495 praescriptiones,
731 3425 819 3471 nunc
834 3402 1051 3494 exponendas.

346 3512 489 3591 Qunsrro
514 3514 556 3577 1⁴.
576 3548 620 3563 -
636 3514 686 3578 An
705 3510 821 3579 tradita
841 3511 1033 3580 certitudine
1056 3511 1095 3579 de
1115 3512 1315 3602 impotentia
1331 3535 1440 3605 perpe·

302 3630 361 3685 tun
374 3617 474 3684 nnius
484 3616 646 3706 conjugis,
656 3618 763 3707 possit
774 3618 1003 3710 alterproprio
1017 3620 1218 3686 auctoritate
1228 3619 1395 3688 recedere?
1404 3656 1441 3670 -

307 3753 325 3790 e
347 3726 480 3794 Certum
496 3733 544 3791 cst
564 3724 736 3813 conjugem
758 3734 920 3814 potentem
935 3726 976 3793 ab
990 3726 1166 3816 impotente
1184 3727 1323 3814 (etiamsi
1341 3738 1441 3796 certus

307 3860 325 3897 u
347 3833 388 3899 sit
401 3830 441 3899 de
464 3831 654 3921 impotentia
670 3831 775 3920 istius)
795 3832 926 3923 propria
948 3834 1137 3901 auctoritate
1161 3854 1226 3901 non
1247 3856 1343 3925 posse
1362 3854 1441 3902 nece

307 3965 324 4002 a
347 3938 423 4006 dere
444 3938 595 4025 arguitur
615 3937 718 4027 capita
740 3939 845 4007 Porro
864 3944 909 4026 (3,
930 3939 969 4007 de
990 3938 1148 4029 Bicera).
1169 3938 1262 4031 Opus
1283 3941 1387 4030 igitur
1405 3938 1440 4007 ad

310 4071 327 4111 u
349 4042 592 4112 dissolvendum
616 4042 776 4133 ejusmodi
791 4046 1034 4114 matrimonium
1052 4048 1113 4115 crit
1128 4044 1325 4115 authoritate
1338 4046 1441 4115 Eccle-

310 4178 326 4217 u
350 4153 406 4218 siae
425 4159 457 4217 et
468 4147 588 4239 judicis
602 4149 821 4218 ecclesiastici.

349 4285 371 4353 ,e
398 4258 529 4325 lnterim
552 4265 662 4326 tamen
686 4258 874 4349 hujusmodi
899 4260 1065 4353 conjuges,
1091 4263 1116 4331 si
1143 4272 1229 4331 certo
1251 4270 1437 4355 cognoscant
