3050 4984
582 490 657 536 cras
680 490 827 535 secusne.
1208 474 1268 538 221

128 654 173 667 -
188 613 315 683 Dicitur
333 610 404 682 fieri
424 611 639 681 confrontatio
660 611 806 698 testium,
826 610 957 702 quando
969 609 1073 703 judex
1093 636 1149 681 eos
1167 614 1202 680 in
1221 614 1274 681 ta·

129 722 212 791 ciem
232 720 278 789 rei
302 718 455 806 adducit,
479 726 575 810 atque
595 719 666 811 ipso
689 717 844 787 audiente
869 720 1012 811 primam
1038 720 1273 811 depositionem

133 830 251 897 iterare
266 826 369 919 jubet.

176 935 230 1003 Fit
249 942 356 1003 autem
377 932 438 1003 hoe
459 931 569 1002 modo.
595 937 627 999 1⁰
651 932 778 1001 Petitur
796 954 816 999 a
836 953 893 1000 reo
915 954 958 1001 an
978 944 1150 1022 cognoseat
1171 933 1277 1003 domi·

132 1064 215 1111 num
237 1040 281 1111 N.
303 1041 430 1131 (nempe
449 1061 555 1107 unum
578 1060 620 1107 ex
642 1036 810 1126 testibus),
832 1046 864 1107 et
887 1060 962 1106 eum
987 1038 1104 1107 habeat
1124 1062 1184 1131 pro
1204 1041 1277 1109 viro

132 1149 255 1241 probo;
283 1152 317 1215 2ο
338 1146 512 1217 adducitur
536 1145 644 1215 dictus
666 1146 756 1215 testis
768 1196 779 1232 ,
805 1154 837 1213 et
862 1152 1033 1238 postquam
1051 1146 1276 1237 juramentum

134 1256 174 1325 de
189 1256 324 1323 veritate
341 1253 478 1323 dicenda
493 1254 657 1346 praestitit,
674 1252 715 1320 ab
730 1275 769 1321 ao
786 1252 908 1343 petitur
922 1276 964 1321 an
980 1263 1151 1343 cognoscat
1165 1277 1273 1341 reum,

134 1373 165 1431 et
182 1362 328 1431 vicissim
343 1386 363 1430 a
376 1383 431 1430 reo
446 1383 487 1429 an
505 1366 678 1451 cognoscat
693 1367 826 1438 testem;
843 1362 877 1425 3ο
893 1358 1111 1449 interrogatur
1130 1363 1220 1430 testis
1234 1386 1278 1431 an

136 1468 282 1561 deposita
304 1467 346 1537 ab
369 1468 440 1559 ipso
461 1468 496 1535 iu
520 1466 628 1558 p'rimo
649 1466 818 1552 examine,
839 1488 919 1535 vera
939 1466 1003 1533 sint
1025 1475 1057 1535 et
1078 1467 1185 1538 adhue
1205 1477 1280 1538 tan-

138 1599 236 1669 quam
265 1598 342 1644 rera
367 1573 518 1666 deponat.
547 1574 723 1665 Postquam
749 1582 858 1641 sutem
878 1573 919 1641 ab
943 1575 1086 1644 actuario
1107 1574 1190 1645 lecta
1217 1576 1280 1645 fuit

139 1683 247 1775 prima
268 1682 357 1751 testis
377 1680 546 1773 depositio,
565 1688 598 1748 et
619 1680 647 1747 is
666 1702 738 1747 eam
757 1678 976 1766 confirmavit,
995 1682 1117 1770 petitur
1130 1706 1149 1751 a
1164 1706 1221 1753 reo
1239 1708 1283 1754 an

139 1788 246 1857 adhuc
272 1788 418 1881 deposita
442 1794 555 1856 contra
578 1786 685 1877 ipsum
712 1784 794 1853 falsa
818 1808 888 1853 esse
914 1788 1101 1869 contendst;
1129 1792 1162 1857 4⁰
1186 1789 1283 1860 datur

140 1896 271 1965 iuterim
306 1918 362 1964 reo
397 1893 531 1964 facultas
565 1901 676 1961 testem
711 1891 940 1984 interpellandi
975 1902 1007 1963 et
1039 1895 1282 1987 interrogandi,

141 2010 172 2071 et
186 2002 255 2071 vice
270 2022 381 2089 versa3
394 2008 425 2070 et
437 2000 590 2092 utrinque
606 1998 689 2067 dicta
703 1999 744 2067 ah
759 2000 904 2068 actuario
916 2008 1086 2080 notantur;
1107 2008 1138 2069 5⁰
1151 2004 1283 2075 dimisso

142 2118 232 2196 teste,
251 2116 408 2178 vocantur
423 2107 603 2177 successive
616 2106 671 2174 alii
685 2113 718 2175 et
730 2107 802 2197 pari
819 2106 915 2175 modo
929 2108 1170 2179 examinantur.

187 2217 331 2299 Qunsrro
349 2220 396 2283 2³.
419 2254 463 2268 -
482 2217 533 2283 An
548 2213 723 2282 accusaris
740 2212 894 2304 [edenda
913 2214 956 2282 sit
976 2217 1196 2306 constupratio
1219 2232 1286 2289 tes-

145 2324 254 2391 tium?
276 2361 320 2375 -
344 2350 360 2388 n
381 2322 462 2391 nce
484 2320 699 2391 confrontatio
718 2319 914 2410 reputor-iter
932 2342 1000 2389 nou
1021 2334 1068 2392 est
1086 2330 1283 2415 necessaria,

149 2456 166 2495 c
191 2452 249 2498 nec
264 2429 304 2499 de
318 2430 498 2498 substantia
512 2448 696 2520 processus,
712 2436 743 2495 et
762 2426 838 2497 ideo
851 2450 889 2495 ea
902 2429 1023 2497 omissa
1038 2454 1207 2521 processus
1218 2458 1286 2505 nou

149 2563 167 2602 α
190 2536 387 2623 infirmatur,
403 2536 480 2629 quia
498 2544 547 2604 est
560 2534 742 2604 remedium
758 2534 992 2604 subsidiarium
1010 2546 1043 2605 et
1061 2542 1287 2612 extraordina-

151 2673 168 2711 ιι
192 2646 296 2724 rinm;
312 2642 389 2713 narii
406 2643 584 2712 remedium
601 2642 807 2711 ordinarium
821 2650 869 2710 cst
882 2643 1071 2734 repetitio.»
1084 2648 1285 2741 (pellegrini,

148 2763 239 2844 perte
255 2758 288 2839 4,
301 2764 377 2820 sect.
397 2756 428 2838 9,
447 2774 478 2819 n.
495 2750 564 2839 66.)
579 2749 681 2819 Addit
695 2758 805 2840 postea
818 2750 934 2818 citatus
948 2759 1061 2822 auctor
1074 2758 1288 2828 necessariam

146 2883 216 2929 esse
240 2858 531 2928 coulrontationem
558 2859 593 2924 in
618 2856 786 2925 nonnullis
813 2858 962 2944 casibus,
994 2882 1076 2951 quos
1106 2876 1287 2937 enumerat.

153 2966 301 3059 (Ibidem,
316 2989 349 3034 n.
365 2970 406 3032 72
422 2974 454 3033 et
468 2963 550 3057 seq.)
566 2964 647 3033 Haec
660 2973 770 3033 umen
785 2966 956 3035 necessitas
969 2968 1004 3035 in
1020 2970 1150 3038 assertis
1164 2974 1291 3044 casibus

150 3076 297 3163 rigorose
316 3095 383 3141 non
403 3071 576 3164 probatur,
595 3080 627 3139 et
644 3069 845 3140 admittenda
865 3080 992 3141 tantum
1011 3076 1141 3145 videtur
1159 3080 1195 3146 in
1216 3104 1293 3152 casu

151 3203 218 3273 quo
244 3203 320 3249 reus
342 3179 528 3269 recognosci
553 3187 709 3269 nequeat,
736 3179 799 3246 nisi
827 3179 988 3249 mediante
1012 3183 1213 3274 inspectione
1235 3212 1292 3279 per

153 3298 261 3359 testes.

200 3396 379 3482 Caeterum,
405 3396 466 3464 etsi
487 3394 632 3463 absolute
653 3394 750 3463 sitin
772 3402 925 3484 potestate
944 3395 1067 3487 judicis
1089 3401 1295 3473 ecelesiastici

155 3505 446 3575 eoniroutationem
463 3502 594 3571 testium
610 3500 777 3587 adhihere,
792 3524 867 3569 cum
887 3509 997 3571 tamen
1015 3503 1087 3573 haec
1102 3508 1294 3597 regulariter

156 3612 261 3683 omitti
283 3610 383 3703 possit
401 3616 511 3700 utpote
530 3630 597 3677 non
617 3609 807 3695 neccssaria,
825 3608 1003 3699 prudenter
1021 3620 1097 3701 aget
1110 3614 1139 3681 si
1153 3615 1214 3683 hoe
1227 3640 1297 3686 me-

156 3717 214 3785 dio
228 3724 283 3785 aut
304 3736 486 3806 nunquam,
510 3722 566 3782 ant
586 3712 752 3781 rarissime
772 3721 883 3782 utatur
903 3740 910 3782 :
929 3723 1000 3783 tum
1022 3720 1098 3807 quia
1120 3727 1169 3786 est
1190 3744 1298 3791 reme·

158 3824 250 3893 dium
270 3821 582 3907 extraordinarium,
604 3842 670 3911 quo
691 3819 827 3911 proinde
848 3821 1005 3889 utendum
1024 3845 1090 3892 non
1111 3834 1161 3893 est
1177 3828 1300 3921 absque

157 3930 255 4021 gravi
274 3951 390 4016 eausa,
413 3926 493 3996 dnm
516 3935 634 4018 praesto
657 3936 705 3994 est
727 3936 759 3995 at
778 3927 899 3995 suffieit
918 3927 1062 3997 medinm
1082 3931 1297 4026 ordinarium,

159 4038 308 4129 repetitio
330 4058 446 4127 nempe
471 4035 628 4103 testium:
649 4043 718 4102 tum
739 4034 828 4125 quia,
850 4036 886 4103 in
905 4035 976 4104 foro
995 4038 1176 4128 praesertim
1196 4044 1300 4113 ecole—

159 4146 307 4235 siastico,
337 4145 481 4236 plurima
507 4141 690 4211 istiusmodi
718 4141 1008 4213 connontationem
1036 4157 1219 4237 sequuntur
1249 4153 1302 4221 in-

161 4252 333 4323 commoda
355 4251 406 4343 (si,
423 4249 516 4319 verbi
537 4249 653 4339 gratia,
671 4270 746 4317 reus
764 4250 807 4316 sit
825 4249 973 4340 clericus,
995 4260 1026 4319 et
1045 4254 1135 4321 testis
1152 4255 1300 4355 femina,
