3050 4984
313 463 374 530 518
685 487 859 534 nummos
882 487 920 532 nn
941 487 1074 532 tumens.

313 621 370 686 tes,
388 607 532 675 autolio
546 607 694 696 lepitima
709 608 916 690 dommenta,
924 630 989 700 per
999 631 1072 700 quar
1085 609 1217 690 ueritas,
1233 622 1264 677 ct
1277 608 1455 678 arbrirten·

312 714 361 781 tia
377 714 453 782 talis
471 735 577 782 causa
598 715 805 804 probaretur.
827 715 893 798 Qui
903 715 1079 807 pradictus
1102 715 1256 784 dominus
1271 719 1313 786 N.
1337 735 1456 804 mpro-

312 820 410 888 duait
424 822 555 912 copiam
569 821 671 890 libelli
694 822 885 890 recusatarii
904 822 1098 914 pneumati
1117 824 1258 914 prcsato
1279 821 1456 890 reverendo

320 929 444 996 Vicario
459 929 614 1018 peperoli,
630 940 661 996 et
674 928 761 996 dicit
776 927 918 997 dominis
933 929 1065 998 arbitris
1079 931 1115 997 in
1132 930 1188 998 illo
1206 930 1367 998 contineri
1382 943 1457 996 turn

312 1058 448 1105 causam
459 1057 645 1128 expressam
659 1037 880 1116 cruciationis,
899 1046 970 1103 tum
992 1049 1084 1104 testes
1097 1036 1230 1105 adeam
1242 1036 1458 1128 probandam

312 1145 505 1212 necessarios
512 1169 526 1226 ,·
541 1157 573 1211 ct
587 1144 710 1212 instare
723 1143 815 1234 opud
829 1142 954 1212 eosdem
970 1142 1117 1212 dominos
1132 1143 1272 1212 arbitros
1287 1156 1326 1212 ut
1340 1144 1458 1212 ornnio

310 1251 577 1332 admitterentur,
592 1263 623 1319 ct
637 1250 685 1319 ad
693 1249 947 1342 capnoscendum
962 1249 1002 1318 de
1013 1252 1228 1320 veritatetnm
1238 1251 1369 1342 injure
1382 1265 1458 1318 tum

311 1360 346 1426 in
359 1362 449 1452 sacto
462 1357 701 1450 procederetur,
719 1357 789 1441 Oui
802 1357 930 1426 domini
952 1357 1073 1426 arbitri
1093 1358 1237 1426 libellum
1254 1357 1457 1449 pradictum

311 1479 341 1536 et
356 1467 469 1534 omnia
484 1467 521 1534 in
536 1487 572 1533 co
587 1475 736 1533 contenta
751 1463 955 1532 admiserunt
970 1465 999 1532 si
1011 1477 1042 1534 ct
1053 1465 1089 1532 in
1099 1477 1272 1556 quantum,
1293 1477 1326 1532 et
1338 1488 1458 1556 proce·

310 1574 385 1643 dere
396 1588 501 1663 prout
515 1573 555 1642 de
564 1575 644 1664 jure
658 1573 887 1654 decreverunt,·
896 1574 1128 1664 jusseruntque
1143 1573 1228 1642 milti
1242 1574 1411 1654 actuario,
1422 1589 1457 1641 nt

311 1683 456 1752 libellum
480 1681 677 1773 pradictum
704 1682 790 1750 inter
815 1693 890 1750 acta
914 1683 1099 1774 reciperato,
1115 1694 1218 1771 prout
1229 1681 1311 1772 feci,
1328 1693 1359 1749 ct
1377 1682 1458 1750 iaci·

308 1792 362 1882 pit
379 1842 430 1871 ...,
449 1804 480 1858 et
495 1789 612 1858 desinit
632 1841 683 1869 ...,
703 1801 734 1856 et
745 1789 885 1856 babetur
899 1789 988 1880 iufra
1015 1787 1202 1880 descriptum
1218 1789 1369 1879 siquatus
1395 1813 1460 1858 na-

311 1920 443 1966 mero...
469 1899 550 1966 Acta
574 1909 652 1964 sunt
680 1895 790 1964 bno...
818 1933 862 1948 -
885 1899 958 1986 Epo
982 1898 1040 1976 N„
1069 1895 1203 1964 arbiter.
1224 1933 1270 1948 -
1295 1898 1371 1986 Epo
1398 1900 1456 1976 N„

311 2004 447 2073 arbiter.
462 2006 593 2093 -Epo
608 2005 652 2073 N.
669 2024 777 2071 recino
793 2013 824 2070 et
839 2003 973 2094 affirmo
987 2015 1024 2070 ut
1040 2024 1156 2094 supra.
1175 2041 1219 2054 -
1232 2005 1306 2092 Epo
1322 2004 1384 2083 N„
1403 2026 1460 2070 oc-

311 2110 452 2180 tuarius.

359 2217 574 2286 «Successioe
587 2216 688 2284 iidem
706 2215 832 2284 domini
847 2215 967 2283 arbitri
989 2214 1048 2306 qui
1067 2236 1182 2305 supra,
1200 2216 1237 2282 in
1253 2216 1365 2284 locum
1379 2217 1460 2284 soli-

312 2341 384 2394 tum
397 2323 627 2403 convenientes,
646 2323 917 2390 examinaverunt
940 2343 1074 2389 causam
1094 2321 1312 2390 accusationis
1325 2344 1459 2412 cepres-

310 2455 383 2502 sam
414 2433 448 2498 in
471 2428 659 2522 supradicto
684 2429 803 2510 libello,
827 2427 991 2519 producto
1019 2449 1131 2497 coram
1161 2428 1240 2520 ipsis
1268 2451 1290 2496 a
1313 2432 1459 2520 praesato

312 2539 445 2608 domino
465 2541 499 2608 N
501 2589 524 2618 .,
540 2549 708 2604 recusante
715 2561 729 2617 ,·
745 2548 865 2604 etcum
880 2536 1159 2604 invenissenteom
1175 2535 1305 2604 desumi
1319 2559 1362 2603 ec
1387 2559 1460 2604 sus-

307 2648 438 2740 picione
452 2667 525 2737 qua
540 2645 647 2712 oritur
672 2667 713 2711 cc
733 2644 921 2724 ininicitio,
947 2665 1020 2734 qua
1046 2643 1203 2711 asseritur
1223 2645 1350 2712 versari
1375 2646 1459 2713 inter

312 2753 525 2823 reverendum
539 2752 711 2821 dominum
738 2751 904 2818 Vicarium
924 2752 1108 2842 pencrolem
1124 2763 1325 2832 remoratum,
1353 2763 1389 2820 et
1401 2752 1458 2820 do-

312 2861 442 2929 minum
471 2862 514 2930 N.
543 2869 755 2937 recusantem,
770 2857 1036 2948 pronuntiarunt
1062 2879 1198 2926 causam
1207 2859 1395 2949 prusatam
1421 2859 1459 2927 de

306 2971 466 3060 jurense
489 2965 692 3057 lequinium·
704 2964 843 3054 proinde
864 2963 1104 3055 procedendum
1129 2987 1192 3034 cose
1205 2963 1253 3032 od
1266 2966 1457 3057 inplicatio-

312 3097 397 3155 nem
412 3097 457 3142 an
471 3085 594 3142 constet
617 3073 653 3140 in
665 3073 755 3162 sacto
772 3069 811 3138 dc
824 3083 947 3138 assuto
972 3071 1159 3139 inimicitia.
1189 3074 1271 3140 Acta
1296 3085 1377 3140 sunt
1392 3075 1457 3142 bac

312 3181 365 3248 die
438 3179 556 3248 mereris
624 3201 750 3246 mmo...
768 3215 809 3229 -
825 3180 898 3268 Epo
914 3177 971 3258 N.,
989 3177 1126 3246 arbiter.
1142 3215 1186 3230 —
1200 3181 1275 3269 Epo
1289 3180 1348 3259 N.,
1369 3179 1459 3246 orbi·

313 3302 374 3355 ter.
391 3325 436 3340 ·-
447 3290 520 3378 Epo
535 3289 594 3367 N„
607 3284 787 3353 actuario.
805 3311 821 3348 n

761 3551 905 3622 CAPUT
928 3551 1003 3622 XII.

460 3747 564 3792 tom
594 3743 752 3791 nelma
776 3743 978 3790 wstmlonls
1007 3745 1151 3792 CORPORIS
1178 3745 1307 3793 omm.

354 3917 493 4002 Quando
508 3919 676 3998 delictum,
693 3919 763 3987 sive
784 3941 841 4010 por
856 3919 1108 4005 accusationem,
1126 3921 1195 3989 sivo
1211 3941 1269 4011 per
1283 3919 1457 3990 denuntia·
1502 4013 1503 4016 Ἴ

310 4032 443 4112 tionem,
461 4027 529 4093 sive
543 4048 602 4117 per
615 4025 736 4092 famam
752 4025 915 4116 publicam
933 4025 1091 4114 delatum,
1107 4036 1157 4094 est
1168 4029 1456 4120 [actipcrmaneo-
1502 4025 1503 4053 ¹

311 4134 363 4213 tis,
381 4133 491 4216 idest,
508 4131 645 4219 vestigia
666 4140 739 4221 pact
758 4153 792 4197 so
807 4131 1009 4223 relinquens,
1028 4132 1101 4200 fieri
1117 4131 1214 4200 debet
1228 4134 1373 4204 visitatio
1388 4159 1454 4204 cor-

310 4239 399 4330 poris
422 4223 541 4306 dilicti.
569 4237 610 4304 Et
631 4236 765 4329 quidem
793 4237 941 4307 iacienda
964 4247 1103 4308 estante
1127 4249 1246 4309 catera
1260 4243 1372 4311 omnia
1387 4259 1454 4338 post
1501 4311 1502 4316 ,
