3050 4984
638 426 815 471 emerseris
839 426 877 471 nii
899 425 1032 471 JUDlCllS.

763 767 908 837 CAPUT
930 767 956 833 l.

617 971 656 1015 uit
679 969 756 1015 imit
779 969 1036 1016 comminitans.

304 1172 350 1238 De
375 1194 414 1239 es
440 1172 616 1240 canonistas
648 1173 812 1263 precipue
828 1172 992 1241 disserunt
1005 1173 1139 1241 relative
1161 1172 1203 1241 ad
1217 1193 1413 1263 processum

260 1278 389 1345 civilem
411 1277 476 1347 lori
498 1278 714 1347 ecclesiastici.
744 1280 809 1348 Ubi
831 1302 909 1347 vero
932 1279 1110 1347 criminalis
1132 1300 1300 1369 processus
1326 1301 1414 1346 nor-

261 1408 348 1453 mam
379 1384 524 1470 tradunt,
552 1385 612 1454 vix
648 1384 715 1453 litis
744 1385 1008 1453 contestationem
1037 1392 1304 1454 commemorant.
1338 1384 1411 1453 Nos

258 1492 340 1559 scitu
369 1491 472 1581 magis
488 1492 666 1560 necessaria
691 1493 799 1583 quoad
830 1502 1006 1584 utrumqne
1026 1514 1212 1585 processum
1227 1491 1283 1559 hic
1296 1512 1412 1583 expo-

261 1621 389 1667 nemus.

304 1705 447 1787 Qussno
475 1710 520 1772 1².
550 1743 594 1757 —
624 1704 714 1790 Quid
726 1706 770 1774 sit
785 1707 851 1775 litr's
866 1707 1081 1775 contestatio?
1104 1747 1149 1761 —
1178 1734 1195 1773 ιι
1209 1707 1265 1775 Est
1278 1706 1409 1775 lunda-

264 1841 280 1878 «
306 1820 451 1881 meutum
476 1812 604 1905 judicii,
628 1836 686 1905 per
706 1814 893 1905 petitionem
917 1815 1035 1884 actoris
1055 1814 1175 1905 injure
1190 1813 1407 1906 propositam,

264 1946 281 1985 ι
303 1928 336 1987 et
363 1942 541 2008 congruam
558 1921 605 1988 rei
635 1922 877 2013 responsionem
906 1932 1062 2007 secutam,
1078 1924 1189 1992 animo
1202 1920 1364 2011 litigandi.
1386 1948 1404 1987 ι

263 2026 577 2117 (Schmalagrueber,
603 2028 638 2095 iu
666 2029 715 2097 tit.
736 2033 768 2115 5,
783 2028 861 2096 libri
877 2033 895 2095 2
912 2030 1052 2113 Decret,
1068 2052 1103 2095 n.
1132 2030 1178 2118 2.)
1198 2027 1409 2098 Concordaut

260 2134 366 2225 quoad
380 2157 510 2203 sensum
522 2135 696 2203 canonisis
713 2156 837 2221 omnes,
855 2135 1118 2205 contestationem
1132 2136 1198 2205 litis
1211 2145 1408 2226 reponentes

261 2242 294 2308 in
311 2242 361 2308 his
372 2242 475 2309 tribus
490 2270 497 2308 :
520 2246 550 2308 1⁰
567 2240 669 2310 utlist
682 2242 793 2333 petitio
803 2242 844 2310 ab
859 2251 966 2311 actore
976 2251 1008 2310 et
1021 2243 1188 2333 responsio
1200 2266 1220 2309 a
1231 2264 1304 2326 reo;
1322 2244 1357 2309 2⁰
1370 2250 1408 2311 ut

258 2346 420 2438 ejusmodi
432 2347 542 2438 petitio
557 2358 588 2415 et
600 2350 767 2440 responsio
782 2348 861 2417 fient
875 2350 910 2416 in
923 2350 1010 2441 jure,
1027 2348 1135 2436 idest,
1152 2372 1261 2418 coram
1273 2348 1404 2440 judice3

262 2458 293 2521 3⁰
308 2465 343 2522 ut
358 2456 524 2546 responsio
539 2455 595 2522 fiat
608 2476 685 2522 cnm
700 2455 809 2523 animo
823 2455 972 2545 litigandi
986 2458 1045 2548 (i).
1501 2446 1502 2455 ¹

305 2563 357 2629 An
371 2572 402 2629 et
415 2563 577 2651 quomodo
591 2561 679 2630 notio
694 2561 766 2629 haec
777 2562 938 2631 criminali
949 2563 1047 2633 etiam
1062 2563 1226 2654 processui
1240 2564 1281 2630 sit
1294 2562 1406 2653 appli-
1501 2616 1502 2643 ,

261 2667 385 2752 rabilis,
400 2689 478 2735 mox
491 2668 726 2759 expendemus.

305 2776 448 2857 Qunsrio
478 2778 524 2841 2².
551 2813 597 2825 —
630 2777 746 2843 Utrum
761 2778 953 2844 contestatio
976 2776 1043 2844 titis
1066 2778 1107 2845 sit
1123 2778 1157 2845 in
1171 2778 1262 2844 omni
1270 2774 1404 2867 judicio

260 2882 459 2950 neccssaria?
474 2918 518 2931 -
531 2881 722 2950 Referemus
738 2882 790 2950 hic
806 2883 912 2974 primo
925 2883 1073 2972 regulam
1089 2884 1274 2973 generalem
1289 2905 1308 2950 a
1324 2883 1405 2951 doc·
1501 2908 1502 2977 j

209 3039 213 3050 .
262 2990 386 3058 toribus
412 2996 572 3080 receptam
579 3015 588 3075 ;
619 2992 761 3057 secundo
786 2988 990 3080 exceptiones
1016 2989 1059 3057 ad
1073 2989 1220 3058 eamdem
1235 2989 1401 3078 regulam
1501 3008 1502 3021 ¹

261 3098 353 3165 tertio
365 3096 593 3165 adnotabimus
605 3118 671 3162 non
685 3095 822 3186 liquere,
839 3118 918 3163 num
932 3118 1005 3164 eam
1021 3096 1170 3186 ιθςιιίιιιι
1183 3097 1223 3164 de
1238 3096 1403 3163 criminali
1501 3166 1502 3181 ,

262 3203 358 3270 etiem
369 3202 492 3293 jndicio
507 3201 704 3291 intelligant.
1501 3268 1502 3275 ,

304 3311 330 3377 Ι.
349 3312 473 3399 liepala
487 3308 645 3400 pecoralis
660 3308 876 3376 comacuniter
889 3308 1045 3378 admissa.
1070 3348 1114 3363 --
1144 3336 1162 3375 a
1176 3312 1229 3377 An
1244 3308 1310 3378 litis
1323 3330 1403 3376 con-
1501 3286 1502 3381 l

266 3447 283 3483 a
305 3418 431 3487 testatio
446 3418 630 3507 requiratur
644 3414 685 3483 ad
702 3414 916 3484 substantiam
936 3414 1076 3507 judiciii
1101 3416 1294 3508 Respondeo
1312 3414 1406 3483 affir-
1501 3424 1502 3447 ¹

266 3554 282 3591 a
306 3525 445 3602 motivc;
477 3532 508 3589 et
538 3522 669 3613 quidem
699 3522 779 3591 adeo
804 3532 853 3610 ut,
884 3546 922 3591 ea
946 3526 1177 3615 praetermissa,
1210 3523 1405 3613 regulariter
1501 3584 1502 3627 ,

267 3661 282 3697 e
306 3628 467 3724 loquendo
495 3638 582 3697 totus
606 3652 775 3720 processus
801 3630 842 3697 sit
863 3630 978 3699 irritus
993 3640 1024 3699 et
1049 3639 1280 3723 consequenter
1305 3630 1405 3699 etiam
1501 3644 1502 3701 t

294 3889 326 3948 ti)
336 3882 484 3935 Derivetsm
496 3882 687 3932 contestationis
701 3893 794 3930 rocem
807 3880 868 3931 inde
882 3880 1000 3931 nonnulli
1015 3882 1113 3944 volunt,
1125 3882 1264 3947 quodolim
1275 3883 1345 3946 apud
1354 3884 1405 3933 lto·

263 3980 363 4026 munos,
375 3970 511 4029 antequam
521 3965 593 4013 certa
603 3961 662 4026 lege
669 3960 808 4025 J‘udieieria
818 3974 861 4011 res
872 3961 1044 4024 ordinaretur,
1054 3964 1169 4013 solerent
1180 3962 1310 4027 litigantes
1324 3965 1404 4015 ambo

264 4059 324 4096 euos
333 4046 440 4110 quisque
449 4046 528 4094 testes
537 4056 626 4092 secum
638 4041 777 4105 adducere,
787 4042 900 4106 ipsisque
910 4054 998 4092 coram
1006 4041 1095 4107 judice
1108 4044 1234 4093 stantibus
1247 4042 1344 4105 dicere,
1356 4048 1404 4093 ter-

265 4131 301 4174 tes
314 4130 401 4175 estote.
412 4126 484 4186 Quod
498 4136 559 4174 cum
567 4122 594 4172 in
607 4122 805 4173 desuetudinem
818 4123 931 4184 abiisset,
941 4127 1042 4172 retenta
1055 4136 1104 4170 rox
1118 4126 1157 4173 est
1171 4124 1204 4173 ed
1215 4123 1402 4187 designandam
1501 4134 1502 4173 ;

264 4206 358 4258 actoris
371 4208 533 4269 petitionem,
547 4209 573 4254 et
588 4203 626 4253 rei
642 4204 837 4267 responsionem
850 4216 938 4253 coram
947 4202 1035 4267 judice
1049 4202 1150 4253 lactem
