3050 4984
541 528 614 575 raas
641 504 789 576 emurnass
1168 510 1228 575 329

87 666 225 737 scopum
235 646 550 739 cntra-judicialiter
559 647 732 740 procedere
740 672 994 741 ecqnacnmqnc
1004 670 1117 734 consu,
1128 652 1230 720 etium

87 754 131 823 od
145 755 309 823 occultum
323 754 446 823 crimen
459 755 525 843 (ubi
542 776 607 825 vox
619 756 720 825 etiem
733 763 844 847 aperte
858 758 1014 850 supponit
1028 758 1063 825 id
1079 782 1134 829 eos
1146 781 1228 850 quo·

86 883 154 951 que
169 882 262 953 posse
283 860 413 953 quando
436 862 559 930 crimen
581 884 648 930 non
671 870 719 931 est
738 863 926 954 oecultum),
950 864 1132 933 concedunt
1154 866 1230 955 qui-

87 967 165 1035 dem
186 990 239 1037 aas
261 990 355 1037 voces
374 966 599 1057 intelligendas
619 990 699 1055 esse,
718 990 785 1039 non
800 978 926 1039 tantum
948 971 989 1040 de
1010 972 1228 1064 prohibitione

86 1074 131 1141 ab
149 1096 283 1143 ascensu
305 1073 345 1143 ad
361 1075 505 1162 ordines,
521 1075 576 1143 sed
595 1076 693 1145 etiam
710 1077 750 1144 de
770 1078 980 1167 suspensione
995 1078 1036 1145 ab
1059 1078 1229 1147 ordinibus

83 1181 152 1271 jam
169 1181 313 1272 receptis,
334 1202 461 1250 necnon
475 1204 494 1249 a
509 1182 738 1272 dignitatibus,
758 1182 916 1271 gradibus
930 1192 962 1252 et
980 1183 1106 1271 officiis,
1130 1195 1228 1275 prout

86 1310 240 1379 expresse
260 1288 293 1355 id
319 1288 480 1358 multoties
500 1289 675 1359 declaravit
697 1288 798 1359 Sacra
818 1291 1035 1379 Congregatio
1056 1292 1191 1359 Concilii
1217 1318 1224 1359 :

87 1394 143 1462 sed
162 1394 276 1463 dicunt
292 1395 420 1463 easdem
437 1418 531 1463 voces
547 1418 617 1465 esse
633 1396 728 1488 juxta
748 1398 947 1487 exigentiam
966 1398 1109 1466 materiae
1130 1398 1226 1466 intel·

84 1501 245 1591 ligandas.
271 1502 362 1571 Sicut
383 1525 499 1595 nempe
522 1504 637 1593 (aiunt)
661 1527 755 1574 voces
779 1528 1172 1598 aequanimitatem,
1197 1508 1224 1574 si

85 1615 203 1695 agatur
225 1606 264 1675 de
284 1608 483 1678 recusatione
507 1608 735 1695 ordinationis,
758 1610 978 1700 intelligendae
992 1619 1069 1679 sunt
1086 1610 1126 1679 de
1144 1635 1225 1703 qua·

84 1736 225 1805 cumque
245 1738 341 1783 causa
358 1716 458 1806 justa,
478 1716 574 1786 etiarn
591 1738 657 1785 non
681 1719 862 1805 criminali;
881 1719 909 1787 si
927 1727 1035 1788 autem
1049 1728 1165 1809 agatur
1184 1720 1224 1789 de

84 1822 296 1912 suspensione
319 1842 339 1889 a
358 1824 494 1913 receptis
514 1822 701 1909 ordinibus,
720 1824 938 1914 intelligendas
959 1834 1036 1894 sunt
1055 1825 1225 1895 dumtaxat

83 1928 125 1995 de
146 1928 252 1997 causis
271 1928 493 1997 criminalibus
512 1956 519 1997 ι
535 1931 580 1997 ita
603 1952 698 1999 voces
717 1932 819 1999 ctiam
841 1932 881 2001 ob
901 1933 1065 2000 occultum
1087 1934 1220 2013 crimen,

82 2034 192 2126 quoad
216 2035 357 2127 priorem
380 2036 546 2105 materiam
568 2038 618 2127 (de
643 2039 858 2129 prohibitione
882 2040 923 2107 ab
944 2062 1079 2108 ascensu
1100 2038 1142 2107 ad
1164 2062 1224 2109 or-

82 2142 186 2230 dines)
212 2143 357 2231 rigorose
377 2143 573 2235 accipiendae
596 2154 684 2231 sunt,
702 2154 734 2215 et
755 2146 1013 2238 complectuntur
1033 2148 1131 2214 etiam
1153 2148 1222 2215 cri-

81 2250 173 2317 mina
196 2250 330 2341 publica
356 2251 494 2344 :quoad
517 2252 728 2341 posteriorem
750 2261 860 2321 autem
887 2254 1055 2322 materiam
1081 2253 1222 2346 (quando

80 2377 198 2446 nempe
212 2357 320 2444 agitur
334 2357 374 2425 de
394 2358 603 2449 suspensione
618 2359 659 2427 ab
674 2357 847 2428 ordinibus
857 2360 925 2449 jam
945 2360 1107 2450 receptis),
1123 2359 1221 2427 intel-

80 2462 223 2551 ligendae
236 2470 312 2531 snut
326 2464 419 2554 quasi
432 2464 556 2532 deesset
569 2487 633 2533 vox
646 2466 758 2546 ctiam,
773 2473 805 2532 et
818 2487 879 2555 pro
893 2488 971 2533 voca
985 2465 1083 2533 etiam
1096 2464 1222 2533 adesset

79 2592 146 2637 vox
174 2568 373 2653 dunctano&
395 2571 546 2659 exigente
565 2571 684 2639 scilicet
704 2570 976 2661 extra-judicialis
1000 2572 1221 2661 suspensionis

80 2684 198 2744 natura
212 2685 247 2744 ut
262 2698 326 2744 non
341 2677 398 2745 fiat
414 2677 475 2746 nisi
488 2678 529 2746 ob
545 2678 709 2746 occultum
724 2677 892 2746 delictum.

125 2783 190 2850 Sed
219 2781 431 2875 respondetur
464 2811 471 2850 :
498 2786 601 2873 gratis
630 2793 785 2875 tanquam
815 2793 939 2852 eertum
970 2785 1103 2875 ponitur
1137 2784 1219 2853 illud

78 2891 288 2982 principium,
302 2913 368 2959 non
382 2914 474 2983 posse
488 2891 655 2960 fulminari
667 2891 962 2981 extra-judicialem
973 2894 1218 2983 suspensionem

80 2997 143 3064 nisi
164 2998 199 3065 in
217 2996 369 3066 delictum
385 2998 568 3081 occultum,·
583 2998 661 3089 quia
679 2996 740 3065 hoc
759 3005 806 3064 est
821 2997 984 3088 ipsissima
1000 2999 1149 3088 quaestio.
1167 2999 1219 3066 Ex

79 3104 250 3195 principio,
266 3115 373 3173 autem
390 3105 511 3174 incerto
523 3106 718 3195 restringere
736 3103 917 3171 naturalem
935 3113 968 3172 et
978 3105 1218 3195 apertissimum

80 3218 186 3278 textus
198 3209 380 3279 Tridentini
401 3232 547 3297 sensum,
575 3210 656 3277 nihil
679 3208 769 3279 aliud
788 3219 836 3278 est
854 3232 952 3301 quam
968 3210 1172 3279 arbitrariam
1188 3222 1220 3280 et

80 3318 201 3385 nullius
211 3317 332 3385 valoris
346 3318 646 3410 interpretationem
663 3316 849 3386 obtrudere.

121 3424 192 3491 Non
209 3424 288 3491 alias
301 3446 375 3513 ego,
396 3433 515 3515 praeter
529 3424 726 3515 praemissas,
748 3424 888 3492 rationes
909 3422 1097 3513 dignoscere
1113 3426 1216 3516 potui,

79 3532 196 3621 quibus
216 3530 257 3598 nd
277 3552 386 3598 casum
409 3531 524 3599 occulti
539 3530 686 3599 criminis
698 3531 846 3599 restricta
866 3531 1021 3621 probetur
1040 3532 1218 3624 Episcopo-

79 3658 150 3704 rum
163 3636 469 3728 extra-judicialiter
483 3637 710 3727 suspensiones
725 3636 852 3704 ferendi
865 3645 1015 3727 potestas.

122 3744 175 3811 lll.
197 3744 361 3813 Probatur
381 3742 477 3811 tnesis
495 3755 619 3825 nostra,
641 3744 804 3836 Episcopo
825 3768 940 3837 nempe
956 3760 1135 3840 competere
1152 3772 1217 3841 po-

79 3861 224 3917 testatem
242 3849 561 3940 cetra-judiciclc'ter
574 3850 800 3942 suspendendi,
825 3852 860 3919 in
880 3875 959 3921 casu
975 3854 1076 3922 ctiam
1090 3855 1219 3946 publici

79 3958 231 4027 mininis.
262 3996 307 4009 -·
335 3958 522 4026 Dasumitur
550 3959 698 4050 probatio
724 3981 766 4027 ex
796 3960 868 4050 ipso
904 3960 1095 4031 Tridentino
1125 3972 1217 4031 textu

82 4064 159 4154 (cap.
180 4068 211 4149 1,
228 4086 305 4133 sess.
324 4066 379 4151 tt,
396 4064 435 4133 de
450 4066 547 4155 Bet).
566 4066 649 4134 Nam

125 4172 154 4235 1ο
167 4171 299 4240 Certum
320 4180 380 4256 est,
404 4180 470 4239 eta
490 4172 589 4241 Sacra
614 4173 872 4263 Congregatione
896 4174 1032 4243 Concilii
1047 4175 1168 4266 pluries
1184 4187 1216 4246 et

79 4277 234 4369 expressis
254 4277 401 4348 terminis
426 4278 473 4371 (ut
493 4302 592 4376 supra
611 4279 823 4374 ostendimus)
847 4279 1005 4368 decisum,
1029 4304 1123 4352 voces
1143 4285 1215 4356 illas
