3050 4984
519 535 593 579 uras
620 533 764 579 sacratur.
1146 510 1207 576 433

75 683 91 720 a
113 656 310 725 incestarum
334 655 520 746 nuptiarum
545 655 699 744 probrum
721 654 754 720 in
774 676 833 721 sua
857 652 980 721 familia
1001 675 1067 720 nou
1089 653 1207 720 tolera-

76 790 92 826 1
116 764 194 832 turi.

118 894 136 930 a
159 868 372 958 Proceditque
403 867 475 953 boc,
502 868 562 935 etsi
591 865 753 957 deponant
782 888 842 956 pro
876 866 1081 934 matrimonio
1109 867 1212 935 susti-

76 1001 92 1039 «
116 975 236 1060 nendo,
254 984 285 1042 et
299 984 411 1043 contra
429 982 634 1042 accusantem
655 972 734 1040 illud
753 983 907 1065 tanquam
927 972 1128 1058 invalidum;
1149 974 1211 1041 nisi

75 1108 91 1144 a
115 1091 269 1172 appareat
288 1080 375 1171 quod
400 1080 482 1149 alter
502 1080 763 1149 contrahentium
787 1080 910 1148 affectet
935 1078 1017 1147 illud
1041 1079 1213 1147 matrimo-

74 1215 91 1251 «
115 1188 228 1274 nium;
245 1187 353 1256 velex
372 1188 624 1256 circumstantiis
638 1187 861 1255 testimouium
876 1187 1009 1255 illorum
1027 1194 1211 1277 suspectum

74 1322 91 1360 u
114 1305 268 1386 appareat
283 1296 419 1363 arbitrio
432 1294 563 1386 judicis,
580 1303 617 1362 ut
625 1295 653 1362 si
666 1316 784 1386 sponsa
798 1304 884 1387 petat
895 1295 930 1361 in
944 1296 1054 1361 virum
1068 1293 1211 1385 aliquem

75 1429 91 1466 u
115 1425 151 1469 se
170 1401 373 1493 superiorem
392 1401 528 1486 divitiis,
552 1401 718 1469 nobilitate
802 1428 809 1468 :
832 1410 910 1468 tunc
929 1402 1019 1468 enirn
1039 1399 1080 1468 ad
1100 1400 1214 1467 testifi-

74 1536 91 1573 «
116 1507 258 1576 candum
284 1530 490 1599 nequequam
515 1516 592 1576 sunt
611 1506 804 1575 admittendi
825 1516 974 1598 parentes
997 1507 1049 1575 vel
1076 1529 1215 1574 consan-

74 1642 91 1681 α
115 1614 228 1705 guiuei
249 1616 321 1683 talis
340 1638 482 1706 sponsae,
503 1614 572 1682 sive
590 1623 756 1705 quaeratur
775 1615 814 1682 de
834 1614 1126 1703 consanguinitate,
1146 1615 1214 1682 sive

73 1750 91 1787 u
115 1724 156 1790 de
186 1730 352 1791 contractu
389 1722 606 1807 matrimonii,
638 1721 701 1788 nisi
734 1731 930 1789 concurrant
963 1721 1212 1789 circumstantiae

73 1854 91 1892 a
114 1838 250 1920 propter
262 1851 344 1918 quas
359 1827 581 1896 testimonium
599 1826 661 1895 tale
673 1826 874 1917 judicaretur
888 1848 954 1895 uon
969 1834 1165 1917 suspectum.

118 1963 137 2000 u
159 1936 377 2027 Repelluntur
393 1944 502 2003 autem
517 1958 537 2003 a
552 1934 735 2003 testimonio
755 1942 869 2002 contra
893 1934 1135 2001 matrimonium
1156 1934 1214 2002 di-

72 2068 90 2105 u
115 2042 231 2127 cendo,
254 2052 373 2133 praeter
392 2042 473 2109 alios
493 2041 624 2109 aliunde
643 2050 819 2132 suspectos,
845 2045 877 2107 1ο
900 2042 956 2131 qui
976 2040 1066 2108 adid
1089 2041 1212 2108 lacien-

72 2177 90 2214 α
115 2148 197 2217 dnm
220 2150 272 2217 vel
285 2148 502 2217 omittendum
518 2148 655 2240 pecunia
676 2149 887 2215 inducuntur.
911 2148 1033 2239 (Capite
1047 2148 1141 2217 Sicut
1157 2154 1212 2235 29,

72 2253 156 2321 ude
184 2252 327 2321 lectibus
353 2265 384 2321 ct
415 2253 538 2343 attest.)
566 2258 599 2319 2ο
626 2252 690 2333 Qui
714 2253 956 2338 testimonium,
988 2274 1054 2321 non
1083 2254 1215 2344 propria

72 2387 90 2425 a
114 2383 195 2428 voce
211 2371 402 2451 praesentes,
419 2360 475 2429 sed
494 2361 642 2427 absentes
662 2382 721 2450 per
740 2360 863 2427 litteras
885 2359 1066 2450 perbibent.
1091 2360 1214 2451 (Capite

72 2494 90 2533 «
113 2469 144 2536 Α
159 2466 297 2551 audiet,
310 2468 361 2535 tit.
382 2470 436 2554 18,
450 2466 556 2535 librit
572 2467 714 2553 Decret.;
732 2488 855 2535 canone
873 2469 974 2533 Testes
990 2469 1043 2553 15,
1059 2489 1165 2535 causae
1180 2474 1213 2555 3,

71 2600 89 2639 a
114 2598 150 2666 q.
189 2574 234 2663 9.)
272 2574 442 2664 Excipitur
470 2576 498 2641 si
526 2575 592 2640 sint
626 2595 774 2664 personae
808 2573 931 2641 nobiles
965 2582 997 2641 et
1029 2573 1211 2643 illustres...

71 2708 90 2745 u
117 2685 151 2748 3⁰
171 2681 235 2762 Qui
254 2682 495 2748 matrimonium
511 2690 640 2749 accusat
658 2689 689 2747 et
708 2691 797 2747 actor
812 2688 876 2760 est;
897 2702 939 2748 ex
958 2680 1103 2769 generali
1123 2683 1214 2773 prin-

70 2814 88 2852 «
113 2788 202 2877 cipio
219 2786 307 2878 quod
328 2810 393 2855 nou
417 2787 520 2877 possit
534 2787 621 2855 idem
641 2809 709 2853 esse
725 2787 824 2855 simul
848 2796 937 2855 actor
960 2796 991 2853 et
1017 2788 1117 2855 testis.
1147 2790 1215 2857 Ex-

70 2922 89 2960 «
113 2895 238 2985 cipitur
250 2894 278 2961 si
290 2892 392 2984 judex
407 2917 448 2961 ex
458 2892 563 2960 officio
578 2893 724 2984 inquirat
742 2920 749 2959 :
770 2893 829 2961 boc
845 2893 931 2960 enim
946 2916 1021 2961 casu
1037 2894 1135 2985 isqui
1151 2896 1214 2961 im-

70 3028 88 3067 «
112 3001 295 3093 pedimenti
310 3000 517 3068 denuntiator
532 3008 592 3086 est,
609 3000 650 3067 ad
671 3000 909 3067 testificandum
924 2999 964 3067 de
984 3000 1215 3091 impedimento

70 3107 306 3176 «admittitur.
331 3132 348 3171 »
379 3105 696 3195 (Schmalzgrueber,
722 3106 757 3172 in
784 3106 833 3173 tit.
862 3108 916 3191 18,
939 3104 1017 3173 libri
1035 3110 1052 3173 1
1070 3106 1212 3192 Decret,

66 3239 103 3285 n.
123 3219 169 3281 22
184 3223 216 3281 et
231 3213 314 3303 seq.)

113 3321 260 3403 Qurarro
278 3324 322 3387 6².
341 3358 386 3371 -
404 3319 578 3402 Quodnam
591 3320 634 3386 sit
648 3333 775 3411 tempus
793 3319 883 3387 intro
902 3319 999 3410 quod,
1018 3322 1076 3412 qui
1095 3322 1214 3390 matid-

65 3427 178 3497 mom'i
196 3427 385 3495 nullitatcm
403 3440 546 3507 conant,
568 3425 682 3493 audiri
700 3425 834 3494 debeat?
849 3464 892 3477 --
914 3453 931 3490 u
951 3428 1094 3497 Auditur
1116 3432 1213 3497 etiam

69 3562 88 3601 u
113 3543 189 3627 post
204 3538 245 3602 30
266 3534 318 3603 vel
338 3539 379 3601 40
396 3556 511 3619 annos,
533 3533 633 3601 modo
650 3544 777 3624 paratas
793 3532 999 3624 probationes
1013 3534 1138 3621 offerat,
1164 3536 1215 3603 vel

69 3670 89 3708 a
114 3642 196 3711 alias
207 3639 423 3732 suspicionem
436 3648 564 3730 purget.
581 3638 692 3730 Neque
703 3640 791 3707 euim
806 3639 1048 3707 matrimonium
1066 3640 1106 3707 ab
1121 3641 1213 3708 initio

68 3777 87 3815 e
113 3749 298 3817 invalidum
319 3756 425 3814 tractu
450 3746 606 3837 temporis
627 3746 841 3831 convalescit,
866 3754 923 3813 aut
945 3745 1106 3814 mediante
1126 3769 1212 3837 prae·

67 3884 87 3923 a
113 3856 289 3947 scriptione
303 3853 574 3945 impedimentum
592 3852 727 3919 tollitur.
741 3852 813 3920 lmo
828 3853 924 3920 datur
932 3853 1092 3922 accusatio
1101 3864 1213 3921 contra

67 3993 86 4030 a
112 3963 210 4049 illud,
227 3964 287 4031 etsi
307 3984 366 4053 pro
382 3961 491 4029 valore
512 3960 600 4027 illius
619 3960 777 4027 sententia
794 3958 858 4026 lata
872 3959 940 4050 jam
960 3970 1058 4047 esset3
1082 3963 1159 4053 quia
1179 3962 1213 4029 in

67 4099 86 4137 a
110 4070 323 4139 matrimonio
345 4068 502 4135 sententia
530 4089 699 4155 nunquam
723 4065 838 4133 transit
866 4067 901 4133 in
927 4089 995 4134 rem
1021 4067 1212 4157 judicatam.

67 4202 86 4241 u
112 4175 241 4264 (Capite
255 4176 361 4241 Lotor
377 4178 410 4257 7,
423 4172 464 4240 dc
479 4176 573 4240 Sent.
590 4186 621 4239 et
633 4171 770 4262 reject.)

118 4309 138 4345 u
163 4281 212 4348 Ex
232 4281 468 4371 quosequitur,
485 4279 685 4371 quodetiam
699 4280 818 4347 actioni
836 4282 887 4349 vel
908 4284 1102 4349 accusationi
1122 4308 1214 4375 prae-

234 4406 267 4453 11.
1018 4392 1058 4460 ⁶28
