<?xml version="1.0" encoding="UTF-8"?>
<!DOCTYPE html PUBLIC "-//W3C//DTD XHTML 1.0 Transitional//EN"
    "http://www.w3.org/TR/xhtml1/DTD/xhtml1-transitional.dtd">
<html xmlns="http://www.w3.org/1999/xhtml" xml:lang="en" lang="en">
 <head>
  <title>
</title>
<meta http-equiv="Content-Type" content="text/html;charset=utf-8" />
  <meta name='ocr-system' content='tesseract 3.04.00' />
  <meta name='ocr-capabilities' content='ocr_page ocr_carea ocr_par ocr_line ocrx_word'/>
</head>
<body>
  <div class='ocr_page' id='page_1' title='image "./tractatusdejudi00goog_0230.png"; bbox 0 0 3050 4984; ppageno 0'>
   <div class='ocr_carea' id='block_1_1' title="bbox 255 448 1026 517">
    <p class='ocr_par' dir='ltr' id='par_1_1' title="bbox 255 448 1026 517">
     <span class='ocr_line' id='line_1_1' title="bbox 255 448 1026 517; baseline 0.003 -4"><span class='ocrx_word' id='word_1_1' title='bbox 255 448 316 513; x_wconf 74' lang='lat'>222</span> <span class='ocrx_word' id='word_1_2' title='bbox 635 470 810 517; x_wconf 75' lang='lat' dir='ltr'>reucrurns</span> <span class='ocrx_word' id='word_1_3' title='bbox 832 472 870 516; x_wconf 85' lang='lat' dir='ltr'>oe</span> <span class='ocrx_word' id='word_1_4' title='bbox 893 470 1026 517; x_wconf 76' lang='lat' dir='ltr'>marcus.</span> 
     </span>
    </p>
   </div>
   <div class='ocr_carea' id='block_1_2' title="bbox 252 590 1400 898">
    <p class='ocr_par' dir='ltr' id='par_1_2' title="bbox 252 590 1400 898">
     <span class='ocr_line' id='line_1_2' title="bbox 253 590 1400 682; baseline 0.003 -25"><span class='ocrx_word' id='word_1_5' title='bbox 253 590 327 679; x_wconf 84' lang='lat' dir='ltr'>quis</span> <span class='ocrx_word' id='word_1_6' title='bbox 347 612 413 658; x_wconf 89' lang='lat' dir='ltr'>nou</span> <span class='ocrx_word' id='word_1_7' title='bbox 429 590 517 658; x_wconf 86' lang='lat' dir='ltr'>videt</span> <span class='ocrx_word' id='word_1_8' title='bbox 538 590 691 661; x_wconf 80' lang='lat' dir='ltr'>dedecere</span> <span class='ocrx_word' id='word_1_9' title='bbox 706 592 1031 682; x_wconf 78' lang='lat' dir='ltr'>contrectationem‘l)</span> <span class='ocrx_word' id='word_1_10' title='bbox 1052 620 1059 660; x_wconf 91' lang='lat'><strong>:</strong></span> <span class='ocrx_word' id='word_1_11' title='bbox 1079 600 1149 661; x_wconf 83' lang='lat' dir='ltr'>tum</span> <span class='ocrx_word' id='word_1_12' title='bbox 1169 593 1211 662; x_wconf 93' lang='lat' dir='ltr'>oh</span> <span class='ocrx_word' id='word_1_13' title='bbox 1226 592 1400 663; x_wconf 82' lang='lat' dir='ltr'>difficulta-</span> 
     </span>
     <span class='ocr_line' id='line_1_3' title="bbox 253 698 1400 795; baseline 0.005 -33"><span class='ocrx_word' id='word_1_14' title='bbox 253 705 317 763; x_wconf 88' lang='lat' dir='ltr'>tem</span> <span class='ocrx_word' id='word_1_15' title='bbox 332 706 416 764; x_wconf 87' lang='lat' dir='ltr'>recte</span> <span class='ocrx_word' id='word_1_16' title='bbox 429 698 622 789; x_wconf 78' lang='lat' dir='ltr'>peragendae</span> <span class='ocrx_word' id='word_1_17' title='bbox 637 699 827 789; x_wconf 85' lang='lat' dir='ltr'>hujusmodi</span> <span class='ocrx_word' id='word_1_18' title='bbox 842 701 1128 786; x_wconf 81' lang='lat' dir='ltr'>conlrootationis3</span> <span class='ocrx_word' id='word_1_19' title='bbox 1147 699 1236 769; x_wconf 86' lang='lat' dir='ltr'>unda</span> <span class='ocrx_word' id='word_1_20' title='bbox 1253 700 1400 795; x_wconf 87' lang='lat' dir='ltr'>pruden-</span> 
     </span>
     <span class='ocr_line' id='line_1_4' title="bbox 252 802 1394 898; baseline 0.003 -29"><span class='ocrx_word' id='word_1_21' title='bbox 252 810 302 870; x_wconf 89' lang='lat' dir='ltr'>ter</span> <span class='ocrx_word' id='word_1_22' title='bbox 327 802 545 893; x_wconf 76' lang='lat' dir='ltr'>pellegrinus,</span> <span class='ocrx_word' id='word_1_23' title='bbox 574 806 625 874; x_wconf 90' lang='lat' dir='ltr'>vir</span> <span class='ocrx_word' id='word_1_24' title='bbox 651 806 685 874; x_wconf 92' lang='lat' dir='ltr'>in</span> <span class='ocrx_word' id='word_1_25' title='bbox 715 807 764 875; x_wconf 88' lang='lat' dir='ltr'>rei</span> <span class='ocrx_word' id='word_1_26' title='bbox 784 806 967 898; x_wconf 78' lang='lat' dir='ltr'>judiciariae</span> <span class='ocrx_word' id='word_1_27' title='bbox 996 807 1091 898; x_wconf 85' lang='lat' dir='ltr'>praxi</span> <span class='ocrx_word' id='word_1_28' title='bbox 1118 807 1357 876; x_wconf 86' lang='lat' dir='ltr'>versatissimus</span> <span class='ocrx_word' id='word_1_29' title='bbox 1386 832 1394 871; x_wconf 78' lang='grc' dir='ltr'>ε</span> 
     </span>
    </p>
   </div>
   <div class='ocr_carea' id='block_1_3' title="bbox 258 910 1400 1005">
    <p class='ocr_par' dir='ltr' id='par_1_3' title="bbox 258 910 1400 1005">
     <span class='ocr_line' id='line_1_5' title="bbox 258 910 1400 1005; baseline 0.005 -30"><span class='ocrx_word' id='word_1_30' title='bbox 258 910 380 991; x_wconf 78' lang='lat' dir='ltr'>«Quia</span> <span class='ocrx_word' id='word_1_31' title='bbox 409 910 623 979; x_wconf 83' lang='lat' dir='ltr'>confrontatio</span> <span class='ocrx_word' id='word_1_32' title='bbox 649 912 787 1004; x_wconf 86' lang='lat' dir='ltr'>requirit</span> <span class='ocrx_word' id='word_1_33' title='bbox 815 935 967 1003; x_wconf 82' lang='lat' dir='ltr'>magnam</span> <span class='ocrx_word' id='word_1_34' title='bbox 995 913 1337 1005; x_wconf 74' lang='lat' dir='ltr'>circumspectionem,</span> <span class='ocrx_word' id='word_1_35' title='bbox 1366 923 1400 981; x_wconf 86' lang='lat' dir='ltr'>et</span> 
     </span>
    </p>
   </div>
   <div class='ocr_carea' id='block_1_4' title="bbox 256 1014 1514 1113">
    <p class='ocr_par' dir='ltr' id='par_1_4' title="bbox 256 1014 1514 1113">
     <span class='ocr_line' id='line_1_6' title="bbox 256 1014 1514 1113; baseline 0.005 -31"><span class='ocrx_word' id='word_1_36' title='bbox 256 1042 273 1082; x_wconf 83' lang='lat' dir='ltr'>c</span> <span class='ocrx_word' id='word_1_37' title='bbox 295 1014 467 1108; x_wconf 81' lang='lat' dir='ltr'>practicam</span> <span class='ocrx_word' id='word_1_38' title='bbox 486 1016 518 1083; x_wconf 94' lang='lat' dir='ltr'>in</span> <span class='ocrx_word' id='word_1_39' title='bbox 537 1017 606 1109; x_wconf 88' lang='lat' dir='ltr'>ipsa</span> <span class='ocrx_word' id='word_1_40' title='bbox 624 1018 704 1085; x_wconf 87' lang='lat' dir='ltr'>benc</span> <span class='ocrx_word' id='word_1_41' title='bbox 722 1016 881 1103; x_wconf 85' lang='lat' dir='ltr'>facienda,</span> <span class='ocrx_word' id='word_1_42' title='bbox 902 1041 963 1109; x_wconf 81' lang='lat' dir='ltr'>ego</span> <span class='ocrx_word' id='word_1_43' title='bbox 984 1042 1154 1113; x_wconf 89' lang='lat' dir='ltr'>nunquam</span> <span class='ocrx_word' id='word_1_44' title='bbox 1172 1019 1324 1106; x_wconf 84' lang='lat' dir='ltr'>lacerem,</span> <span class='ocrx_word' id='word_1_45' title='bbox 1345 1020 1398 1088; x_wconf 85' lang='lat' dir='ltr'>vel</span> <span class='ocrx_word' id='word_1_46' title='bbox 1513 1073 1514 1110; x_wconf 69' lang='lat'>,</span> 
     </span>
    </p>
   </div>
   <div class='ocr_carea' id='block_1_5' title="bbox 255 1122 1515 1323">
    <p class='ocr_par' dir='ltr' id='par_1_5' title="bbox 255 1117 1515 1323">
     <span class='ocr_line' id='line_1_7' title="bbox 257 1122 1515 1219; baseline 0.002 -30"><span class='ocrx_word' id='word_1_47' title='bbox 257 1150 273 1188; x_wconf 85' lang='lat' dir='ltr'>u</span> <span class='ocrx_word' id='word_1_48' title='bbox 296 1122 407 1191; x_wconf 89' lang='lat' dir='ltr'>saltem</span> <span class='ocrx_word' id='word_1_49' title='bbox 434 1123 474 1193; x_wconf 87' lang='lat' dir='ltr'>dc</span> <span class='ocrx_word' id='word_1_50' title='bbox 497 1146 584 1211; x_wconf 89' lang='lat' dir='ltr'>raro,</span> <span class='ocrx_word' id='word_1_51' title='bbox 616 1123 671 1193; x_wconf 89' lang='lat' dir='ltr'>scd</span> <span class='ocrx_word' id='word_1_52' title='bbox 697 1147 825 1217; x_wconf 84' lang='lat' dir='ltr'>semper</span> <span class='ocrx_word' id='word_1_53' title='bbox 847 1148 995 1195; x_wconf 77' lang='lat' dir='ltr'>curarem</span> <span class='ocrx_word' id='word_1_54' title='bbox 1022 1127 1096 1195; x_wconf 88' lang='lat' dir='ltr'>fieri</span> <span class='ocrx_word' id='word_1_55' title='bbox 1118 1127 1353 1219; x_wconf 85' lang='lat' dir='ltr'>repetitionem.</span> <span class='ocrx_word' id='word_1_56' title='bbox 1376 1153 1396 1192; x_wconf 69' lang='lat' dir='ltr'>r</span> <span class='ocrx_word' id='word_1_57' title='bbox 1513 1161 1515 1186; x_wconf 56' lang='lat' dir='ltr'>i</span> 
     </span>
     <span class='ocr_line' id='line_1_8' title="bbox 255 1231 1514 1323; baseline 0.005 -25"><span class='ocrx_word' id='word_1_58' title='bbox 255 1231 360 1321; x_wconf 74' lang='lat' dir='ltr'>(Parte</span> <span class='ocrx_word' id='word_1_59' title='bbox 377 1236 409 1315; x_wconf 75' lang='lat' dir='ltr'>l,</span> <span class='ocrx_word' id='word_1_60' title='bbox 424 1239 500 1299; x_wconf 87' lang='lat' dir='ltr'>sect.</span> <span class='ocrx_word' id='word_1_61' title='bbox 521 1237 555 1319; x_wconf 75' lang='lat'>9,</span> <span class='ocrx_word' id='word_1_62' title='bbox 571 1254 593 1299; x_wconf 94' lang='lat' dir='ltr'>n</span> <span class='ocrx_word' id='word_1_63' title='bbox 611 1232 682 1323; x_wconf 74' lang='lat' dir='ltr'>dt.)</span> <span class='ocrx_word' id='word_1_64' title='bbox 1513 1237 1514 1248; x_wconf 75' lang='grc'>’</span> 
     </span>
    </p>
   </div>
   <div class='ocr_carea' id='block_1_6' title="bbox 296 1338 1398 1429">
    <p class='ocr_par' dir='ltr' id='par_1_6' title="bbox 296 1295 1514 1430">
     <span class='ocr_line' id='line_1_9' title="bbox 296 1338 1398 1429; baseline 0.005 -23"><span class='ocrx_word' id='word_1_65' title='bbox 296 1338 483 1407; x_wconf 79' lang='lat' dir='ltr'>Formulam</span> <span class='ocrx_word' id='word_1_66' title='bbox 498 1347 606 1406; x_wconf 85' lang='lat' dir='ltr'>autern</span> <span class='ocrx_word' id='word_1_67' title='bbox 623 1340 819 1429; x_wconf 72' lang='lat' dir='ltr'>peragenda</span> <span class='ocrx_word' id='word_1_68' title='bbox 834 1341 1120 1429; x_wconf 80' lang='lat' dir='ltr'>conlrontetionia,</span> <span class='ocrx_word' id='word_1_69' title='bbox 1140 1343 1338 1411; x_wconf 83' lang='lat' dir='ltr'>siomissam</span> <span class='ocrx_word' id='word_1_70' title='bbox 1361 1342 1398 1411; x_wconf 90' lang='lat' dir='ltr'>in</span> 
     </span>
    </p>
   </div>
   <div class='ocr_carea' id='block_1_7' title="bbox 253 1445 1514 1543">
    <p class='ocr_par' dir='ltr' id='par_1_7' title="bbox 253 1445 1514 1543">
     <span class='ocr_line' id='line_1_10' title="bbox 253 1445 1514 1543; baseline 0.002 -30"><span class='ocrx_word' id='word_1_71' title='bbox 253 1460 363 1515; x_wconf 89' lang='lat' dir='ltr'>nostro</span> <span class='ocrx_word' id='word_1_72' title='bbox 385 1445 575 1513; x_wconf 78' lang='lat' dir='ltr'>formulario</span> <span class='ocrx_word' id='word_1_73' title='bbox 594 1446 771 1531; x_wconf 86' lang='lat' dir='ltr'>desideres,</span> <span class='ocrx_word' id='word_1_74' title='bbox 793 1448 909 1540; x_wconf 89' lang='lat' dir='ltr'>supple</span> <span class='ocrx_word' id='word_1_75' title='bbox 929 1472 971 1517; x_wconf 84' lang='lat' dir='ltr'>ex</span> <span class='ocrx_word' id='word_1_76' title='bbox 992 1448 1105 1519; x_wconf 88' lang='lat' dir='ltr'>eodem</span> <span class='ocrx_word' id='word_1_77' title='bbox 1126 1448 1325 1541; x_wconf 76' lang='lat' dir='ltr'>Pellegrino,</span> <span class='ocrx_word' id='word_1_78' title='bbox 1339 1451 1400 1543; x_wconf 82' lang='lat' dir='ltr'>qni</span> <span class='ocrx_word' id='word_1_79' title='bbox 1513 1451 1514 1490; x_wconf 69' lang='lat'><em>³</em></span> 
     </span>
    </p>
   </div>
   <div class='ocr_carea' id='block_1_8' title="bbox 252 1554 1400 1749">
    <p class='ocr_par' dir='ltr' id='par_1_8' title="bbox 252 1554 1400 1749">
     <span class='ocr_line' id='line_1_11' title="bbox 252 1554 1400 1649; baseline 0.003 -28"><span class='ocrx_word' id='word_1_80' title='bbox 252 1576 323 1621; x_wconf 85' lang='lat' dir='ltr'>eam</span> <span class='ocrx_word' id='word_1_81' title='bbox 340 1575 397 1644; x_wconf 87' lang='lat' dir='ltr'>per</span> <span class='ocrx_word' id='word_1_82' title='bbox 415 1562 584 1620; x_wconf 85' lang='lat' dir='ltr'>extensum</span> <span class='ocrx_word' id='word_1_83' title='bbox 605 1554 713 1621; x_wconf 87' lang='lat' dir='ltr'>tradit.</span> <span class='ocrx_word' id='word_1_84' title='bbox 735 1555 842 1643; x_wconf 81' lang='lat' dir='ltr'>(Parte</span> <span class='ocrx_word' id='word_1_85' title='bbox 858 1560 891 1642; x_wconf 85' lang='lat' dir='ltr'>l,</span> <span class='ocrx_word' id='word_1_86' title='bbox 908 1558 1048 1625; x_wconf 86' lang='lat' dir='ltr'>sectione</span> <span class='ocrx_word' id='word_1_87' title='bbox 1066 1562 1099 1645; x_wconf 85' lang='grc'>9,</span> <span class='ocrx_word' id='word_1_88' title='bbox 1118 1580 1152 1626; x_wconf 91' lang='lat' dir='ltr'>n.</span> <span class='ocrx_word' id='word_1_89' title='bbox 1170 1563 1189 1625; x_wconf 87' lang='grc'>9</span> <span class='ocrx_word' id='word_1_90' title='bbox 1206 1566 1238 1627; x_wconf 90' lang='lat' dir='ltr'>et</span> <span class='ocrx_word' id='word_1_91' title='bbox 1257 1580 1400 1649; x_wconf 65' lang='lat' dir='ltr'>sequen</span> 
     </span>
     <span class='ocr_line' id='line_1_12' title="bbox 254 1661 364 1749; baseline 0 -22"><span class='ocrx_word' id='word_1_92' title='bbox 254 1661 364 1749; x_wconf 84' lang='lat' dir='ltr'>tibus.)</span> 
     </span>
    </p>
   </div>
   <div class='ocr_carea' id='block_1_9' title="bbox 255 1803 1400 2087">
    <p class='ocr_par' dir='ltr' id='par_1_9' title="bbox 255 1803 1400 2087">
     <span class='ocr_line' id='line_1_13' title="bbox 297 1803 1400 1901; baseline 0.001 -26"><span class='ocrx_word' id='word_1_93' title='bbox 297 1808 396 1876; x_wconf 79' lang='lat' dir='ltr'>Nota.</span> <span class='ocrx_word' id='word_1_94' title='bbox 423 1803 627 1885; x_wconf 85' lang='lat' dir='ltr'>—Quando</span> <span class='ocrx_word' id='word_1_95' title='bbox 650 1804 686 1873; x_wconf 90' lang='lat' dir='ltr'>lit</span> <span class='ocrx_word' id='word_1_96' title='bbox 710 1806 926 1875; x_wconf 81' lang='lat' dir='ltr'>confrontatio</span> <span class='ocrx_word' id='word_1_97' title='bbox 955 1809 1106 1894; x_wconf 90' lang='lat' dir='ltr'>testium,</span> <span class='ocrx_word' id='word_1_98' title='bbox 1137 1808 1243 1878; x_wconf 89' lang='lat' dir='ltr'>locum</span> <span class='ocrx_word' id='word_1_99' title='bbox 1267 1809 1400 1901; x_wconf 87' lang='lat' dir='ltr'>supplet</span> 
     </span>
     <span class='ocr_line' id='line_1_14' title="bbox 255 1910 1397 2005; baseline 0.002 -24"><span class='ocrx_word' id='word_1_100' title='bbox 255 1910 454 2003; x_wconf 87' lang='lat' dir='ltr'>repetitionis</span> <span class='ocrx_word' id='word_1_101' title='bbox 479 1910 686 1996; x_wconf 81' lang='lat' dir='ltr'>eorumdem3</span> <span class='ocrx_word' id='word_1_102' title='bbox 709 1934 746 1980; x_wconf 87' lang='lat' dir='ltr'>ac</span> <span class='ocrx_word' id='word_1_103' title='bbox 767 1912 904 2003; x_wconf 88' lang='lat' dir='ltr'>proinde</span> <span class='ocrx_word' id='word_1_104' title='bbox 924 1914 1071 2005; x_wconf 88' lang='lat' dir='ltr'>repetitio</span> <span class='ocrx_word' id='word_1_105' title='bbox 1088 1924 1165 1983; x_wconf 85' lang='lat' dir='ltr'>tuno</span> <span class='ocrx_word' id='word_1_106' title='bbox 1186 1938 1251 1984; x_wconf 89' lang='lat' dir='ltr'>non</span> <span class='ocrx_word' id='word_1_107' title='bbox 1275 1923 1323 1985; x_wconf 88' lang='lat' dir='ltr'>est</span> <span class='ocrx_word' id='word_1_108' title='bbox 1346 1916 1397 1983; x_wconf 82' lang='lat' dir='ltr'>fa·</span> 
     </span>
     <span class='ocr_line' id='line_1_15' title="bbox 255 2018 379 2087; baseline -0.016 0"><span class='ocrx_word' id='word_1_109' title='bbox 255 2018 379 2087; x_wconf 89' lang='lat' dir='ltr'>cienda.</span> 
     </span>
    </p>
   </div>
   <div class='ocr_carea' id='block_1_10' title="bbox 707 2280 944 2352">
    <p class='ocr_par' dir='ltr' id='par_1_10' title="bbox 707 2280 944 2352">
     <span class='ocr_line' id='line_1_16' title="bbox 707 2280 944 2352; baseline -0.008 -1"><span class='ocrx_word' id='word_1_110' title='bbox 707 2280 850 2352; x_wconf 81' lang='lat' dir='ltr'>CAPUT</span> <span class='ocrx_word' id='word_1_111' title='bbox 886 2281 944 2349; x_wconf 85' lang='lat' dir='ltr'>IX.</span> 
     </span>
    </p>
   </div>
   <div class='ocr_carea' id='block_1_11' title="bbox 322 2499 1330 2665">
    <p class='ocr_par' dir='ltr' id='par_1_11' title="bbox 322 2499 1330 2665">
     <span class='ocr_line' id='line_1_17' title="bbox 322 2499 1330 2563; baseline -0.001 -16"><span class='ocrx_word' id='word_1_112' title='bbox 322 2504 360 2547; x_wconf 78' lang='lat' dir='ltr'>ott</span> <span class='ocrx_word' id='word_1_113' title='bbox 382 2501 538 2549; x_wconf 75' lang='lat' dir='ltr'>uaricuuts</span> <span class='ocrx_word' id='word_1_114' title='bbox 560 2500 753 2547; x_wconf 71' lang='lat' dir='ltr'><strong>DEFBNSORUS</strong></span> <span class='ocrx_word' id='word_1_115' title='bbox 777 2501 832 2547; x_wconf 79' lang='lat' dir='ltr'>SEU</span> <span class='ocrx_word' id='word_1_116' title='bbox 854 2502 893 2547; x_wconf 82' lang='lat' dir='ltr'>ult</span> <span class='ocrx_word' id='word_1_117' title='bbox 915 2500 1062 2547; x_wconf 75' lang='lat' dir='ltr'>uaocusuu</span> <span class='ocrx_word' id='word_1_118' title='bbox 1086 2499 1266 2563; x_wconf 74' lang='lat' dir='ltr'>DssffllSlVss,</span> <span class='ocrx_word' id='word_1_119' title='bbox 1291 2500 1330 2546; x_wconf 68' lang='lat' dir='ltr'>tr</span> 
     </span>
     <span class='ocr_line' id='line_1_18' title="bbox 540 2608 1108 2665; baseline -0.002 -11"><span class='ocrx_word' id='word_1_120' title='bbox 540 2608 685 2665; x_wconf 71' lang='lat' dir='ltr'>Quouono</span> <span class='ocrx_word' id='word_1_121' title='bbox 708 2608 871 2654; x_wconf 68' lang='lat' dir='ltr'>PROCRSSUB</span> <span class='ocrx_word' id='word_1_122' title='bbox 892 2609 943 2654; x_wconf 81' lang='lat' dir='ltr'>mc</span> <span class='ocrx_word' id='word_1_123' title='bbox 966 2608 1108 2655; x_wconf 69' lang='lat' dir='ltr'>ultuma</span> 
     </span>
    </p>
   </div>
   <div class='ocr_carea' id='block_1_12' title="bbox 249 2834 1397 4211">
    <p class='ocr_par' dir='ltr' id='par_1_12' title="bbox 249 2834 1397 3137">
     <span class='ocr_line' id='line_1_19' title="bbox 249 2834 1393 2927; baseline -0.005 -18"><span class='ocrx_word' id='word_1_124' title='bbox 249 2896 253 2909; x_wconf 92' lang='lat'><strong>.</strong></span> <span class='ocrx_word' id='word_1_125' title='bbox 301 2843 331 2905; x_wconf 84' lang='lat'>1.</span> <span class='ocrx_word' id='word_1_126' title='bbox 346 2838 406 2905; x_wconf 80' lang='lat' dir='ltr'>lus</span> <span class='ocrx_word' id='word_1_127' title='bbox 424 2858 493 2904; x_wconf 89' lang='lat' dir='ltr'>sese</span> <span class='ocrx_word' id='word_1_128' title='bbox 512 2835 719 2924; x_wconf 81' lang='lat' dir='ltr'>defendendi,</span> <span class='ocrx_word' id='word_1_129' title='bbox 744 2860 810 2906; x_wconf 89' lang='lat' dir='ltr'>uon</span> <span class='ocrx_word' id='word_1_130' title='bbox 826 2838 970 2907; x_wconf 89' lang='lat' dir='ltr'>humana</span> <span class='ocrx_word' id='word_1_131' title='bbox 986 2846 1112 2906; x_wconf 87' lang='lat' dir='ltr'>tantum</span> <span class='ocrx_word' id='word_1_132' title='bbox 1127 2844 1159 2904; x_wconf 92' lang='lat' dir='ltr'>et</span> <span class='ocrx_word' id='word_1_133' title='bbox 1173 2834 1312 2927; x_wconf 80' lang='lat' dir='ltr'>positiva</span> <span class='ocrx_word' id='word_1_134' title='bbox 1325 2834 1393 2922; x_wconf 85' lang='lat' dir='ltr'>lex,</span> 
     </span>
     <span class='ocr_line' id='line_1_20' title="bbox 253 2942 1397 3033; baseline -0.003 -20"><span class='ocrx_word' id='word_1_135' title='bbox 253 2946 308 3013; x_wconf 88' lang='lat' dir='ltr'>sed</span> <span class='ocrx_word' id='word_1_136' title='bbox 333 2942 491 3031; x_wconf 78' lang='lat' dir='ltr'>naturalis</span> <span class='ocrx_word' id='word_1_137' title='bbox 515 2943 611 3011; x_wconf 87' lang='lat' dir='ltr'>etiam</span> <span class='ocrx_word' id='word_1_138' title='bbox 636 2952 668 3010; x_wconf 88' lang='lat' dir='ltr'>et</span> <span class='ocrx_word' id='word_1_139' title='bbox 691 2942 802 3012; x_wconf 86' lang='lat' dir='ltr'>diviua</span> <span class='ocrx_word' id='word_1_140' title='bbox 827 2968 882 3014; x_wconf 90' lang='lat' dir='ltr'>reo</span> <span class='ocrx_word' id='word_1_141' title='bbox 903 2944 1063 3013; x_wconf 88' lang='lat' dir='ltr'>tribuunt.</span> <span class='ocrx_word' id='word_1_142' title='bbox 1090 2944 1127 3011; x_wconf 92' lang='lat' dir='ltr'>ln</span> <span class='ocrx_word' id='word_1_143' title='bbox 1150 2966 1216 3033; x_wconf 86' lang='lat' dir='ltr'>qno</span> <span class='ocrx_word' id='word_1_144' title='bbox 1239 2942 1397 3011; x_wconf 89' lang='lat' dir='ltr'>demons-</span> 
     </span>
     <span class='ocr_line' id='line_1_21' title="bbox 252 3050 1279 3137; baseline -0.004 -17"><span class='ocrx_word' id='word_1_145' title='bbox 252 3051 380 3136; x_wconf 89' lang='lat' dir='ltr'>trando,</span> <span class='ocrx_word' id='word_1_146' title='bbox 397 3072 472 3118; x_wconf 84' lang='lat' dir='ltr'>eum</span> <span class='ocrx_word' id='word_1_147' title='bbox 486 3059 580 3119; x_wconf 85' lang='lat' dir='ltr'>extra</span> <span class='ocrx_word' id='word_1_148' title='bbox 597 3050 851 3119; x_wconf 86' lang='lat' dir='ltr'>controversiam</span> <span class='ocrx_word' id='word_1_149' title='bbox 866 3052 921 3137; x_wconf 90' lang='lat' dir='ltr'>sit,</span> <span class='ocrx_word' id='word_1_150' title='bbox 936 3073 1002 3119; x_wconf 90' lang='lat' dir='ltr'>nou</span> <span class='ocrx_word' id='word_1_151' title='bbox 1017 3050 1279 3119; x_wconf 88' lang='lat' dir='ltr'>immorabimur.</span> 
     </span>
    </p>

    <p class='ocr_par' dir='ltr' id='par_1_13' title="bbox 252 3156 1394 3569">
     <span class='ocr_line' id='line_1_22' title="bbox 298 3156 1394 3250; baseline -0.003 -24"><span class='ocrx_word' id='word_1_152' title='bbox 298 3166 330 3227; x_wconf 85' lang='lat'>2.</span> <span class='ocrx_word' id='word_1_153' title='bbox 353 3158 436 3225; x_wconf 86' lang='lat' dir='ltr'>Hinc</span> <span class='ocrx_word' id='word_1_154' title='bbox 449 3157 504 3248; x_wconf 84' lang='lat' dir='ltr'>jus</span> <span class='ocrx_word' id='word_1_155' title='bbox 519 3156 616 3225; x_wconf 89' lang='lat' dir='ltr'>habet</span> <span class='ocrx_word' id='word_1_156' title='bbox 630 3178 706 3225; x_wconf 87' lang='lat' dir='ltr'>reus</span> <span class='ocrx_word' id='word_1_157' title='bbox 722 3167 758 3225; x_wconf 92' lang='lat' dir='ltr'>ut</span> <span class='ocrx_word' id='word_1_158' title='bbox 774 3157 879 3249; x_wconf 83' lang='lat' dir='ltr'>judex</span> <span class='ocrx_word' id='word_1_159' title='bbox 901 3157 1053 3250; x_wconf 86' lang='lat' dir='ltr'>procedat</span> <span class='ocrx_word' id='word_1_160' title='bbox 1067 3157 1108 3225; x_wconf 89' lang='lat' dir='ltr'>ad</span> <span class='ocrx_word' id='word_1_161' title='bbox 1122 3178 1259 3226; x_wconf 80' lang='lat' dir='ltr'>examen</span> <span class='ocrx_word' id='word_1_162' title='bbox 1278 3178 1394 3224; x_wconf 87' lang='lat' dir='ltr'>eorum</span> 
     </span>
     <span class='ocr_line' id='line_1_23' title="bbox 253 3262 1393 3353; baseline -0.007 -16"><span class='ocrx_word' id='word_1_163' title='bbox 253 3268 417 3351; x_wconf 91' lang='lat' dir='ltr'>omnium,</span> <span class='ocrx_word' id='word_1_164' title='bbox 441 3284 515 3353; x_wconf 84' lang='lat' dir='ltr'>quae</span> <span class='ocrx_word' id='word_1_165' title='bbox 537 3264 570 3330; x_wconf 91' lang='lat' dir='ltr'>in</span> <span class='ocrx_word' id='word_1_166' title='bbox 591 3264 642 3331; x_wconf 90' lang='lat' dir='ltr'>sui</span> <span class='ocrx_word' id='word_1_167' title='bbox 662 3262 883 3331; x_wconf 81' lang='lat' dir='ltr'>defensionem</span> <span class='ocrx_word' id='word_1_168' title='bbox 903 3263 1019 3333; x_wconf 80' lang='lat' dir='ltr'>afferre</span> <span class='ocrx_word' id='word_1_169' title='bbox 1043 3263 1194 3333; x_wconf 81' lang='lat' dir='ltr'>voluerit.</span> <span class='ocrx_word' id='word_1_170' title='bbox 1219 3263 1264 3331; x_wconf 92' lang='lat' dir='ltr'>Ut</span> <span class='ocrx_word' id='word_1_171' title='bbox 1284 3270 1393 3330; x_wconf 88' lang='lat' dir='ltr'>autem</span> 
     </span>
     <span class='ocr_line' id='line_1_24' title="bbox 252 3369 1392 3474; baseline -0.01 -26"><span class='ocrx_word' id='word_1_172' title='bbox 252 3380 352 3474; x_wconf 89' lang='lat' dir='ltr'>possit</span> <span class='ocrx_word' id='word_1_173' title='bbox 378 3375 481 3470; x_wconf 81' lang='lat' dir='ltr'>judex</span> <span class='ocrx_word' id='word_1_174' title='bbox 511 3393 609 3464; x_wconf 88' lang='lat' dir='ltr'>super</span> <span class='ocrx_word' id='word_1_175' title='bbox 639 3369 800 3461; x_wconf 84' lang='lat' dir='ltr'>ejusmodi</span> <span class='ocrx_word' id='word_1_176' title='bbox 827 3370 1026 3439; x_wconf 85' lang='lat' dir='ltr'>defensionis</span> <span class='ocrx_word' id='word_1_177' title='bbox 1055 3369 1172 3439; x_wconf 90' lang='lat' dir='ltr'>mediis</span> <span class='ocrx_word' id='word_1_178' title='bbox 1206 3391 1392 3461; x_wconf 84' lang='lat' dir='ltr'>processum</span> 
     </span>
     <span class='ocr_line' id='line_1_25' title="bbox 252 3475 1031 3569; baseline -0.013 -14"><span class='ocrx_word' id='word_1_179' title='bbox 252 3488 434 3569; x_wconf 84' lang='lat' dir='ltr'>instituere,</span> <span class='ocrx_word' id='word_1_180' title='bbox 451 3502 579 3549; x_wconf 83' lang='lat' dir='ltr'>necessa</span> <span class='ocrx_word' id='word_1_181' title='bbox 593 3485 640 3545; x_wconf 85' lang='lat' dir='ltr'>est</span> <span class='ocrx_word' id='word_1_182' title='bbox 653 3500 691 3544; x_wconf 90' lang='lat' dir='ltr'>ea</span> <span class='ocrx_word' id='word_1_183' title='bbox 705 3476 768 3568; x_wconf 90' lang='lat' dir='ltr'>ipsi</span> <span class='ocrx_word' id='word_1_184' title='bbox 784 3475 869 3544; x_wconf 89' lang='lat' dir='ltr'>clare</span> <span class='ocrx_word' id='word_1_185' title='bbox 884 3476 1031 3545; x_wconf 89' lang='lat' dir='ltr'>indicari.</span> 
     </span>
    </p>

    <p class='ocr_par' dir='ltr' id='par_1_14' title="bbox 250 3583 1395 4211">
     <span class='ocr_line' id='line_1_26' title="bbox 295 3583 1394 3681; baseline -0.011 -20"><span class='ocrx_word' id='word_1_186' title='bbox 295 3594 360 3661; x_wconf 91' lang='lat' dir='ltr'>Pro</span> <span class='ocrx_word' id='word_1_187' title='bbox 383 3612 449 3681; x_wconf 90' lang='lat' dir='ltr'>quo</span> <span class='ocrx_word' id='word_1_188' title='bbox 474 3608 548 3655; x_wconf 87' lang='lat' dir='ltr'>reus</span> <span class='ocrx_word' id='word_1_189' title='bbox 571 3606 629 3676; x_wconf 89' lang='lat' dir='ltr'>per</span> <span class='ocrx_word' id='word_1_190' title='bbox 651 3606 685 3651; x_wconf 87' lang='lat' dir='ltr'>se</span> <span class='ocrx_word' id='word_1_191' title='bbox 705 3584 756 3651; x_wconf 83' lang='lat' dir='ltr'>vel</span> <span class='ocrx_word' id='word_1_192' title='bbox 778 3593 953 3675; x_wconf 89' lang='lat' dir='ltr'>patronum</span> <span class='ocrx_word' id='word_1_193' title='bbox 972 3605 1070 3652; x_wconf 87' lang='lat' dir='ltr'>snum</span> <span class='ocrx_word' id='word_1_194' title='bbox 1091 3583 1285 3674; x_wconf 88' lang='lat' dir='ltr'>scripturam</span> <span class='ocrx_word' id='word_1_195' title='bbox 1308 3604 1394 3650; x_wconf 90' lang='lat' dir='ltr'>cun-</span> 
     </span>
     <span class='ocr_line' id='line_1_27' title="bbox 252 3688 1394 3786; baseline -0.014 -16"><span class='ocrx_word' id='word_1_196' title='bbox 252 3704 377 3785; x_wconf 89' lang='lat' dir='ltr'>cinuat,</span> <span class='ocrx_word' id='word_1_197' title='bbox 403 3698 525 3786; x_wconf 87' lang='lat' dir='ltr'>inqua</span> <span class='ocrx_word' id='word_1_198' title='bbox 549 3690 695 3760; x_wconf 84' lang='lat' dir='ltr'>enuntiat</span> <span class='ocrx_word' id='word_1_199' title='bbox 714 3690 805 3757; x_wconf 83' lang='lat' dir='ltr'>varia</span> <span class='ocrx_word' id='word_1_200' title='bbox 825 3690 946 3781; x_wconf 87' lang='lat' dir='ltr'>capita,</span> <span class='ocrx_word' id='word_1_201' title='bbox 971 3690 1154 3781; x_wconf 85' lang='lat' dir='ltr'>exquibus</span> <span class='ocrx_word' id='word_1_202' title='bbox 1178 3712 1270 3759; x_wconf 87' lang='lat' dir='ltr'>snam</span> <span class='ocrx_word' id='word_1_203' title='bbox 1296 3688 1394 3755; x_wconf 92' lang='lat' dir='ltr'>inuo-</span> 
     </span>
     <span class='ocr_line' id='line_1_28' title="bbox 251 3795 1395 3889; baseline -0.013 -12"><span class='ocrx_word' id='word_1_204' title='bbox 251 3808 388 3877; x_wconf 78' lang='lat' dir='ltr'>cantium</span> <span class='ocrx_word' id='word_1_205' title='bbox 405 3799 531 3871; x_wconf 89' lang='lat' dir='ltr'>ostendi</span> <span class='ocrx_word' id='word_1_206' title='bbox 548 3795 724 3884; x_wconf 90' lang='lat' dir='ltr'>contendit,</span> <span class='ocrx_word' id='word_1_207' title='bbox 739 3806 771 3864; x_wconf 84' lang='lat' dir='ltr'>ct</span> <span class='ocrx_word' id='word_1_208' title='bbox 790 3798 982 3889; x_wconf 87' lang='lat' dir='ltr'>inquorum</span> <span class='ocrx_word' id='word_1_209' title='bbox 1004 3796 1209 3887; x_wconf 76' lang='lat' dir='ltr'>singulorum</span> <span class='ocrx_word' id='word_1_210' title='bbox 1226 3796 1395 3887; x_wconf 83' lang='lat' dir='ltr'>probatio-</span> 
     </span>
     <span class='ocr_line' id='line_1_29' title="bbox 252 3902 1389 3995; baseline -0.012 -12"><span class='ocrx_word' id='word_1_211' title='bbox 252 3938 327 3983; x_wconf 91' lang='lat' dir='ltr'>nem</span> <span class='ocrx_word' id='word_1_212' title='bbox 347 3912 480 3981; x_wconf 85' lang='lat' dir='ltr'>idonaos</span> <span class='ocrx_word' id='word_1_213' title='bbox 502 3912 595 3976; x_wconf 87' lang='lat' dir='ltr'>testes</span> <span class='ocrx_word' id='word_1_214' title='bbox 613 3911 671 3972; x_wconf 86' lang='lat' dir='ltr'>aut</span> <span class='ocrx_word' id='word_1_215' title='bbox 690 3902 885 3973; x_wconf 88' lang='lat' dir='ltr'>documenta</span> <span class='ocrx_word' id='word_1_216' title='bbox 904 3926 938 3971; x_wconf 89' lang='lat' dir='ltr'>se</span> <span class='ocrx_word' id='word_1_217' title='bbox 959 3904 1194 3995; x_wconf 90' lang='lat' dir='ltr'>producturum</span> <span class='ocrx_word' id='word_1_218' title='bbox 1220 3902 1389 3994; x_wconf 87' lang='lat' dir='ltr'>promittit.</span> 
     </span>
     <span class='ocr_line' id='line_1_30' title="bbox 252 4008 1392 4109; baseline -0.012 -18"><span class='ocrx_word' id='word_1_219' title='bbox 252 4022 333 4103; x_wconf 76' lang='lat' dir='ltr'>Quae</span> <span class='ocrx_word' id='word_1_220' title='bbox 353 4019 514 4109; x_wconf 88' lang='lat' dir='ltr'>scriptura</span> <span class='ocrx_word' id='word_1_221' title='bbox 525 4011 628 4103; x_wconf 80' lang='lat' dir='ltr'>judici</span> <span class='ocrx_word' id='word_1_222' title='bbox 642 4008 759 4078; x_wconf 87' lang='lat' dir='ltr'>tradita</span> <span class='ocrx_word' id='word_1_223' title='bbox 780 4014 816 4077; x_wconf 85' lang='lat' dir='ltr'>lit</span> <span class='ocrx_word' id='word_1_224' title='bbox 830 4011 928 4080; x_wconf 86' lang='lat' dir='ltr'>totius</span> <span class='ocrx_word' id='word_1_225' title='bbox 942 4010 1101 4078; x_wconf 84' lang='lat' dir='ltr'>dalansivi</span> <span class='ocrx_word' id='word_1_226' title='bbox 1118 4032 1285 4101; x_wconf 84' lang='lat' dir='ltr'>processus</span> <span class='ocrx_word' id='word_1_227' title='bbox 1305 4008 1392 4077; x_wconf 85' lang='lat' dir='ltr'>basis</span> 
     </span>
     <span class='ocr_line' id='line_1_31' title="bbox 250 4114 1392 4211; baseline -0.011 -14"><span class='ocrx_word' id='word_1_228' title='bbox 250 4138 281 4197; x_wconf 89' lang='lat' dir='ltr'>et</span> <span class='ocrx_word' id='word_1_229' title='bbox 297 4148 423 4211; x_wconf 86' lang='lat' dir='ltr'>norma,</span> <span class='ocrx_word' id='word_1_230' title='bbox 442 4122 529 4193; x_wconf 90' lang='lat' dir='ltr'>unde</span> <span class='ocrx_word' id='word_1_231' title='bbox 551 4127 582 4186; x_wconf 97' lang='lat' dir='ltr'>et</span> <span class='ocrx_word' id='word_1_232' title='bbox 605 4116 733 4185; x_wconf 89' lang='lat' dir='ltr'>articuli</span> <span class='ocrx_word' id='word_1_233' title='bbox 750 4117 870 4207; x_wconf 90' lang='lat' dir='ltr'>quibus</span> <span class='ocrx_word' id='word_1_234' title='bbox 885 4126 1010 4185; x_wconf 88' lang='lat' dir='ltr'>constat</span> <span class='ocrx_word' id='word_1_235' title='bbox 1024 4116 1195 4206; x_wconf 79' lang='lat' dir='ltr'>desouorii</span> <span class='ocrx_word' id='word_1_236' title='bbox 1212 4114 1319 4185; x_wconf 87' lang='lat' dir='ltr'>vocari</span> <span class='ocrx_word' id='word_1_237' title='bbox 1336 4138 1392 4185; x_wconf 82' lang='lat' dir='ltr'>so·</span> 
     </span>
    </p>
   </div>
   <div class='ocr_carea' id='block_1_13' title="bbox 251 4236 330 4307">
    <p class='ocr_par' dir='ltr' id='par_1_15' title="bbox 251 4236 330 4307">
     <span class='ocr_line' id='line_1_32' title="bbox 251 4236 330 4307; baseline -0.076 0"><span class='ocrx_word' id='word_1_238' title='bbox 251 4236 330 4307; x_wconf 81' lang='lat' dir='ltr'>lent.</span> 
     </span>
    </p>
   </div>
   <div class='ocr_carea' id='block_1_14' title="bbox 0 0 1530 4984">
    <p class='ocr_par' dir='ltr' id='par_1_16' title="bbox 0 0 1530 4984">
     <span class='ocr_line' id='line_1_33' title="bbox 0 0 1530 4984; baseline 0 0"><span class='ocrx_word' id='word_1_239' title='bbox 0 0 1530 4984; x_wconf 95' lang='lat' dir='ltr'> </span> 
     </span>
    </p>
   </div>
  </div>
 </body>
</html>
