3050 4984
560 494 632 537 esus
655 492 800 562 serpens.
1191 476 1250 539 189

125 633 139 669 ι
161 616 329 701 utramque
340 610 444 700 judex
462 612 647 680 terminabit
660 636 725 681 una
739 613 898 680 sententia
914 614 1026 703 (capite
1044 618 1056 679 t
1077 614 1116 681 de
1130 616 1256 685 Mutuis

46 792 47 808 χ
125 743 139 779 ιι
161 716 397 806 petitionibus).
422 717 458 784 Si
473 718 627 786 alterutra
643 720 799 809 majorem
815 718 1003 807 indaginem
1016 721 1138 809 exigat,
1156 721 1258 790 altera

45 823 47 862 ⁵
124 847 138 884 «
158 820 197 887 de
213 846 277 913 qua
290 824 358 913 jam
375 824 488 915 liquet,
499 824 653 914 suspendi
667 824 774 912 debet,
787 848 889 917 nsque
900 826 980 893 dnm
996 828 1092 894 etiam
1104 826 1254 896 dcaltora

44 961 45 984 ι
126 956 140 991 ι
161 927 292 1019 liqueat,
307 940 345 998 ut
360 931 405 997 sic
420 930 551 998 demum
580 954 646 997 una
661 932 819 999 sententia
832 940 970 1023 utraque
987 932 1153 1001 terminari
1179 958 1257 1025 pus-

125 1062 139 1097 ι
162 1038 241 1103 sit...
271 1040 303 1103 Ρ
328 1036 495 1105 Sententia
513 1038 559 1105 sic
575 1038 768 1127 concipitur,
795 1049 832 1107 ut
855 1038 890 1106 in
911 1062 949 1106 ea
973 1039 1080 1130 primo
1096 1040 1258 1109 scribatur

125 1170 139 1205 ιι
161 1153 255 1236 caput
281 1145 518 1231 conventionis,
540 1144 657 1213 deiude
679 1154 777 1236 caput
795 1146 1054 1213 reconventionis
1118 1174 1127 1232 ;
1156 1148 1201 1215 ita
1222 1158 1259 1217 ut

126 1278 141 1313 ι
160 1274 286 1341 semper
300 1252 516 1343 praerogativa
524 1252 620 1320 detur
631 1253 743 1320 actori.
755 1279 772 1316 »
789 1250 1103 1342 (Schmalzgrneher,
1114 1254 1150 1321 iu
1158 1254 1206 1322 tit.
1223 1259 1255 1342 t,

121 1356 191 1425 libri
207 1362 226 1425 2
241 1359 383 1445 Decret,
400 1381 434 1426 ιι.
455 1361 521 1448 12.)

160 1465 305 1547 Qunsmo
336 1471 382 1533 7³.
403 1504 447 1518 -
477 1470 548 1548 Quo
564 1480 708 1557 tempore
718 1468 863 1557 proponi
878 1466 990 1536 debeat
1004 1470 1205 1537 reconventio
1221 1484 1259 1538 ut

119 1571 286 1661 predictos
298 1574 423 1664 effeetus
434 1578 607 1663 operetur?
617 1610 661 1623 —
678 1598 695 1637 ιι
709 1572 753 1641 Ut
763 1584 939 1664 utrumqne
949 1572 1096 1643 effectum
1107 1586 1259 1666 operetur

125 1704 141 1741 ι
161 1679 367 1747 reconventio
383 1679 582 1769 (simultauei
596 1701 765 1770 processus
779 1687 811 1747 et
837 1680 1100 1771 prorogationis),
1131 1704 1257 1752 necesse

126 1811 141 1847 ι
161 1794 209 1851 est
237 1806 309 1853 eam
338 1786 475 1877 proponi
497 1785 569 1876 ipso
587 1784 652 1852 litis
667 1784 803 1853 exordio
822 1786 935 1876 (capite
950 1788 1006 1853 Es
1033 1788 1149 1855 litteris
1167 1794 1200 1875 t,
1218 1788 1258 1857 de

127 1920 142 1955 ιι
161 1894 290 1962 Mutuis
304 1892 541 1975 Potitiouibus,·
555 1892 755 1961 Clementiae
769 1896 801 1979 2,
820 1915 916 1961 versu
938 1896 1066 1975 Verum,
1083 1894 1122 1963 de
1142 1896 1258 1965 Verbo-

127 2026 142 2064 ι
162 2022 239 2067 rum
253 2000 381 2091 ιι”9ιιι’[.,ο
396 2008 427 2067 et
442 1999 628 2069 authentica
641 2012 672 2068 et
687 2013 924 2091 consequenter,
943 2024 971 2068 c.
988 2000 1028 2069 de
1046 2004 1138 2069 Seut.
1156 2004 1258 2072 iuter-

128 2134 143 2171 «
163 2108 251 2197 loc.);
268 2116 324 2174 aut
335 2106 448 2175 saltem
461 2106 575 2175 stetim
592 2116 662 2198 post
674 2106 739 2174 litis
751 2108 1034 2193 contestationem
1048 2130 1123 2176 nam
1137 2132 1257 2200 eaquae

128 2240 143 2276 ι
164 2214 388 2281 incontinenti
404 2216 500 2299 fiunt,
517 2214 620 2281 inesse
635 2212 854 2281 creduntur...
870 2212 906 2280 Si
918 2223 990 2304 post
1001 2214 1088 2281 litem
1099 2226 1257 2285 contesta-

128 2346 143 2383 ι
165 2330 228 2387 tam
245 2330 414 2389 moveatur
426 2322 647 2408 reconvertis,
663 2320 769 2389 solum
785 2319 933 2389 effectum
945 2322 1184 2411 prorogationis
1200 2324 1257 2391 ha-

30 2503 31 2506 *
129 2456 144 2489 ι
165 2428 256 2494 bet...
287 2427 395 2495 Potest
419 2438 526 2495 autem
551 2428 771 2513 reconventio,
789 2428 830 2495 ad
854 2426 1003 2495 effectum
1020 2428 1259 2517 prorogationis

129 2564 144 2595 ι
166 2535 269 2601 solum
299 2534 552 2623 impetrandum,
571 2535 708 2626 proponi
736 2542 801 2601 toto
825 2543 967 2624 tempore
982 2556 1048 2625 qno
1063 2534 1158 2603 durat
1174 2534 1259 2603 idem

130 2640 333 2729 «judicium.
351 2668 368 2704 ι
391 2640 703 2732 (Schmaicgrucbcr,
722 2641 818 2709 citato
835 2640 916 2724 inco,
936 2664 969 2708 ιι.
989 2644 1054 2729 13.)

619 2904 770 2914 ...a-...nu—

515 3156 768 3237 SUBSECTIO
807 3156 873 3235 ΙΙΙ.

153 3386 216 3428 ΤΕιΑ
235 3384 380 3428 ΡΒΟΕΕὸὅΙΙΒ
397 3386 556 3435 esculatus,
571 3390 588 3429 t
606 3386 814 3429 couresrtrtotte
832 3386 897 3427 Ltrts
916 3384 1001 3433 USQUF.
1020 3387 1052 3428 AD
1071 3386 1235 3430 SENTENTIAM

523 3466 691 3509 nnttutrtvtu
713 3465 865 3509 EKCLUSNE.

170 3713 206 3779 ln
220 3712 379 3802 superiori
389 3712 602 3797 subsectionc,
616 3733 783 3803 processus
798 3710 977 3779 criminalis
984 3732 1133 3779 normam
1140 3732 1262 3802 expen-

130 3817 247 3905 dimus,
262 3818 369 3909 quoad
390 3841 428 3885 ea
448 3840 522 3909 quae
548 3816 708 3907 judicium
728 3818 858 3908 proprie
874 3817 995 3884 dictum
1013 3815 1213 3907 praecedunt,
1229 3817 1263 3884 id

130 3931 186 4010 est,
202 3923 359 4013 usquead
374 3922 441 3990 litis
456 3923 719 3991 contestationem
733 3951 742 4007 3
758 3946 815 4013 per
831 3944 931 4014 quam
946 3921 1120 4012 judicium
1129 3924 1265 4013 proprie

129 4028 251 4097 dictum
265 4029 419 4120 incipere,
436 4029 578 4097 solemne
604 4038 652 4097 est
678 4028 765 4120 apud
777 4028 982 4121 jurisperitos
1009 4025 1152 4095 effatum.
1170 4026 1265 4097 Nunc

128 4137 269 4226 ejusdem
286 4158 454 4228 processus
469 4136 565 4203 telam
582 4136 818 4226 prosequendo,
837 4158 937 4226 usque
949 4136 990 4203 ad
1002 4133 1168 4202 seutentiae
1180 4136 1265 4205 deti-

130 4244 238 4313 nitivoe
256 4243 469 4335 ‘tralationem
485 4242 717 4311 contexendam
733 4242 939 4331 suscipimus.
