3050 4984
228 495 288 563 172
598 520 772 567 reserares
795 520 834 567 nx
856 520 988 567 suntcrn.

226 646 328 705 tatam
354 638 446 706 litem
461 638 523 708 sihi
549 661 624 709 reus
639 639 883 709 contradiceret.
912 640 995 709 Nam
1023 638 1231 708 contestando
1257 640 1369 725 hum,

227 743 318 812 verbi
330 747 446 834 gratia,
464 748 622 815 consentit
636 749 670 815 in
677 747 823 838 judicem
834 756 989 839 tanquam
1003 755 1238 838 competentem
1254 756 1286 815 et
1297 770 1370 816 non

225 862 430 943 suspectum3
445 854 584 922 absurde
601 877 680 943 ergo
696 863 805 946 postea
821 853 1036 945 praetenderet
1050 854 1205 922 eumdem
1218 854 1368 945 judicem

228 959 290 1027 sibi
303 980 371 1028 esse
387 962 503 1029 merito
517 971 718 1052 suspectum,
733 962 786 1030 vel
798 960 1024 1053 jurisdictione
1036 982 1157 1029 carere.

270 1067 396 1135 Dentur
408 1075 519 1135 tamen
533 1068 575 1136 ad
584 1068 773 1159 praedictam
788 1068 974 1158 generalem
987 1067 1135 1157 regulam
1148 1071 1366 1159 exceptiones.

228 1172 313 1241 Nam

274 1284 306 1346 1⁰
325 1307 343 1346 a
364 1282 517 1373 Quinque
542 1306 634 1351 casus
647 1307 667 1351 a
682 1282 868 1351 doctoribus
882 1284 1105 1375 excipiuntur,
1122 1283 1157 1350 in
1172 1282 1292 1373 quibus
1307 1305 1372 1351 ex-

228 1411 246 1451 «
268 1387 430 1479 captiones
443 1389 605 1458 dilatoriae
621 1392 741 1483 opponi
756 1400 829 1481 post
843 1390 909 1458 litis
921 1392 1186 1459 contestationem
1202 1399 1341 1481 possunt
1359 1416 1368 1457 :

231 1519 248 1558 a
270 1501 303 1562 et
313 1495 414 1585 primi
427 1496 560 1588 quidem
576 1508 640 1567 tres
651 1498 844 1567 authoritate
857 1498 970 1588 capitis
984 1496 1165 1566 Pastoralr's
1182 1496 1228 1587 (l,
1241 1495 1280 1565 dc
1295 1499 1374 1566 Ea-

231 1629 248 1666 «
271 1602 482 1694 cepticnidus)
499 1630 507 1670 t
524 1604 590 1672 dno
603 1605 720 1696 reliqui
733 1604 778 1672 sic
789 1604 945 1673 suadente
960 1606 1122 1695 aequitate.

274 1711 419 1780 «Primo
435 1710 580 1802 quidem,
605 1713 633 1779 si
649 1735 723 1780 reus
751 1712 842 1802 prius
858 1720 1052 1803 protestatus
1079 1712 1121 1779 sit
1146 1710 1233 1802 quod
1262 1711 1374 1779 salvas

232 1844 249 1881 «
272 1818 333 1885 sibi
348 1818 427 1888 velit
441 1840 510 1887 esse
533 1819 611 1887 alias
631 1820 838 1909 exceptiones
855 1846 862 1885 :
882 1818 933 1886 hae
949 1827 1059 1887 tamen
1074 1816 1270 1885 nominatim
1286 1829 1317 1884 et
1333 1818 1375 1885 in

232 1950 250 1989 a
273 1924 393 2015 species
406 1926 629 2018 exprimendae
644 1935 732 2012 sunt,
751 1935 782 1993 et
808 1925 944 2015 quidem
971 1925 1005 1991 in
1021 1924 1162 2015 scriptis,
1178 1945 1237 1991 nec
1253 1923 1375 1992 sufficit

232 2058 249 2095 a
273 2033 307 2099 in
319 2054 436 2121 genere
451 2032 556 2101 dicere
569 2034 667 2101 salcis
682 2033 756 2101 clitis
774 2032 1036 2124 exceptionibus;
1049 2030 1127 2121 quia
1139 2030 1219 2098 alias
1235 2052 1300 2098 non
1317 2053 1375 2098 sa-

234 2166 250 2202 a
274 2139 314 2205 tis
328 2139 497 2229 provisum
513 2149 596 2208 esset
611 2138 843 2208 abbreviandis
856 2139 978 2207 litibus.

276 2246 480 2327 «Secundo,
497 2246 525 2312 si
540 2247 688 2337 primum
717 2256 789 2338 post
816 2246 907 2313 litem
934 2254 1142 2313 contestatam
1170 2245 1315 2335 exceptio
1331 2245 1376 2313 de

232 2378 248 2416 a
272 2375 357 2421 novo
373 2362 486 2421 exorta
497 2353 615 2432 luerit3
633 2352 684 2420 vel
697 2374 738 2419 ex
749 2353 832 2421 facto
846 2352 1037 2436 adversarii,
1049 2358 1085 2419 ut
1097 2352 1243 2442 exceptio
1256 2352 1372 2441 spolii;

232 2460 322 2528 «vel
347 2469 491 2551 respectu
517 2461 649 2551 judicis,
678 2461 786 2551 qualis
814 2469 862 2528 est
888 2459 1035 2550 exceptio
1062 2458 1292 2541 recusationis;
1322 2460 1378 2526 vel

233 2594 249 2630 a
271 2566 403 2634 aliunde
421 2594 427 2633 :
446 2568 609 2657 quisquae
623 2566 664 2634 de
678 2590 763 2635 nevo
779 2576 962 2656 emergunt,
973 2587 1059 2634 novo
1073 2564 1222 2653 indigent
1231 2564 1374 2633 auxilio.

274 2700 291 2737 a
309 2672 425 2752 Tertio,
441 2672 468 2739 si
481 2674 629 2761 exceptio
643 2673 778 2763 quidem
799 2674 1001 2765 competebat
1015 2682 1089 2739 ante
1105 2670 1377 2740 contestationem

231 2808 248 2846 a
270 2780 349 2865 litis,
366 2777 423 2847 sed
438 2788 511 2869 post
533 2802 608 2847 eam
624 2782 776 2871 primum
792 2780 935 2848 innotuit
948 2778 1037 2869 quod
1053 2786 1263 2869 competeret.
1283 2777 1379 2845 Hanc

231 2914 247 2950 a
271 2888 360 2954 enim
375 2908 450 2953 reus
465 2886 571 2954 adhuc
585 2894 689 2978 potest
699 2910 876 2978 opponere,
886 2888 913 2953 si
923 2886 1112 2977 juramento
1123 2894 1268 2971 testetur,
1285 2884 1379 2974 qued

233 3020 251 3059 a
274 2994 433 3062 malitiose
448 3016 515 3062 nen
527 2994 678 3084 excipiat,
694 2994 845 3063 videlicet
858 2995 925 3061 litis
938 2992 1167 3085 protrahenda
1181 2996 1297 3081 gratia,
1317 2991 1378 3060 sed

233 3127 250 3165 a
271 3108 382 3191 postea
395 3101 542 3191 primum
556 3103 704 3169 notitiem
718 3102 790 3192 ejus
806 3102 974 3191 acceperit.
989 3100 1085 3168 Ratio
1098 3109 1145 3167 est
1160 3099 1237 3190 quia
1248 3099 1381 3188 impos-

234 3233 251 3271 «
273 3207 419 3275 sibilium
434 3208 525 3275 nulla
539 3218 587 3275 est
602 3209 776 3297 obligati03
804 3220 873 3276 erat
898 3216 1010 3275 autem
1040 3206 1241 3297 impossihile
1256 3226 1380 3295 excep-

232 3342 249 3379 «
274 3314 396 3382 tionem
410 3337 586 3407 opponere,
601 3325 781 3408 antequam
795 3316 853 3383 illa
868 3316 1093 3383 innotesceret.

278 3447 295 3486 a
314 3425 451 3504 Quarto,
474 3424 502 3489 si
518 3424 668 3510 ignorata
683 3423 819 3514 quidem
834 3444 899 3489 non
915 3422 978 3489 luit
992 3420 1141 3511 exceptio
1157 3428 1232 3487 ante
1247 3428 1380 3488 contes-

235 3530 429 3597 «tationem
455 3530 533 3613 litis,
562 3530 617 3597 sed
645 3538 718 3597 tum
749 3529 880 3620 probari
908 3550 975 3596 non
1003 3535 1138 3617 poterat,
1165 3548 1240 3593 cum
1269 3535 1380 3593 temen

236 3665 253 3703 a
278 3645 385 3727 postea
407 3635 565 3725 probandi
588 3635 723 3703 facultas
747 3636 845 3703 luerit
873 3633 1049 3725 acquisita;
1078 3632 1157 3723 quia
1182 3632 1276 3722 paria
1302 3642 1381 3698 sunt

237 3773 254 3810 a
278 3766 344 3813 non
361 3750 541 3831 competere
556 3743 792 3833 exceptionem,
811 3751 843 3809 et
857 3763 931 3809 eam
947 3738 1078 3830 probari
1095 3761 1160 3805 non
1175 3760 1279 3829 posse.

281 3878 298 3915 a
316 3849 451 3934 Quinto,
469 3849 498 3915 si
512 3847 659 3938 exceptio
673 3856 768 3915 antea
793 3848 924 3931 omissa,
943 3848 1051 3913 statim
1076 3856 1108 3912 et
1135 3844 1171 3911 in
1197 3845 1383 3911 continenti

238 3984 254 4021 a
278 3967 348 4047 post
373 3956 463 4023 litem
490 3963 700 4022 contestatam
716 3964 915 4046 opponatur;
943 3953 1020 4044 quia
1039 3974 1114 4043 quea
1143 3952 1177 4018 in
1204 3950 1384 4018 continenti

239 4090 255 4127 a
279 4063 373 4148 fiunt,
385 4062 489 4129 inesse
504 4070 723 4129 censentur.»
746 4060 1059 4152 (Schmalzgrueber,
1078 4059 1112 4124 in
1127 4058 1178 4125 tit.
1199 4061 1257 4143 25,
1281 4058 1339 4126 lib.
1359 4061 1380 4123 2

238 4171 378 4253 Decret,
396 4192 428 4235 n.
448 4170 517 4257 21.)

281 4278 314 4341 2⁰
331 4274 455 4344 Praeter
474 4274 640 4366 expositos
665 4273 810 4366 quinque
837 4295 942 4360 casm,
969 4296 988 4340 a
1013 4270 1127 4361 regula
1153 4268 1297 4361 generali
1324 4291 1384 4338 su-
