3050 4984
287 493 349 557 too
658 510 834 558 mscrsros
856 510 896 557 os
917 510 1052 559 moreris.

282 634 384 699 sancti
411 628 506 700 officii
532 631 712 701 instructio.
743 632 848 715 Quam
876 642 984 700 tamen
1006 631 1243 701 conclusionem
1264 631 1320 723 (ne
1342 630 1423 701 forte

282 740 359 805 satis
377 746 445 807 tuta
459 761 524 807 non
538 738 590 827 sit)
605 740 736 807 nonnisi
751 738 930 807 dubitative
945 740 1168 831 proponimus,
1183 746 1215 807 et
1227 738 1422 824 doctiorum,

282 846 543 937 auctoritatisque
566 846 748 938 praesertim
773 845 995 914 ecclesiasticae
1017 845 1143 937 jndicio
1166 846 1300 914 omnino
1321 846 1423 937 subji-

284 975 402 1022 armus.

328 1064 427 1130 Noto.
445 1100 487 1111 -
508 1060 679 1129 Formulas
703 1061 742 1128 ad
766 1060 1001 1129 macedoniam
1025 1060 1257 1128 attestationem
1277 1059 1319 1127 de
1335 1068 1424 1128 'statu

283 1167 388 1235 libero
409 1166 507 1235 tradit
526 1166 697 1235 Monacelli
724 1168 825 1259 (parte
848 1172 879 1254 1,
897 1169 945 1235 tit.
971 1171 1004 1253 8,
1027 1167 1168 1237 formula
1192 1170 1223 1251 t,
1241 1171 1261 1233 2
1276 1175 1311 1234 et
1326 1165 1374 1255 3);
1396 1176 1425 1233 et

282 1274 389 1365 prima
411 1282 459 1342 est
481 1274 694 1367 hujusmodi:

332 1444 349 1483 o
371 1420 429 1499 N„
451 1418 512 1486 Dei
529 1428 560 1485 ct
577 1417 767 1511 Apostolicae
782 1418 876 1488 Sedis
896 1418 1007 1509 pratia
1026 1419 1206 1512 Episcopus
1221 1420 1264 1489 N.
1281 1457 1328 1469 —
1346 1419 1427 1485 Ussi-

282 1524 380 1593 vcrsis
398 1537 427 1591 et
443 1524 591 1616 sinpulis,
611 1524 659 1593 ad
672 1549 751 1616 qnos
762 1537 935 1617 presentes
948 1537 1067 1593 nostra
1082 1524 1301 1617 pervenerint,
1325 1524 1426 1615 fidem

278 1634 420 1725 sosimus
435 1646 464 1699 st
479 1645 676 1700 attestamur
693 1634 766 1702 Ν...
783 1632 821 1700 dc
836 1684 889 1714 ...,
907 1654 1080 1723 nunquam
1093 1630 1252 1713 debuine,
1272 1654 1379 1723 neque
1390 1632 1429 1699 de

279 1740 432 1832 praesenti
446 1738 564 1807 dobere
584 1760 720 1807 uxorem
738 1738 803 1831 (vel
820 1740 1008 1828 maritum);
1025 1736 1156 1806 sedasse
1171 1736 1207 1805 in
1220 1748 1312 1805 stota
1328 1738 1429 1806 libero

283 1846 606 1953 od'contrcltendum
628 1848 894 1927 matrimonium,
912 1856 1016 1937 prout
1032 1869 1072 1913 cr
1093 1844 1345 1936 depositionibus
1368 1860 1430 1914 tes·

281 1956 367 2023 tium
381 1976 492 2023 coram
512 1966 622 2023 nostro
652 1955 777 2023 Vicorio
797 1953 945 2043 pencrol'
959 1952 1024 2044 (vel
1044 1974 1152 2021 coram
1170 1952 1298 2043 Nobis),
1322 1954 1430 2021 medio

283 2084 395 2129 cortem
408 2062 615 2152 jurccmento,
638 2060 683 2130 od
700 2061 932 2152 praescriptam
948 2063 1095 2152 sormam
1116 2058 1340 2127 instructionis
1360 2064 1433 2129 So-

283 2190 345 2236 cra
363 2168 629 2257 Conprepotionis
644 2166 863 2258 inquisitionis
883 2164 924 2233 de
949 2165 1032 2233 Urbe
1052 2164 1322 2232 examinatorum
1331 2163 1433 2255 plene

282 2285 420 2343 constat.
447 2276 487 2341 In
514 2296 697 2364 quorum...
724 2278 892 2343 Datum...
918 2312 963 2323 -
982 2274 1040 2353 N„
1068 2270 1263 2362 Episcopus.
1293 2305 1340 2322 --
1371 2274 1428 2351 N„

284 2380 507 2449 cortccllorius.
526 2408 541 2445 o
561 2380 656 2449 -Et
671 2380 848 2471 apponitur
863 2378 1007 2469 sigillum
1022 2389 1174 2446 consueto
1189 2376 1272 2445 loco.

329 2544 439 2611 Aliam
457 2543 574 2611 ibidem
591 2541 766 2609 foroiulem
783 2541 953 2631 subjungit
964 2538 1198 2624 Monacclli,ad
1209 2540 1434 2608 attestandum

285 2650 425 2739 aliquem
449 2649 634 2717 discessisse
655 2670 673 2715 e
692 2648 821 2716 dioecesi
837 2649 871 2714 in
892 2657 978 2715 statu
998 2645 1118 2730 tiber03
1141 2646 1291 2713 statium
1313 2646 1360 2713 ad
1383 2656 1434 2714 at-

285 2756 468 2824 testandum
487 2756 629 2845 aliquam
650 2762 813 2839 exterum,
837 2763 980 2843 tempore
1002 2775 1069 2843 quo
1090 2751 1126 2819 in
1146 2751 1281 2820 dimccsi
1305 2774 1434 2821 moram

285 2863 401 2946 traxit,
420 2861 634 2951 permansisse
651 2868 683 2927 at
695 2882 763 2927 csse
780 2860 814 2927 io
828 2869 914 2928 statu
936 2859 1039 2927 libero
1053 2858 1096 2925 sd
1111 2858 1295 2928 ineundum
1315 2861 1435 2927 matri-

287 2968 446 3037 monium.
462 2966 525 3035 Sed
538 2966 613 3035 duae
625 2967 818 3057 posteriores
827 2966 979 3035 formulas
991 2964 1132 3033 facilead
1148 2986 1298 3033 normam
1313 2967 1433 3057 prime

287 3074 476 3143 concinnari
491 3082 654 3163 poterunt,
672 3073 753 3162 quin
767 3096 849 3165 opus
862 3073 905 3141 sit
917 3094 972 3141 eas
987 3072 1040 3141 hic
1055 3081 1238 3141 annectere.

744 3420 889 3494 CAPUT
916 3421 971 3491 111.

401 3646 505 3694 NORMA
528 3642 711 3693 PROCEDENDI
735 3646 766 3691 IN
787 3646 891 3692 CAUSIS
911 3645 1089 3691 nunttrms
1109 3644 1320 3692 trumonis

774 3753 948 3801 amalonis.

337 3948 428 4017 Sicut
444 3948 478 4015 in
495 3946 600 4014 causis
620 3943 778 4015 nuditatis
793 3945 1003 4031 matrimonii,
1020 3944 1111 4012 itaet
1128 3943 1163 4011 in
1177 3944 1286 4011 musis
1299 3945 1440 4013 nullita-

293 4056 334 4126 tis
355 4054 563 4146 professionis
583 4053 744 4141 religiosae
767 4052 978 4120 determinata
999 4060 1032 4119 et
1056 4052 1247 4141 praescripta
1268 4050 1333 4118 tuit
1358 4074 1440 4143 spe-

292 4164 381 4231 cialis
397 4160 589 4251 procedendi
605 4158 728 4237 forme;
749 4160 906 4250 adquam
922 4158 1148 4249 exponendam
1170 4167 1204 4225 st
1225 4159 1441 4225 sanciendam

292 4270 391 4343 edidit
406 4267 597 4339 Benedictus
613 4264 658 4333 xl
664 4266 690 4334 V
705 4266 965 4335 constitutionem
983 4288 1075 4334 suam
1088 4286 1166 4357 qum
1180 4265 1300 4358 incipit
1312 4266 1356 4332 Si
1374 4266 1441 4334 ‹to-
