3050 4984
547 457 622 505 rsas
644 456 790 503 smenon.
1170 435 1231 499 117

95 576 220 647 cedere.
236 577 291 647 Aa
305 586 413 648 autem
427 576 460 646 id
485 579 609 669 possint
628 576 727 645 etiam
750 574 872 646 Vicsrii
893 574 1059 665 generales
1080 574 1116 643 vi
1138 572 1234 643 officii

96 686 148 752 sai
162 695 195 754 et
208 686 330 777 absque
345 685 475 776 speciali
487 686 528 753 ad
548 685 610 753 hoc
623 684 789 769 mandato,
805 690 926 772 nogant
940 681 1062 773 plures,
1080 702 1118 750 ao
1132 680 1233 773 quod,

95 800 133 859 ut
152 800 280 883 putant,
301 792 461 883 ejusmodi
480 790 615 861 facultas
639 792 674 860 in
697 790 840 880 generali
863 810 977 858 eorum
998 787 1150 857 mandato
1170 810 1236 857 non

96 899 389 990 comprehendatur
405 928 413 968 z
432 898 488 969 sed
507 900 678 993 affimant
692 898 754 967 olii
761 896 980 989 probabilius,
997 896 1042 964 ait
1056 896 1237 965 Leurenius

98 1004 145 1094 (in
159 1004 208 1072 tit.
227 1008 283 1092 11,
296 1004 372 1073 libri
392 1009 405 1072 1
423 1005 565 1091 Decret„
581 1028 615 1097 q.
633 1007 732 1092 11179,
749 1026 784 1071 n.
802 1004 846 1094 1).

139 1111 333 1202 Respondeo
349 1115 393 1181 3·.
406 1112 656 1182 Restitutionem
670 1112 704 1181 in
719 1112 886 1202 integrum
902 1118 1038 1203 possunt
1047 1110 1145 1180 etiam
1160 1132 1238 1179 con-

96 1219 210 1289 cedere
230 1219 357 1310 judices
374 1219 526 1310 delegati,
549 1218 586 1287 in
607 1219 736 1289 duobus
758 1218 886 1287 casibus
910 1244 918 1287 ε
937 1218 1059 1311 punto,
1082 1216 1110 1286 si
1132 1215 1239 1286 ideis

97 1326 278 1417 specialiter
291 1326 393 1396 fuerit
406 1327 634 1413 commissum3
648 1326 798 1409 secundo,
817 1325 947 1418 quando
962 1326 998 1393 in
1012 1325 1143 1416 negotio
1155 1325 1237 1416 ipsis

96 1434 270 1502 commisso
282 1432 460 1502 incidenter
471 1433 630 1523 contingit
637 1432 776 1525 quaestio
789 1432 1002 1501 restitutionis
1013 1432 1047 1500 in
1059 1432 1235 1522 integrum.

96 1539 134 1608 ld
147 1562 299 1631 expresse
314 1542 466 1611 statuitur
480 1541 516 1608 in
528 1562 628 1633 supra
652 1540 847 1632 transcripta
861 1539 1012 1609 decretali
1029 1542 1147 1609 Gaura.

139 1648 333 1739 Respondes
347 1652 393 1717 4⁰.
409 1649 593 1717 Restituere
605 1648 641 1715 in
661 1647 826 1738 integrum
843 1654 947 1739 potest
961 1648 1057 1717 etiam
1074 1647 1239 1737 delegatas

98 1752 139 1821 ad
153 1754 429 1825 universalitatem
444 1776 629 1841 causarum,
646 1763 679 1822 et
694 1754 894 1822 territorium
909 1754 1031 1822 habens
1045 1776 1119 1821 cum
1132 1753 1240 1821 admi-

98 1861 305 1942 nistratione;
329 1862 408 1953 quie
427 1861 500 1931 talis
523 1861 690 1951 delegatas
712 1859 886 1930 Ordinario
910 1861 1141 1952 aequiparatur.
1167 1860 1242 1930 Non

98 1977 202 2058 potest
220 1976 342 2059 umen,
363 1970 409 2037 eit
427 1968 718 2058 Schmalcgrueber
738 1968 785 2059 (in
804 1968 854 2035 tit.
876 1971 932 2055 u,
956 1968 1035 2035 libri
1057 1974 1071 2034 1
1098 1968 1239 2052 flectet,

97 2098 131 2143 n.
153 2075 221 2165 16),
237 2078 406 2147 restituere
422 2086 535 2146 oontm
548 2076 739 2146 sententiam
750 2076 952 2147 definitivam
964 2099 984 2144 a
994 2077 1099 2168 seipso
1112 2076 1211 2145 latam
1231 2104 1239 2145 ι

102 2208 120 2248 a
141 2181 226 2251 Nam
246 2183 308 2253 hoc
322 2184 433 2253 nullas
452 2183 619 2273 delegatus
636 2182 740 2275 judex
755 2192 872 2275 potest,
894 2183 956 2251 nisi
976 2183 1040 2274 ipsi
1063 2183 1243 2274 specialiter

100 2314 118 2353 a
141 2290 351 2359 commissum
366 2290 424 2378 sit3
440 2291 562 2383 quippe
576 2292 646 2383 qui,
663 2300 734 2381 post
747 2290 847 2359 latam
859 2314 879 2359 a
891 2312 925 2359 se
943 2291 1147 2379 sententiam,
1164 2312 1242 2360 cen-

102 2422 119 2461 a
141 2403 232 2465 setur
243 2396 375 2466 iunctus
389 2396 495 2466 officio
507 2419 580 2466 suo.
597 2424 615 2462 »

140 2505 395 2596 Respondeas.
416 2506 484 2573 Alii
498 2513 620 2598 praeter
637 2514 833 2576 memoratos
852 2505 978 2597 judiees
1002 2506 1239 2576 restitutionem

97 2610 132 2679 in
146 2610 311 2702 integrum
326 2612 501 2681 concedere
520 2620 697 2705 nequeunt.

140 2721 242 2790 Noto.
256 2720 343 2788 Dum
358 2720 534 2789 asserimus
548 2719 751 2811 supradictos
759 2720 887 2811 judices
899 2742 993 2813 posse
1005 2722 1241 2791 restitutionem

97 2826 133 2893 in
159 2826 324 2916 integrum
347 2827 544 2914 concedere,
572 2827 830 2917 subintelligitur
859 2826 1037 2897 dummodo
1065 2830 1149 2897 atius
1176 2830 1243 2897 sint

97 2946 323 3024 competentes.
341 2933 436 3003 Unde
450 2933 590 3002 ulterius
600 2934 814 3025 expendenda
828 2935 931 3004 venit.

142 3040 286 3121 careno
300 3045 347 3109 7³.
363 3079 408 3093 -
422 3044 513 3109 luter
520 3039 663 3131 judices,
679 3042 737 3133 qui
751 3056 890 3133 possunt
909 3043 943 3111 in
964 3043 1129 3133 inteprum
1148 3046 1242 3113 resti·

98 3160 201 3229 tuere,
216 3148 369 3239 quorsom
379 3146 549 3216 dedendus
562 3148 605 3215 sit
621 3161 783 3238 tauquam
798 3162 978 3241 competens
993 3150 1243 3241 quaudiunum·

98 3276 260 3345 quemque
272 3259 408 3323 cesum?
421 3292 466 3307 -
482 3280 500 3320 a
515 3254 724 3345 Regulariter
739 3255 902 3348 loquendo
924 3257 1084 3326 restitutio
1105 3258 1139 3326 in
1157 3258 1243 3327 inte—

103 3386 121 3425 1
144 3382 242 3450 grum
257 3361 395 3452 petenda
407 3371 455 3429 est
470 3362 607 3453 ajudice
626 3362 731 3449 illius,
753 3370 867 3431 contra
885 3384 998 3454 quem,
1014 3385 1072 3432 seu
1092 3364 1126 3432 in
1148 3366 1242 3457 cujus

102 3494 121 3533 a
144 3467 372 3559 prejudicium
383 3469 503 3559 petitur
515 3469 673 3537 restitutio
681 3495 691 3555 3
704 3490 743 3537 eo
756 3468 846 3561 quod
860 3479 948 3537 actor
964 3471 1071 3539 lorum
1088 3472 1136 3540 rei
1151 3472 1243 3565 sequi

102 3601 121 3640 a
144 3575 268 3645 debeat.
282 3603 298 3642 »
313 3577 517 3668 (Leucesiae,
527 3578 562 3644 in
571 3577 621 3645 tit.
638 3580 693 3663 lt,
706 3576 807 3645 librit
824 3578 965 3665 Decret.‚
978 3602 1012 3670 q.
1028 3582 1126 3666 1079,
1140 3602 1174 3647 n.
1192 3582 1238 3671 2.)

98 3682 156 3751 Fst
182 3690 291 3752 autem
320 3683 481 3773 generalis
507 3682 565 3750 illa
590 3682 704 3772 regula
727 3682 814 3774 apud
840 3686 1020 3753 canonistas
1043 3687 1241 3756 unanimiter

97 3798 228 3881 recepta
251 3816 259 3857 ι
281 3811 324 3857 ex
343 3788 400 3857 illo
421 3789 541 3857 scilicet
564 3788 789 3877 fundamento,
813 3790 901 3882 qaod
923 3791 1160 3863 restitutionem
1179 3816 1242 3885 pe-

96 3902 171 3963 tens
183 3918 244 3986 pro
257 3904 364 3965 actore
379 3896 547 3964 habendus
558 3896 615 3983 sit3
626 3896 681 3963 ille
694 3918 773 3965 vero
788 3904 900 3967 contra
914 3920 1011 3991 quem
1031 3900 1163 3991 petitur,
1181 3924 1241 3992 pro

97 4026 168 4073 reo.
192 4004 316 4072 Textns
332 4004 418 4095 juris
439 4004 499 4071 hec
517 4004 558 4073 de
579 4026 614 4071 re
634 4003 745 4073 afferri
770 4004 893 4096 solitos,
915 4006 990 4077 vide
1007 4008 1093 4098 apud
1114 4008 1241 4079 Leure-

97 4114 213 4200 nium‚
230 4112 327 4182 citato
342 4112 424 4181 loco.

144 4220 299 4290 Diximus
328 4220 523 4310 repulerim
550 4219 726 4311 loqrteudc,
759 4220 802 4289 ob
830 4222 1039 4313 excipiendos
1072 4236 1242 4316 sequentes

263 4345 296 4389 11.
1045 4336 1082 4393 27
