3050 4984
661 467 838 517 sanemus
860 469 900 515 ott
921 465 1055 515 malms.

710 754 853 826 CAPUT
885 754 1019 825 XLVII.

290 949 432 996 fontium
455 949 628 996 sumum
651 949 845 1012 DEFINITIVAE,
869 949 972 1004 Quoto
1002 948 1067 995 oen
1092 949 1211 994 meast
1238 947 1309 1000 011AE
1331 945 1431 992 om·
1498 988 1499 1011 i

373 1066 428 1110 BUS
450 1066 660 1112 GENERALITER
684 1067 858 1113 summus
880 1067 1063 1112 DEFINITIVIS
1086 1063 1242 1112 COMHUNIS
1266 1063 1334 1108 ost.

336 1284 353 1324 a
368 1263 408 1328 In
423 1259 555 1328 nomine
568 1258 753 1328 Indiuidua
769 1259 990 1328 Sanctissima
1014 1257 1196 1326 Trinitatis.
1219 1296 1262 1308 -
1279 1260 1354 1328 Nos
1375 1260 1431 1338 N„

281 1365 392 1458 judea
404 1365 590 1435 ordinarius
601 1366 665 1457 (vel
679 1364 872 1456 delegatus),
890 1365 966 1434 visis
979 1389 1019 1433 aa
1033 1364 1204 1456 diliqettter
1218 1364 1433 1433 consideratis

289 1473 438 1542 omnibus
453 1487 485 1544 et
500 1473 637 1565 sinqulis
651 1473 686 1540 in
700 1496 800 1541 cansa
816 1485 846 1540 et
866 1474 971 1540 causis
986 1495 1098 1542 eoram
1113 1472 1203 1541 nobis
1222 1471 1376 1540 actitatis
1396 1472 1435 1539 de

288 1596 318 1650 et
333 1604 430 1673 super
456 1583 498 1670 (et
512 1581 565 1648 hia
583 1581 789 1672 exprimatur
802 1579 956 1648 delictum
973 1602 1072 1672 super
1086 1603 1153 1672 quo
1168 1580 1272 1648 iaetus
1289 1588 1341 1648 est
1357 1603 1434 1671 pro-

289 1687 423 1778 cessus),
439 1687 479 1756 de
494 1711 559 1779 quo
574 1687 689 1756 delicta
706 1687 858 1756 daminus
871 1691 914 1758 N.
928 1687 997 1778 fuit
1011 1687 1203 1779 diffamatus
1220 1687 1286 1776 (vel
1300 1685 1433 1756 denun-

289 1797 398 1881 tiatus,
417 1795 469 1864 vel
482 1795 681 1885 aecusatus);
700 1807 730 1862 et
746 1807 877 1862 mature
884 1793 1056 1886 perpensis
1069 1795 1201 1862 testium
1220 1792 1433 1884 depositioni-

290 1901 347 1972 bus
361 1914 475 1971 contra
488 1901 684 1994 praedictum
698 1901 873 1970 dominum
888 1905 946 1982 N.‚
962 1913 1258 1992 supermemorato
1273 1901 1433 1982 crimina·

288 2009 420 2099 ipsoque
434 2009 545 2089 citato,
557 2009 757 2098 interropoto
769 2020 800 2075 et
812 2007 1004 2099 sufficienter
1020 2006 1134 2075 audito
1147 2007 1182 2075 in
1198 2007 1355 2075 omnibus
1371 2008 1432 2076 suis

289 2113 523 2205 defensionibus
544 2119 676 2182 :Deum
699 2115 806 2183 solum
820 2115 927 2184 omnis
941 2114 1086 2206 justitia·
1098 2116 1226 2204 fontem
1242 2137 1319 2205 prae
1334 2116 1433 2183 oeulis

289 2220 451 2304 habentes,
472 2245 532 2314 per
553 2221 637 2290 hano
656 2234 805 2290 nostram
819 2221 1023 2312 definitivam
1042 2221 1249 2303 seutentiam,
1272 2243 1380 2312 quam
1400 2223 1432 2288 in

290 2328 479 2421 nisscreptis
489 2329 638 2420 serimus,
655 2327 837 2396 dicimus...
854 2353 872 2392 »

699 2655 843 2725 CAPUT
866 2655 1013 2724 XLVIII.

379 2851 522 2898 sonuum
546 2851 718 2898 SENTENTIAE
740 2850 966 2913 assummum,
992 2853 1023 2897 IN
1046 2853 1118 2898 CASI]
1143 2853 1260 2898 nuncet
1283 2854 1348 2901 NON

800 2968 951 3014 coumssl.

341 3171 358 3212 a
374 3148 414 3214 In
436 3145 567 3214 nomine
651 3144 694 3234 (et
708 3144 834 3236 relique
849 3153 886 3213 ut
900 3145 935 3213 in
957 3143 1118 3236 superiori
1133 3144 1264 3236 eapite),
1279 3144 1433 3226 dicimus,

290 3255 487 3347 pradictum
502 3252 674 3323 dominum
700 3255 757 3333 N„
782 3252 873 3322 nulio
898 3253 995 3321 modo
1008 3253 1204 3321 commisisse
1227 3251 1435 3321 delictumde

294 3386 358 3454 quo
368 3363 436 3455 suit
450 3360 636 3452 inculpatus
645 3384 660 3443 ‚·
676 3371 707 3428 et
719 3359 861 3452 proinde
873 3359 982 3452 ipsum
996 3372 1157 3452 tanquam
1174 3359 1383 3430 mnoonuem
1397 3359 1435 3428 ab

294 3469 386 3538 omni
398 3467 618 3538 obseruatione
626 3465 753 3558 judicii
774 3466 983 3536 absolvimus.
1005 3471 1058 3536 Ita
1080 3469 1141 3536 noc
1161 3479 1193 3535 et
1207 3467 1299 3536 omni
1312 3467 1440 3536 meliori

295 3575 404 3646 modo.
429 3579 528 3657 Lata,
553 3575 637 3643 lecto
661 3586 693 3642 et
711 3573 882 3665 publicata
892 3574 971 3666 suit,
990 3574 1043 3644 die
1123 3575 1242 3643 mensis
1316 3575 1435 3642 amsi...

296 3688 405 3753 -Ita
415 3681 705 3773 pronuntiavimus
712 3702 779 3772 pro
793 3680 956 3750 tribunali
968 3681 1108 3752 sedentes
1131 3684 1191 3766 N„
1216 3680 1368 3752 Viaarius
1387 3703 1438 3771 pe·

297 3791 428 3862 neralis.
445 3828 490 3842 -
502 3791 561 3873 N„
574 3787 755 3858 actuarius.
773 3813 791 3852 s
