3050 4984
547 495 623 542 raas
645 495 792 542 somnos.
1170 480 1228 544 bit

136 612 195 683 tv.
212 612 382 682 Clauditur
391 637 530 684 examen
541 615 800 709 uniuscujusque
813 616 901 684 testis
912 615 947 684 in
962 615 1050 686 huuc
1065 617 1204 689 modum
1220 645 1229 688 ε

135 779 150 812 «
173 755 298 836 Quibus
311 755 439 837 beabitis,
455 767 486 823 et
502 760 532 824 si
551 767 583 824 et
602 761 637 823 in
657 767 820 842 quantum
839 759 879 824 de
896 763 976 844 jure
990 764 1172 844 acceptatis,
1188 761 1236 825 ad

91 863 287 929 mandatum
301 866 471 930 reverendi
486 867 542 944 N.,
557 866 694 951 judicis,
710 867 837 950 perieqi
854 868 927 930 testi
948 885 1043 930 suam
1062 868 1232 950 depositio·

90 987 185 1052 nem,·
199 973 254 1035 cui
267 991 341 1036 cnm
358 991 415 1037 nec
426 972 559 1053 addere,
575 993 634 1039 nec
647 975 775 1039 demere
793 972 974 1058 quidquam
991 973 1141 1055 notauit,
1157 981 1233 1058 jus-

91 1096 147 1142 sus
160 1089 207 1142 est
225 1079 424 1145 subscribere
438 1081 478 1162 (si
500 1082 667 1164 scriptura
687 1082 772 1146 iorot
792 1082 939 1164 ignarus,
956 1087 1106 1165 ponatur,
1120 1087 1235 1166 jussus

91 1193 141 1249 est
165 1205 268 1250 manu
290 1189 427 1271 propria
445 1190 578 1271 siqnum
606 1189 721 1256 Crucis
743 1190 928 1272 apponere).
954 1193 1036 1255 Acta
1065 1199 1141 1256 sunt
1166 1190 1232 1257 baec

92 1292 147 1355 die
213 1297 333 1359 mensis
409 1314 535 1362 anno...
550 1332 589 1344 -
604 1296 659 1374 N.,
676 1297 775 1362 testis.
790 1332 828 1343 -
842 1296 898 1375 N.,
917 1297 1036 1381 judee.
1053 1333 1092 1344 -
1106 1298 1161 1378 N,
1178 1318 1231 1364 ac-

92 1402 231 1466 tuaritts.
251 1425 266 1462 u

130 1527 180 1596 ·V.
206 1527 243 1597 Si
261 1551 399 1598 examen
415 1517 558 1622 'alicujus
582 1530 674 1599 testis
693 1530 967 1623 interrumpatur,
990 1531 1024 1600 id
1047 1539 1175 1602 notetur
1198 1533 1232 1601 in

90 1635 172 1703 actis
183 1636 218 1704 in
234 1635 323 1704 hune
338 1634 475 1705 modum
494 1663 502 1704 ι

135 1783 151 1815 «
167 1758 332 1839 Quoniam
344 1759 384 1824 ob
398 1759 486 1825 born
500 1757 689 1824 tarditatem
702 1760 774 1841 (seu
787 1762 827 1826 oh
842 1778 965 1842 urgens
985 1762 1155 1844 negotium
1170 1767 1230 1848 ...),

89 1866 286 1931 reuerendus
299 1867 357 1946 N.,
367 1867 487 1949 juder,
502 1885 639 1932 eramen
650 1869 787 1951 praefati
804 1870 891 1932 testis
911 1870 1065 1955 complete
1081 1871 1232 1954 expedire

89 1993 158 2038 non
170 1975 290 2057 patuit,
310 1975 452 2040 decreuit
472 1975 557 2040 iliud
572 1977 621 2040 ad
635 1977 767 2040 interim
786 1979 972 2056 terminare,
988 1979 1099 2043 animo
1123 1988 1231 2044 tamen

90 2081 130 2144 id
141 2083 248 2163 ipsum
262 2090 442 2165 opportuno
456 2092 599 2166 tempore
621 2085 845 2148 reassumeudi
863 2093 893 2148 et
909 2085 1109 2167 perficiendi.
1134 2086 1229 2152 Testis

89 2206 168 2252 vero
179 2188 328 2271 praelecto
336 2188 401 2253 sibi
412 2192 575 2271 examine,
589 2193 792 2274 acceptisque
812 2193 842 2256 si
854 2199 886 2254 et
898 2193 932 2255 in
951 2200 1111 2275 quantum
1131 2194 1232 2277 ipsius

90 2296 355 2379 depositionibus,
381 2297 578 2363 subscribere
602 2303 717 2382 jussus
737 2299 814 2379 fuit.
850 2299 932 2362 Acta
955 2309 1068 2364 sunt...
1097 2335 1136 2347 -
1158 2301 1231 2383 qu

88 2403 147 2483 N.,
164 2406 260 2468 testis
275 2440 313 2450 -
331 2400 474 2487 quN,
487 2405 607 2488 judea.
624 2405 749 2489 -qu
762 2407 818 2485 N.,
834 2408 1011 2472 actuarius.
1029 2431 1044 2468 o

135 2529 273 2612 Quando
292 2538 403 2623 postea
426 2553 563 2602 examen
584 2532 818 2618 reassumitur,
839 2517 957 2601 scribat
980 2533 1144 2605 actuarius
1169 2535 1230 2605 hoc

88 2635 257 2706 modo:-

135 2785 150 2821 ιι
177 2762 289 2828 Valens
308 2764 504 2829 reuerendus
522 2765 554 2828 N
557 2813 578 2843 .,
592 2765 712 2849 judee,
728 2765 918 2830 continuare
933 2785 1068 2832 eceman
1086 2768 1230 2849 ejusdem

89 2872 178 2933 testis
192 2871 285 2953 prius
299 2871 530 2955 interruptum,
546 2875 694 2952 revocari
707 2872 801 2937 illum
816 2891 925 2938 coram
938 2894 971 2939 se
982 2877 1070 2957 fecit,
1080 2883 1112 2938 et
1125 2875 1229 2940 denuo

88 2976 207 3040 obtulit
228 2981 459 3060 juramentum
482 2978 522 3042 dc
543 2978 680 3042 dicenda
702 2981 851 3059 veritate,
875 2982 964 3063 quod
988 2982 1041 3047 itte
1058 2985 1228 3064 prestiti&

87 3103 130 3147 ac
146 3084 281 3149 ulterius
294 3084 694 3169 responditutseqnitnr:
709 3094 769 3150 etc.
787 3110 802 3146 o

134 3209 193 3280 Vl.
215 3211 302 3280 Casu
318 3234 385 3302 quo
406 3210 480 3303 quis
494 3233 538 3279 ex
557 3210 692 3280 testibus
715 3211 831 3280 morbo
853 3211 1001 3283 detentus
1021 3215 1063 3282 ad
1086 3215 1229 3285 tribuual

86 3339 227 3409 pergere
239 3326 394 3411 nequeat,
386 3317 467 3386 ·fiat
478 3327 511 3387 et
523 3319 709 3387 scribetur'
697 3327 795 3409 Juxta
810 3319 893 3390 hanc
908 3321 1103 3392 formulam:

135 3465 152 3503 n
171 3443 270 3507 Testis
283 3449 314 3523 t,
335 3444 477 3508 loannes
490 3444 522 3508 N
524 3489 533 3507 .
551 3443 639 3524 Quia
653 3444 705 3508 irie
718 3446 807 3508 testis
819 3445 933 3509 morbo
952 3446 1098 3514 detentus
1111 3451 1159 3514 ad
1169 3455 1227 3515 tri-

87 3551 314 3614 bunatucnire
326 3568 393 3614 nan
412 3559 552 3633 poterat,
572 3551 769 3616 reverendus
789 3551 846 3631 N,
863 3553 982 3634 judea,
1000 3558 1159 3637 mesecin,
1174 3576 1229 3622 ac-

85 3659 183 3724 cessit
205 3658 252 3723 ad
273 3658 391 3738 ittum;
413 3660 473 3741 qui
490 3657 635 3738 prestito
662 3662 871 3741 juramento,
894 3660 1043 3744 deposuit
1066 3673 1105 3728 ut
1126 3667 1228 3749 sequi-

87 3777 156 3845 tur,
171 3775 229 3833 ete.
244 3790 260 3827 a

606 3875 629 3966 q
649 3873 708 3946 111.

312 4013 404 4062 Forma
416 4010 622 4096 recognoscendi
636 4015 662 4062 et
675 4014 844 4077 comparandi
856 4017 1004 4083 scripturn.

132 4156 253 4245 Finito,
275 4165 370 4248 prout
393 4155 609 4248 insuperiori
630 4159 852 4251 paragrapho,
876 4163 1080 4253 singulorum
1097 4171 1228 4242 testium

85 4263 253 4351 examine,
270 4262 401 4354 procedi
416 4264 496 4333 solet
513 4263 553 4331 ad
570 4265 823 4352 recognitionem
839 4267 1087 4362 scripturarum,
1107 4277 1136 4345 si
1153 4301 1227 4372 quae
