3050 4984
564 486 639 533 raas
661 488 807 534 sacuam.
1190 467 1250 531 523

113 623 206 668 mam
228 606 328 687 jura,
348 606 441 671 anilo
460 608 612 672 nienori
628 610 781 673 citatione
801 612 940 692 precia,
955 626 1020 673 esse
1036 624 1251 692 processuros.

113 712 406 797 nam...-nqo
418 715 473 793 Ν.,
492 715 635 781 Vicarius
650 716 821 798 poneretis.
837 751 877 764 -·
889 716 962 798 Epo
975 715 1029 794 Ν.,
1040 716 1217 780 conteritas.
1234 739 1250 771 o

646 1011 734 1102 §u

114 1175 208 1226 Forma
221 1175 357 1228 intimandi
369 1180 478 1230 testibus
491 1181 640 1231 citationem
651 1180 800 1246 juridicam,
814 1181 867 1231 sive
881 1180 1058 1246 personaliter,
1069 1178 1122 1229 sire
1135 1178 1162 1229 in
1177 1178 1255 1228 domo

547 1271 630 1321 solitae
648 1270 822 1322 habitationis.

160 1455 283 1525 Sedulo
298 1459 533 1528 attendendum
548 1469 609 1548 eat,
634 1469 671 1528 ut
693 1461 802 1530 citatio
818 1461 952 1529 testibus
967 1457 1159 1549 regulariter
1174 1457 1255 1525 inti-

116 1571 243 1650 metur;
260 1585 303 1632 na
324 1565 407 1634 forte
422 1566 615 1657 posthabitis
630 1568 665 1636 in
679 1569 739 1636 bac
754 1591 791 1636 re
803 1569 890 1659 juris
905 1567 1039 1657 regulis,
1057 1565 1164 1634 citatio
1179 1562 1255 1632 nul·

114 1669 204 1737 litate
218 1670 353 1739 laboret.
380 1673 517 1762 Regula
539 1683 648 1742 autem
672 1675 781 1767 quoad
798 1674 932 1744 modum
956 1673 1141 1742 citationem
1164 1669 1256 1738 teati-

113 1775 178 1842 bus
203 1778 376 1846 intimandi
400 1780 628 1868 eademnam,
646 1805 683 1848 ac
709 1782 737 1848 ai
764 1789 916 1870 ageretur
942 1780 982 1849 de
1005 1780 1155 1848 citatione
1179 1777 1251 1846 Rei.

116 1883 212 1952 Unde
237 1907 515 1976 supervacaneum
540 1909 606 1957 non
631 1889 693 1956 erit
717 1889 773 1956 bic
796 1888 1022 1974 transcribere,
1051 1909 1125 1978 quae
1150 1884 1255 1953 adno-

115 1997 230 2056 tantur
255 1990 343 2080 apud
364 1992 533 2060 Monacelli
558 1994 819 2084 (Formrtlarium
845 1993 960 2084 lcqalc,
979 1999 1069 2083 purte
1097 1995 1130 2076 3,
1151 1991 1200 2058 tit.
1222 1994 1254 2076 l,

116 2095 258 2164 formula
282 2101 312 2185 1,
342 2122 376 2167 n.
406 2103 445 2167 10
472 2109 504 2166 et
528 2102 610 2192 seq.)
639 2101 678 2168 de
703 2102 853 2169 citatione
877 2123 933 2170 reo
948 2109 1033 2168 recte
1047 2098 1253 2167 intimanda:

118 2227 137 2267 c
160 2201 277 2272 (litatio
302 2205 420 2298 (iuquit
434 2207 604 2276 adnotator
618 2209 653 2275 in
672 2207 898 2299 Monacellum)
917 2207 956 2277 de
972 2230 1037 2299 qua
1051 2229 1117 2274 non
1132 2210 1257 2274 constat

118 2333 136 2372 a
160 2331 220 2401 per
241 2311 430 2380 relationem
447 2315 567 2399 nuntii,
585 2337 651 2382 non
678 2314 797 2382 dicitur
817 2335 993 2406 apparere;
1022 2311 1099 2402 quia
1122 2311 1161 2377 de
1182 2310 1256 2398 jore

119 2442 137 2481 a
161 2439 226 2484 non
239 2418 384 2488 creditur
397 2421 461 2488 nisi
482 2421 597 2489 nuntio
612 2421 653 2490 de
668 2421 856 2489 executione
871 2419 972 2505 illius,
988 2440 1054 2486 non
1069 2425 1177 2485 autem
1194 2438 1256 2483 no-

118 2549 136 2588 c
160 2525 243 2592 tario
262 2527 389 2595 testanti
405 2526 446 2595 de
461 2528 611 2597 citatione
628 2527 711 2597 lacta
727 2529 833 2617 (Rota,
858 2527 955 2596 decis.
973 2529 1028 2612 ti,
1044 2547 1077 2593 n.
1095 2529 1128 2609 2,
1145 2544 1255 2592 coram

119 2658 136 2696 c
160 2631 291 2724 Greg.);
309 2635 371 2701 nisi
387 2635 421 2702 in
436 2634 508 2704 loco
522 2635 579 2704 ubi
594 2635 703 2704 citatio
717 2645 853 2704 executa
865 2635 940 2721 tuit,
958 2634 1104 2702 notarius
1118 2632 1158 2700 de
1172 2631 1255 2723 stylo

117 2765 135 2803 c
160 2738 317 2829 iungatur
331 2739 437 2810 officio
448 2742 555 2811 nuntii
569 2743 677 2834 (Rota,
692 2765 804 2810 coram
826 2741 953 2827 eodem,
971 2741 1070 2810 decis.
1090 2743 1167 2827 itt,
1184 2762 1217 2806 n.
1236 2743 1254 2805 6

118 2874 136 2913 a
160 2855 191 2914 et
207 2849 252 2936 7),
270 2849 323 2916 vel
337 2849 400 2917 nisi
414 2851 560 2919 notarius
576 2849 659 2919 duos
671 2859 767 2919 testes
781 2848 993 2936 adhibuisset,
1010 2859 1042 2917 et
1055 2851 1255 2919 instrumen-

118 2981 135 3019 α
161 2962 231 3023 tum
252 2955 292 3022 de
313 2956 464 3024 citatione
480 2965 615 3025 executa
639 2979 788 3048 pereum
803 2958 1004 3048 sumpsisset.
1022 2957 1063 3024 Et
1077 2965 1124 3025 est
1137 2966 1255 3025 notan-

117 3088 136 3126 c
160 3060 239 3129 dnm
254 3062 354 3152 quod,
371 3063 399 3130 ai
412 3063 520 3131 citatio
535 3064 570 3131 in
585 3064 719 3132 alterius
734 3064 845 3150 domo,
859 3085 918 3156 per
925 3085 1070 3133 errorem
1081 3065 1189 3132 nuntii
1205 3063 1256 3133 vel

118 3194 136 3234 c
160 3169 224 3237 alio
239 3168 348 3257 modo,
364 3169 497 3238 nulliter
512 3179 647 3240 executa
660 3181 755 3259 esset,
772 3180 804 3240 ct
819 3171 1154 3240 excommunicandus
1165 3171 1206 3240 de
1220 3195 1257 3240 ea

117 3300 135 3341 a
159 3274 290 3344 aliunde
305 3274 438 3344 haberet
451 3277 618 3344 seientiam
632 3284 766 3364 certam,
785 3285 816 3346 et
829 3276 870 3345 de
883 3300 949 3368 qua
963 3285 1122 3346 constaret
1137 3277 1254 3370 judici,

118 3408 137 3446 c
160 3381 304 3450 delectus
318 3382 479 3452 diceretur
505 3392 650 3470 sanatus,
668 3392 699 3452 et
718 3385 825 3453 citatio
840 3384 933 3452 illum
949 3392 1086 3453 arctaret
1101 3393 1133 3453 et
1146 3383 1256 3455 affice-

118 3516 137 3554 «
159 3496 221 3575 ret,
233 3512 271 3558 ac
285 3489 314 3557 ai
327 3489 471 3580 legitime
484 3490 725 3560 iuisaetcitatns
740 3490 794 3582 (ad
809 3491 926 3559 tradita
941 3513 999 3582 per
1013 3494 1131 3561 Rotam
1146 3516 1255 3563 coram

118 3624 137 3663 a
158 3598 271 3684 Gerro,
287 3596 450 3666 decisione
476 3601 555 3684 204,
573 3621 607 3665 n.
637 3597 690 3688 3);
708 3597 796 3690 quod
823 3605 854 3665 et
876 3598 996 3666 certius
1011 3600 1211 3690 procederet,
1228 3602 1255 3668 si

117 3732 136 3770 a
158 3704 274 3773 citatus
289 3713 507 3796 compareret3
536 3727 611 3773 cum
634 3727 693 3795 per
716 3703 983 3796 competitionem
998 3707 1109 3776 citatio
1123 3707 1255 3776 nulliier

117 3840 134 3879 c
156 3821 293 3881 executa
315 3813 580 3881 consolidetur...
606 3811 794 3881 Notandum
810 3811 963 3899 secundo,
979 3813 1067 3905 quod
1096 3815 1124 3880 si
1147 3814 1188 3882 ad
1204 3815 1254 3884 lo-

116 3946 134 3986 c
157 3942 232 3987 cum
258 3919 293 3987 iu
320 3941 387 4011 quo
411 3927 520 3986 manet
543 3918 706 4005 citandus,
723 3940 791 3986 non
818 3918 914 3987 detur
929 3928 1019 3987 tutus
1034 3938 1179 3989 accessus
1197 3973 1250 4010 ...‚

116 4053 134 4090 c
157 4024 293 4117 probato
307 4025 399 4116 prius
424 4047 482 4114 per
497 4032 593 4091 testes
621 4023 709 4114 quod
732 4024 774 4090 sit
790 4024 953 4093 moraliter
971 4024 1183 4114 impossibile,
1199 4027 1252 4095 vel

116 4159 135 4198 c
158 4130 245 4224 quod
262 4131 383 4199 nonsit
397 4138 504 4199 tutum
519 4153 595 4199 eum
611 4131 710 4198 citare
725 4131 759 4197 in
776 4152 915 4221 persona
938 4130 991 4198 vel
1006 4131 1040 4198 in
1057 4130 1166 4219 domo,
1185 4133 1254 4202 sui-

118 4265 136 4305 a
158 4237 227 4308 ficit
239 4237 346 4308 citatio
360 4259 420 4330 per
432 4236 614 4306 edictum...
631 4235 668 4306 Si
681 4245 791 4308 autem
806 4237 955 4307 citandus
969 4245 1052 4306 esset
1063 4238 1179 4308 absem
1194 4264 1255 4310 ex·
1322 4285 1324 4288 -
