3050 4984
289 487 351 551 tii
662 501 837 549 memoras
859 502 898 549 nr
920 501 1054 549 suornm.

286 635 432 690 mentum
454 624 496 688 de
515 625 651 689 dicem
676 624 812 688 veritote
833 631 1007 708 postquam
1032 622 1197 706 prestitit,
1225 623 1373 706 deposuit
1391 633 1426 686 ut

285 733 516 817 sequitur-:ad
527 733 780 816 interropotorio
791 732 986 816 penerotio:

328 865 344 902 o
362 849 394 907 1⁰
412 844 656 925 Interropotus:
670 842 832 926 quomodo
846 839 1000 906 uocetur?
1008 875 1046 888 -
1057 839 1234 925 Respondit
1296 841 1342 922 (et
1356 841 1425 906 rali-
1498 859 1499 874 ³

287 950 652 1034 quantinpraeoedenti
665 949 895 1034 paragrapho).

326 1084 343 1118 o
358 1057 414 1124 Ad
424 1058 677 1140 interropotorio
689 1057 843 1142 specialia
856 1075 955 1140 super
962 1057 1102 1122 articulo
1114 1063 1135 1122 2
1149 1056 1253 1121 libelii
1265 1075 1278 1120 :

327 1218 343 1250 o
358 1199 390 1257 ν
402 1193 626 1276 Interropotus
639 1211 651 1257 .·
664 1211 710 1256 on
724 1194 807 1256 soiot
820 1192 997 1258 orticitium
1011 1210 1076 1258 esse
1089 1191 1230 1257 verton?
1240 1194 1425 1276 -respon-

285 1301 333 1364 dit
347 1322 357 1361 :
371 1301 437 1364 scio
450 1300 625 1364 articulum
639 1318 705 1364 esse
717 1319 844 1365 uerum.

327 1431 343 1468 o
365 1413 399 1472 2·
424 1408 646 1492 Interropotus
666 1408 858 1492 :quomodo
883 1407 987 1473 seint?
1007 1443 1046 1456 —
1067 1407 1271 1492 Respondit:
1293 1408 1426 1492 ipsemet

283 1515 407 1598 pluries
426 1515 498 1580 uidi
518 1515 687 1579 dominum
708 1515 877 1581 Andreom
897 1515 955 1594 N„
968 1515 1210 1600 presbyterum,
1223 1515 1349 1580 dictam
1367 1514 1423 1578 do·
1500 1509 1501 1516 ’

286 1641 377 1688 mum
388 1623 576 1705 puellarum
581 1622 789 1706 perditorum
804 1622 1050 1706 inpredientem.

324 1737 357 1796 3⁰
381 1731 631 1813 Interropotus:
654 1729 771 1813 quitus
797 1729 886 1794 boris
909 1729 1050 1795 viderit?
1073 1765 1113 1778 -
1140 1730 1319 1813 Respondit
1336 1753 1347 1791 :
1363 1731 1425 1794 dio

286 1847 354 1903 tom
368 1838 501 1903 domum
512 1837 643 1921 inpredi
650 1837 730 1902 solet
741 1839 829 1902 circo
843 1838 1050 1903 undecimam
1064 1839 1164 1904 noctis
1177 1839 1307 1904 boram

328 1951 389 2010 «4⁰
404 1946 629 2028 Interropotus
642 1963 654 2009 .·
666 1963 828 2028 quosnam
842 1953 943 2010 uestes
958 1956 1034 2010 tuuc
1053 1953 1180 2030 pertore
1200 1946 1304 2011 soleat
1322 1946 1425 2011 dictio

286 2052 436 2118 Andreas
455 2053 523 2122 NR
544 2087 585 2101 —
604 2053 780 2135 Respondit
795 2072 806 2116 :
821 2061 922 2118 vestes
938 2053 1110 2119 secutores
1127 2053 1202 2118 totis
1221 2054 1358 2134 sermm
1370 2053 1429 2118 sed
1502 2095 1503 2166 1

285 2162 325 2226 de
337 2162 440 2226 colore
456 2162 536 2244 puio
549 2169 621 2225 erat
639 2179 706 2226 noo
717 2178 784 2225 non
794 2177 928 2244 possum
948 2163 1082 2226 omnino
1103 2161 1286 2243 offirmare·
1304 2161 1365 2226 sed
1376 2162 1424 2224 oi·
1502 2173 1503 2238 ς

285 2269 444 2333 dedantur
460 2269 557 2352 quusi
571 2269 686 2350 niprae,
707 2275 839 2351 excepto
858 2287 971 2350 panno
998 2268 1073 2333 albo
1090 2287 1155 2352 quo
1172 2275 1244 2333 erat
1258 2268 1341 2332 rollo
1361 2269 1423 2332 oir-

284 2377 485 2442 cumduotus.

326 2519 342 2550 «
363 2498 395 2556 5·
413 2493 636 2576 Interropotus
652 2491 840 2574 :quomodo
859 2492 920 2556 sub
943 2492 1003 2556 toli
1017 2494 1156 2557 vestium
1179 2493 1372 2570 mutatione,
1396 2501 1426 2554 et
1503 2482 1504 2541 i

284 2600 384 2664 noctis
398 2607 551 2680 tempore,
564 2599 707 2682 potuerit
725 2600 904 2663 discernere
923 2599 1088 2664 bominem
1102 2599 1204 2664 dictos
1216 2599 1301 2664 odes
1315 2601 1425 2682 inpre-

286 2707 437 2785 dientem,
453 2724 519 2771 esse
537 2705 707 2770 dominum
720 2705 888 2770 Andreom
905 2707 939 2774 N
940 2706 974 2770 .?
987 2741 1026 2754 -
1038 2707 1235 2791 Respondit:
1253 2707 1349 2770 initio
1364 2705 1425 2768 du·

287 2814 447 2888 bitobom,·
472 2813 532 2877 sed
555 2814 700 2896 modom
723 2821 825 2893 nocte,
849 2813 941 2878 votui
963 2816 1081 2879 certior
1101 2815 1184 2894 fieri,
1209 2822 1241 2877 et
1258 2814 1431 2897 expectavi

284 2921 384 2985 donec
401 2920 607 3003 epredsretur
620 2939 633 2985 .·
647 2920 862 3004 epredientem
883 2928 994 2986 autem
1016 2923 1205 3006 tantispero
1223 2921 1318 3003 lonpe
1336 2938 1426 2984 secu·

285 3037 337 3092 tus
349 3047 423 3092 sum
435 3045 538 3112 usque
551 3027 600 3092 od
610 3028 711 3112 ipsius
725 3027 870 3092 domum.
887 3027 934 3094 Et
946 3029 1013 3093 otio
1023 3037 1113 3095 nocte
1124 3029 1171 3094 sio
1183 3029 1299 3094 vestito
1314 3046 1427 3092 oecur-

283 3153 358 3200 rens
371 3153 446 3200 eum
459 3135 612 3214 salutavi,
627 3137 738 3219 etipse
752 3155 804 3200 me
825 3137 968 3201 uicissim
983 3159 993 3200 :
1010 3155 1148 3221 cumque
1170 3136 1328 3201 dixissem
1346 3153 1428 3198 norm

283 3243 395 3307 morbo
409 3244 482 3326 quis
496 3243 675 3325 pericubse
686 3251 765 3307 esset
778 3251 953 3328 correptus,
969 3244 1137 3329 respondit
1150 3262 1162 3309 .·
1175 3245 1300 3326 utique,
1314 3243 1365 3307 ad
1378 3247 1429 3310 ot-

282 3349 418 3414 sendum
436 3369 563 3433 saprum
579 3368 699 3433 perpo;
712 3359 744 3415 et
762 3353 892 3415 mutavi
908 3360 1039 3430 vestem,
1059 3369 1100 3416 ne
1117 3351 1274 3416 clericob‘s
1296 3350 1429 3419 babitus

283 3457 480 3522 nebulonum
494 3458 626 3541 injuriis
639 3465 832 3539 exponatur.
850 3479 865 3518 u

328 3617 398 3687 Hae
412 3640 490 3709 ergo
512 3618 619 3688 forma
631 3618 749 3711 poterit
758 3617 861 3710 judex
876 3617 968 3687 varia
984 3617 1121 3710 quesita
1133 3621 1209 3688 testi
1229 3643 1428 3715 proponere,

286 3732 384 3816 prout
395 3724 437 3792 nd
452 3724 664 3816 detegendam
678 3726 848 3794 veritatem
863 3732 1083 3817 opportunum
1099 3724 1272 3818 judicabit.

329 3832 455 3903 Debent
469 3841 577 3902 autem
589 3831 859 3922 interrogationes
872 3841 904 3901 et
919 3854 1074 3926 responsa
1086 3834 1121 3904 in
1137 3835 1216 3904 actis
1231 3836 1335 3905 scribi
1350 3859 1430 3908 ver-

286 3939 402 4008 nacula
416 3939 506 4008 testis
519 3939 643 4029 lingua.

329 4046 372 4115 Et
393 4069 435 4115 ne
457 4044 559 4139 judex
584 4045 709 4138 aliquid
730 4048 841 4139 magni
866 4047 1021 4116 momenti
1040 4069 1083 4117 ex
1105 4047 1270 4121 oblivione
1292 4061 1430 4146 praeter-

288 4153 409 4242 mittat,
432 4154 552 4246 poterit
572 4154 858 4246 proponendamm
883 4155 1173 4246 interrogationum
1196 4160 1317 4230 seriem
1339 4162 1430 4254 prius

287 4260 323 4329 in
341 4269 429 4330 sarta
450 4261 513 4334 sibi
526 4262 719 4350 describere,
737 4285 837 4356 quam
857 4262 1088 4352 interrogando
1103 4265 1164 4334 sub
1177 4267 1283 4336 oeulis
1301 4267 1426 4338 habeat.
