3050 4984
288 485 351 554 ito
663 509 838 558 mscrsros
861 509 900 556 nr
920 509 1053 556 runicus.

331 615 491 699 xvii'Si
502 651 523 698 s
533 628 699 720 judicibus
714 631 749 699 in
763 631 871 722 prims
887 631 1041 700 instantis
1060 629 1217 722 professio
1233 629 1422 720 pronuntie-

285 741 340 805 tur
354 735 455 822 nulls,
469 735 618 806 defenser
632 737 871 826 professionum
886 737 1049 830 appellere
1063 736 1167 806 debet.
1186 737 1292 826 (Bulla
1305 735 1346 806 Si
1358 735 1423 804 da-

287 843 384 932 tum.)

327 949 449 1019 XVlll.
467 950 511 1020 Ut
528 950 700 1041 religiosus
714 973 735 1019 n
749 951 907 1039 religione
922 949 1085 1020 discedere
1109 951 1222 1041 possit,
1245 951 1423 1042 requiritur

282 1065 320 1124 nt
335 1056 456 1149 duplici
479 1055 640 1126 conformi
653 1058 812 1126 sententie
826 1057 985 1149 professio
1010 1055 1173 1126 declarate
1196 1058 1238 1126 sit
1262 1057 1368 1145 nulls,
1391 1067 1422 1126 et

278 1172 317 1232 ut
344 1163 530 1233 saecunda
556 1163 713 1234 sententis
741 1163 937 1255 appellatum
968 1185 1034 1233 non
1062 1163 1160 1233 fuerit
1193 1191 1200 1232 :
1230 1164 1423 1256 elloquins

280 1272 441 1361 religione
453 1271 623 1341 discedens
642 1271 747 1362 pesnis
771 1278 990 1362 apostotorum
1006 1270 1162 1362 subjacet.
1181 1271 1287 1362 (Bulla
1301 1272 1344 1342 Si
1363 1271 1422 1342 dc·

281 1379 379 1468 tuns.)

322 1485 414 1554 XlX.
432 1486 565 1556 ludices
578 1485 730 1556 soeondrs
750 1487 912 1556 instantias
936 1487 1003 1556 duo
1025 1495 1113 1572 sunt,
1130 1509 1248 1579 nempe
1263 1515 1271 1555 :
1289 1487 1345 1556 ille
1358 1489 1421 1557 Or-

278 1594 426 1663 dinsrins
440 1593 482 1661 ad
507 1614 607 1684 quem
630 1592 861 1686 appellandum
875 1603 923 1663 est
946 1615 966 1662 e
989 1593 1148 1662 sententio
1168 1593 1347 1681 Ordinerii,
1364 1596 1420 1686 qui

273 1699 436 1792 judicavit
455 1700 490 1766 in
510 1699 617 1789 prime
640 1699 793 1768 instantis
812 1699 918 1790 (verbi
942 1701 1059 1788 grstia,
1077 1699 1366 1792 Archispiscopus,
1393 1703 1420 1768 si

277 1807 454 1897 Episcopus
466 1805 698 1895 Suffrsgsneus
711 1805 903 1874 sententiam
919 1806 1035 1896 primm
1050 1806 1215 1876 instsnties
1230 1807 1333 1898 tulit),
1349 1831 1418 1876 uno

278 1937 356 1982 cum
376 1913 541 2003 superiore
562 1913 721 2004 sequiori,
739 1935 807 1980 non
821 1912 953 2003 quidem
979 1913 1068 1982 illius
1090 1914 1282 1982 monasterii
1302 1915 1337 1984 in
1357 1937 1419 2006 quo

277 2022 461 2090 reclamans
470 2023 632 2112 professus
646 2032 706 2100 est,
723 2019 779 2088 scd
790 2019 925 2088 alterius
937 2020 1126 2090 monasterii
1141 2019 1299 2110 (ejusdem
1317 2021 1419 2090 Ordi-

278 2130 342 2217 nis)
357 2130 391 2196 in
405 2128 537 2196 civitate
548 2140 609 2195 aut
618 2125 745 2195 diecesi
751 2125 907 2217 predicti
918 2126 1088 2196 ordinarii
1098 2127 1245 2198 secunde
1255 2129 1419 2198 irutontiu

278 2237 460 2316 sententie·
475 2235 536 2315 uel,
554 2235 616 2302 tali
629 2234 828 2302 monasterio
842 2257 907 2302 non
922 2247 1065 2318 errante,
1083 2258 1152 2303 une
1167 2258 1241 2303 cum
1255 2235 1419 2328 superiore

278 2343 442 2411 oieinionssr
457 2342 657 2410 monosterii.
679 2341 785 2430 (Bulla
799 2341 839 2408 Si
849 2339 991 2431 dotum.)

320 2449 396 2517 XX.
417 2449 453 2518 Si
472 2470 569 2516 censs
582 2445 624 2516 sd
639 2446 758 2515 Sedens
778 2447 999 2537 Apostolioem
1015 2449 1219 2536 devolvetur,
1237 2451 1310 2520 sive
1323 2475 1416 2520 com-
1496 2429 1497 2464 ¹

276 2557 424 2626 mittetur
447 2555 557 2624 Socrae
575 2553 828 2642 Congregetioni
851 2553 999 2640 Consilii,
1021 2555 1090 2624 sive
1105 2556 1214 2626 sacre
1229 2557 1416 2648 Congrege-

278 2665 358 2733 tioni
373 2663 608 2754 Episcopornm
621 2670 655 2728 et
667 2661 880 2750 regularium,
898 2663 966 2730 sive
980 2662 1138 2732 Romane
1154 2665 1259 2752 fiete,
1276 2667 1416 2756 praedic-
1495 2717 1496 2742 i

277 2781 330 2837 tus
351 2767 512 2858 repuleris
532 2767 679 2857 superior
701 2775 855 2857 tanquam
879 2767 982 2858 judex
1006 2790 1071 2837 non
1087 2769 1282 2840 admittitur.
1312 2773 1416 2862 (Bulla
1495 2750 1496 2771 ¹

278 2877 319 2944 Si
333 2875 475 2962 doram.)
1055 2947 1059 2951 ,

321 2981 411 3049 XXI.
429 2980 590 3049 Prndictn
603 2980 714 3050 omnis
734 2981 912 3071 procedunt
926 2982 1023 3052 etiam
1040 2984 1146 3073 quood
1163 2987 1285 3054 scriem
1302 2985 1416 3056 Cordi·
1494 3065 1495 3077 p

277 3089 363 3156 nelis
375 3086 510 3157 Vicorii.
528 3087 633 3178 (Bulla
645 3086 687 3155 Si
698 3085 843 3177 datam.)

800 3311 884 3402 en.

276 3484 371 3534 Norms
386 3480 546 3547 procedendi
564 3481 590 3530 in
609 3481 692 3532 censis
713 3481 836 3532 nollitstis
855 3483 1021 3548 professionis
1040 3485 1179 3550 religiosis,
1193 3490 1297 3552 quondo
1315 3490 1412 3544 nullitss

430 3565 490 3626 post
502 3560 708 3625 qouquenniom
721 3575 736 3612 e
747 3560 791 3611 die
805 3562 904 3614 emisse
917 3563 1084 3626 professionis
1098 3569 1260 3630 proponitur.
1492 3611 1493 3646 p

1492 3648 1493 3687 t

319 3736 346 3803 1.
370 3733 512 3802 Attentis
536 3731 707 3801 dumtexst
721 3755 821 3823 supro
847 3735 937 3802 citati
962 3735 1080 3804 decreti
1095 3737 1277 3810 Tridentini
1293 3744 1407 3825 verbis,

275 3843 367 3912 nulle
381 3841 463 3908 actio
478 3838 634 3906 nnllitotis
646 3847 720 3929 post
732 3839 877 3930 elapsum
892 3864 912 3909 e
929 3841 982 3910 die
1000 3844 1210 3933 professionis
1224 3849 1409 3941 quinquen-

276 3953 372 4020 nium
393 3945 522 4015 admitti
545 3943 694 4023 deberem
714 3945 875 4034 siquidem
890 3947 935 4014 ihi
951 3970 1103 4038 expresse
1114 3950 1300 4024 decernitur
1317 3981 1324 4024 ι
1339 3959 1409 4026 *Non

274 4057 446 4133 summor,
463 4051 528 4118 nisi
540 4051 630 4118 intra
645 4049 903 4140 quinquennium
914 4077 936 4120 a
951 4053 1005 4124 die
1011 4058 1228 4148 professionis.
1490 4131 1491 4136 ,

317 4164 359 4229 ll.
378 4161 424 4228 De
439 4158 523 4225 fecto
538 4156 583 4223 its
601 4154 680 4221 olim
706 4164 873 4224 servatum
889 4168 937 4226 est
955 4184 961 4226 :
980 4168 1013 4226 et
1039 4161 1086 4229 ite
1104 4166 1307 4236 servendum
1330 4191 1405 4260 prae-
1490 4165 1491 4228 ὲ

274 4267 401 4363 scripsit
413 4264 591 4358 Gregorius
604 4261 693 4352 Xill,
704 4261 832 4334 decreto
844 4264 908 4334 diei
924 4268 1064 4342 dmartii
1080 4272 1175 4364 1598,
1192 4272 1286 4373 cujus
1301 4276 1402 4368 verbs,
1490 4229 1491 4299 l
