3050 4984
682 462 859 512 rntcrtws
881 462 921 512 BE
941 461 1078 510 mutetis.

732 764 876 836 CAPUT
898 763 1020 834 XXIII.

483 959 589 1006 Pom
611 958 798 1007 proauorum
813 959 935 1008 coum
947 958 1152 1007 contutum
1173 957 1270 1006 uult.

349 1161 486 1245 Quando
501 1184 589 1252 reas,
604 1163 721 1232 citatus
734 1163 953 1257 peremptorie
974 1185 1033 1254 per
1053 1161 1282 1250 monitoriam,
1305 1181 1369 1230 nec
1388 1162 1448 1252 ipse

303 1271 498 1362 comparuit,
524 1293 584 1340 nec
607 1293 666 1362 per
687 1281 931 1364 procuratorem
953 1293 1053 1341 snum
1077 1270 1259 1340 absentiam
1284 1269 1448 1340 excusarit

303 1377 393 1448 inlra
419 1381 677 1472 peremptorium
699 1380 891 1467 terminum,
916 1388 1057 1472 qncaror
1079 1386 1248 1448 remanent
1267 1377 1445 1447 facienda:

305 1489 339 1555 1⁰
354 1484 535 1556 accusanda
554 1493 604 1554 est
625 1485 698 1578 ejus
719 1487 940 1568 contumacia;
956 1491 991 1554 2⁰
1006 1486 1121 1556 eadem
1142 1486 1354 1556 contumacia
1367 1509 1387 1554 a
1399 1486 1448 1575 ju·

304 1592 376 1662 dice
390 1591 584 1662 declaranda
599 1600 663 1673 est;
683 1596 716 1661 3⁰
729 1593 880 1663 citandus
895 1602 945 1662 est
958 1615 1034 1663 rens
1048 1594 1090 1662 ad
1105 1592 1307 1663 audiendam
1323 1601 1446 1662 senna
1493 1574 1495 1675 l

302 1701 385 1770 tiam
400 1699 624 1788 definitivam
644 1699 1084 1793 l⁰pronuntiandaestdicts
1097 1699 1445 1770 definitivasententia
1494 1724 1495 1801 a

843 1957 915 2047 §¹-
1495 1874 1496 1929 ι

619 2117 713 2168 Formo
729 2117 869 2169 accamoni
885 2117 1076 2170 contumaciam
1091 2117 1137 2170 rei.

348 2289 394 2357 De
417 2287 492 2379 jure
523 2291 692 2360 communi
718 2312 786 2360 non
810 2289 990 2382 requiritur
1012 2297 1049 2358 ut
1072 2289 1196 2381 pluries
1217 2291 1447 2360 accuseturrei

301 2397 521 2484 contumacia3
545 2395 601 2465 sed
623 2397 721 2466 unica
747 2396 869 2466 sufficit
892 2397 1054 2488 ejusmodi
1078 2396 1253 2466 accusatio.
1279 2397 1382 2466 Unde
1401 2421 1448 2466 se

301 2501 451 2594 quendus
465 2503 501 2570 in
512 2524 551 2571 ea
563 2523 600 2572 ro
614 2503 875 2595 uniuscujusque
892 2503 1083 2596 episcopalis
1095 2503 1198 2572 curiae
1220 2503 1342 2594 stylus.
1360 2505 1448 2597 Sup-

300 2609 450 2700 ponendo
473 2617 583 2678 autem
610 2609 881 2680 consuetudinem
902 2633 973 2680 esse
995 2618 1101 2679 atter
1127 2610 1335 2680 contumacia
1355 2635 1448 2682 acca-

299 2725 400 2806 selur,
417 2718 535 2809 poterit
551 2717 622 2788 hmc
645 2719 829 2789 formalitas
843 2719 970 2811 expleri
988 2720 1023 2787 in
1043 2719 1134 2788 hanc
1157 2719 1297 2790 modam
1313 2749 1323 2791 ε
1341 2722 1448 2813 primo

301 2823 421 2894 scilicet
435 2824 487 2894 die
496 2824 637 2917 juridico
653 2827 700 2917 (id
712 2836 759 2895 est
775 2849 842 2897 non
857 2826 999 2917 feriato),
1017 2835 1090 2918 post
1104 2825 1251 2919 elapsum
1263 2838 1448 2921 perempto-

299 2931 389 3000 rium
410 2933 590 3001 terminum
612 2956 668 3003 reo
683 2956 888 3023 conoessum,
904 2934 933 3002 is
947 2935 1089 3024 ajudice
1104 2943 1254 3021 vocatum
1269 2941 1303 3004 et
1318 2937 1448 3004 nemine

298 3047 507 3130 comparente
532 3049 697 3111 accusator
713 3042 753 3134 (si
769 3040 963 3134 procedatur
977 3041 1190 3112 accusationis
1203 3041 1284 3132 via),
1298 3043 1354 3112 vel
1372 3066 1449 3134 pro-

299 3154 408 3216 motor
422 3145 539 3215 fiscalis
557 3149 598 3238 (si
612 3148 808 3240 procedatur
821 3150 876 3219 via
887 3149 1153 3238 denuntiationis,
1168 3148 1222 3217 vel
1233 3150 1387 3241 specialis
1400 3151 1448 3219 in·

298 3252 511 3346 quisitionis),
527 3253 612 3324 dicat
632 3277 744 3324 coram
764 3256 876 3348 judice
892 3279 952 3348 pro
973 3255 1130 3326 tribunali
1150 3256 1282 3325 sedente
1300 3283 1310 3323 ε
1327 3258 1448 3327 Accam

296 3371 443 3452 primam
456 3374 696 3438 contumaciam
717 3382 832 3439 contra
846 3376 1021 3439 dominnm
1042 3374 1213 3440 Andream
1226 3374 1284 3452 Ν.,
1297 3375 1447 3454 citatum,

296 3476 437 3541 relatum
459 3487 492 3543 et
509 3497 575 3543 non
596 3490 850 3566 comparentem.
871 3482 1045 3546 statuarius
1063 3499 1142 3546 voro
1163 3481 1281 3546 scribat
1303 3482 1341 3545 in
1361 3483 1448 3548 hunc

299 3587 472 3657 modum...
483 3590 543 3655 Die
606 3589 725 3653 mensis
787 3608 914 3654 anno...
926 3589 1152 3657 Cnmvocatar
1160 3591 1303 3670 fuissete
1315 3609 1447 3655 sennenn

299 3718 432 3765 reorum
445 3699 595 3765 Andreas
609 3699 641 3762 N
643 3745 663 3776 .,
680 3705 712 3761 et
726 3715 783 3762 nec
798 3699 866 3781 ipse
878 3715 937 3761 nec
951 3698 1038 3761 alins
1052 3698 1154 3780 ipsius
1167 3700 1300 3762 nomine
1315 3718 1447 3784 respon

300 3806 409 3886 disset,
423 3815 591 3872 damnator
613 3805 676 3886 (vel
695 3814 864 3885 promotor
881 3805 1023 3884 fiscalis),
1036 3806 1186 3888 primam
1205 3808 1447 3871 contumaciam

301 3915 467 3980 accensuit
484 3923 597 3978 contra
617 3911 780 3991 eumdem,
796 3915 944 3991 citatam,
961 3915 1103 3977 rotatum
1124 3921 1233 3978 etnon
1253 3933 1444 3998 comparen-

302 4029 378 4086 tem.
400 4021 440 4086 In
457 4021 567 4100 fidem,
588 4019 620 4082 N
623 4067 644 4098 .,
667 4021 845 4085 actuarius.
863 4043 877 4080 a
893 4019 968 4084 Post
988 4022 1131 4103 spatium
1153 4022 1277 4104 aliquot
1303 4023 1442 4097 diorum

297 4126 393 4217 juxta
406 4127 529 4220 stylum
544 4126 659 4214 curiae,
677 4126 784 4194 simili
799 4125 898 4197 modo
918 4137 1088 4198 accusetur
1107 4128 1251 4198 secunda
1273 4137 1442 4200 contuma-

302 4234 368 4314 oia3
384 4242 416 4302 ot
429 4233 560 4304 tandem
576 4233 673 4302 tertia
688 4244 719 4300 et
735 4232 869 4302 ultima.
