3050 4984
256 441 316 505 l'lt
626 458 801 505 mrcrtrns
824 460 862 505 nr.
884 460 1018 505 tunrcns.

302 610 318 644 e
344 582 468 662 Primo,
494 582 698 673 exceptiones
721 582 900 673 improprie
921 581 1029 666 dicta,
1054 579 1202 649 videlicet
1225 577 1399 646 solutionis

257 717 274 752 u
300 690 405 773 tactae,
428 690 694 782 praescriptionis,
718 700 795 775 etc.;
818 690 896 783 qnia
919 690 1040 757 frustra
1054 688 1145 756 litem
1163 696 1398 759 contestaretur

256 820 273 859 u
299 818 373 863 reus
387 796 415 863 si
430 805 519 864 actor
535 797 696 865 actionem
713 797 753 864 de
767 797 842 888 jure
857 796 982 864 nullam
999 795 1106 864 hahet.

300 930 317 966 «
340 902 502 983 Secundo,
526 904 730 994 exceptiones
756 926 900 994 quarum
925 903 1045 971 veritas
1064 903 1190 972 notoria
1212 912 1271 991 est,
1294 904 1339 971 ita
1360 912 1399 972 ut

257 1037 274 1075 u
296 1018 438 1078 actorem
455 1010 651 1078 calumniari
666 1010 834 1078 evidenter
848 1018 971 1079 constet
987 1039 995 1078 :
1014 1010 1082 1077 imo
1098 1032 1155 1101 per
1173 1010 1231 1078 has
1246 1010 1274 1076 si
1288 1032 1399 1103 oppo—

256 1144 273 1183 α
297 1126 428 1202 nentur,
452 1117 631 1206 impeditur
644 1118 834 1185 contestatio
849 1117 925 1185 litis.
944 1117 1039 1185 Ratio
1057 1128 1162 1185 estne
1177 1140 1253 1186 reus
1269 1116 1400 1187 labori-

256 1250 273 1286 «
296 1222 358 1289 bus
372 1232 404 1287 et
419 1222 571 1311 expensis
586 1220 708 1289 trustra
723 1221 890 1311 fatigetur.

301 1355 317 1392 e
333 1329 450 1406 Tertio,
469 1328 675 1418 exceptiones
689 1328 918 1419 peremptoria
934 1351 1008 1419 quae
1024 1350 1063 1395 ex
1078 1328 1208 1419 speciali
1221 1327 1401 1419 privilegio

258 1436 363 1501 «litis
391 1435 578 1521 ingressum
602 1434 800 1524 impediunt,
826 1435 873 1502 nti
898 1444 974 1502 sunt
996 1436 1142 1525 exceptio
1160 1435 1207 1502 rei
1227 1432 1399 1525 judicatae,

256 1566 272 1604 n
296 1540 535 1621 transactionis,
549 1540 779 1630 jurisjurandi,
800 1564 875 1631 quae
897 1541 963 1609 titis
981 1541 1086 1631 finita
1108 1540 1261 1609 dicuntur
1283 1541 1399 1631 (capite

256 1675 273 1713 u
295 1646 504 1737 Excepticais
523 1650 553 1731 l,
570 1646 609 1713 de
621 1647 693 1714 Lite
707 1660 841 1715 contest.
858 1649 892 1715 in
908 1648 953 1737 6).
967 1646 1132 1735 Ratioest,
1151 1647 1228 1738 quia
1238 1647 1279 1714 lis
1292 1647 1399 1715 semel

256 1780 273 1818 a
296 1753 405 1844 aliquo
419 1752 538 1819 horum
556 1752 731 1820 modorum
747 1752 850 1840 linita,
866 1754 1008 1844 amplius
1020 1754 1164 1823 inchoari
1175 1776 1241 1823 non
1253 1752 1360 1821 dehet.
1376 1779 1395 1817 a

254 1859 569 1949 {Schmalzgrneben
587 1860 640 1926 cit.
657 1860 740 1945 loco,
759 1883 793 1928 n.
813 1863 880 1949 23.)

296 1968 367 2035 Imo
377 1966 475 2033 etiam
485 1974 557 2055 post
569 1968 762 2035 seutentiam
777 1968 943 2037 nonnullae
955 1969 1182 2059 peremptoria
1191 1968 1401 2059 exceptiones

254 2075 392 2166 proponi
406 2082 552 2165 possunt,
568 2096 686 2164 nempe
705 2101 712 2140 :

301 2210 318 2247 a
333 2181 458 2262 Primo,
484 2183 629 2273 exceptio
646 2181 806 2250 nullitatis
821 2182 988 2251 sententiae
1007 2206 1049 2252 ex
1063 2204 1269 2273 quacumque
1284 2204 1396 2250 cansa.

257 2317 274 2354 a
298 2289 391 2357 Ratio
406 2298 453 2356 est
464 2289 590 2378 quiade
605 2287 752 2358 nullitate
764 2290 932 2357 sententie
945 2312 1076 2380 semper
1089 2310 1282 2379 cognoscere
1291 2288 1401 2377 judex

259 2424 276 2461 a
299 2404 413 2486 potest,
439 2393 531 2462 etde
554 2416 640 2462 novo
662 2395 853 2463 sententiam
876 2396 973 2482 ferre,
1002 2418 1075 2465 curn
1101 2394 1233 2464 ferendo
1253 2394 1397 2483 nullam,

259 2529 276 2567 c
299 2501 447 2569 noudum
462 2500 592 2568 functus
608 2500 712 2569 officio
728 2524 787 2569 suo
803 2504 854 2570 sit.

302 2636 320 2673 a
334 2606 496 2688 Secundo,
519 2608 724 2699 exceptiones
746 2631 821 2699 quae
841 2610 1034 2695 senteutiam
1053 2607 1253 2693 rescindunt,
1274 2618 1309 2675 ut
1331 2630 1401 2677 ex-

258 2742 275 2780 e
298 2717 401 2805 ceptio
416 2714 627 2782 restitutionis
642 2715 675 2781 in
690 2715 872 2805 integrum.

303 2822 457 2904 «Tertio,
487 2821 690 2911 exceptiones
713 2844 788 2912 quea
817 2824 1008 2891 sententiam
1034 2822 1166 2914 quidem
1191 2843 1256 2889 non
1283 2821 1401 2912 impu-

258 2958 276 2996 α
299 2937 401 3019 grrant
425 2938 462 2997 ut
489 2927 720 3019 praecedentes,
752 2930 976 2997 executionem
1003 2938 1113 2997 tamen
1134 2928 1321 3019 impediunt
1344 2930 1401 2998 vel

259 3064 275 3103 a
300 3037 509 3105 moderantur
515 3062 524 3120 ;
542 3042 578 3101 ut
593 3043 669 3102 suut
688 3036 834 3126 exceptio
851 3036 1135 3105 senatusconsulti
1156 3035 1398 3123 Macedoniani,

258 3172 275 3210 a
297 3152 478 3212 numerate
493 3140 652 3232 pecnnia,
666 3148 698 3209 et
709 3140 742 3209 id
756 3164 862 3231 genus
873 3142 989 3211 aliae.»
1010 3142 1325 3235 (Schmalzgmeber,
1337 3142 1396 3211 cit.

255 3253 339 3339 loeo,
358 3275 391 3319 n.
408 3250 477 3340 tt.)

298 3359 406 3428 Manet
420 3366 531 3425 tamen
547 3357 659 3447 regula
672 3356 844 3447 generalis,
859 3358 1092 3449 peremptorias
1110 3358 1314 3449 exceptiones
1326 3380 1399 3429 esse

255 3479 327 3562 pust
342 3466 605 3536 contestationem
619 3464 697 3553 litis,
716 3473 748 3533 et
762 3478 840 3533 ante
854 3465 1047 3534 sententiam
1062 3466 1282 3557 opponendas.

299 3576 441 3656 qusrm
458 3577 504 3641 6².
521 3610 566 3623 -
586 3574 636 3639 An
645 3570 755 3662 judee
763 3572 868 3663 possit
880 3572 1087 3664 prescribere
1102 3572 1281 3641 terminum
1307 3573 1399 3642 intra

254 3706 351 3778 quem
367 3680 502 3750 debeant
519 3682 661 3771 proponi
684 3680 883 3771 exceptiones
908 3679 1096 3748 dilatoriae?
1118 3718 1161 3730 —
1188 3678 1399 3750 Affirmative

254 3786 518 3884 respondendum
530 3785 605 3854 vide
617 3786 791 3878 probatum
804 3786 891 3878 apud
902 3785 1195 3877 Schmalzgrneher
1207 3787 1251 3877 (in
1267 3786 1317 3855 tit.
1339 3790 1397 3877 25,

254 3899 331 3968 libri
346 3901 366 3964 2
382 3896 522 3981 bearet,
532 3916 567 3961 n.
582 3892 1036 3985 25.)1bidemcutempr0bet
1051 3893 1140 3961 idem
1152 3902 1276 3982 auctor,
1287 3894 1399 3986 elapso

257 4009 318 4076 hoc
339 4003 480 4074 termino
503 3999 697 4090 reputariter
718 4023 784 4069 non
807 4024 874 4069 esse
896 4000 1039 4091 amplius
1060 4000 1261 4069 audiendum
1286 4022 1396 4091 reum,

257 4110 414 4204 ejusmodi
430 4108 633 4198 exceptiones
648 4128 829 4198 proponere
844 4106 1025 4186 volentem3
1044 4105 1113 4174 dari
1127 4114 1339 4175 tumencesns
1354 4109 1398 4177 ab

257 4222 316 4294 hac
342 4215 483 4307 generali
507 4213 619 4302 regula
646 4212 848 4293 recedentes;
875 4214 995 4303 opponi
1020 4232 1138 4302 nempe
1162 4233 1267 4302 posse,
1297 4211 1397 4283 etiam
