<?xml version="1.0" encoding="UTF-8"?>
<!DOCTYPE html PUBLIC "-//W3C//DTD XHTML 1.0 Transitional//EN"
    "http://www.w3.org/TR/xhtml1/DTD/xhtml1-transitional.dtd">
<html xmlns="http://www.w3.org/1999/xhtml" xml:lang="en" lang="en">
 <head>
  <title>
</title>
<meta http-equiv="Content-Type" content="text/html;charset=utf-8" />
  <meta name='ocr-system' content='tesseract 3.04.00' />
  <meta name='ocr-capabilities' content='ocr_page ocr_carea ocr_par ocr_line ocrx_word'/>
</head>
<body>
  <div class='ocr_page' id='page_1' title='image "./tractatusdejudi00goog_0202.png"; bbox 0 0 3050 4984; ppageno 0'>
   <div class='ocr_carea' id='block_1_1' title="bbox 292 454 1053 517">
    <p class='ocr_par' dir='ltr' id='par_1_1' title="bbox 292 454 1053 517">
     <span class='ocr_line' id='line_1_1' title="bbox 292 454 1053 517; baseline -0.003 0"><span class='ocrx_word' id='word_1_1' title='bbox 292 454 352 517; x_wconf 78' lang='lat' dir='ltr'><strong>rat</strong></span> <span class='ocrx_word' id='word_1_2' title='bbox 663 470 838 515; x_wconf 74' lang='lat' dir='ltr'><strong>reserares</strong></span> <span class='ocrx_word' id='word_1_3' title='bbox 861 470 899 515; x_wconf 78' lang='lat' dir='ltr'><strong>nu</strong></span> <span class='ocrx_word' id='word_1_4' title='bbox 921 470 1053 515; x_wconf 77' lang='lat' dir='ltr'><strong>urnrcus.</strong></span> 
     </span>
    </p>
   </div>
   <div class='ocr_carea' id='block_1_2' title="bbox 284 590 1435 1003">
    <p class='ocr_par' dir='ltr' id='par_1_2' title="bbox 284 590 1435 1003">
     <span class='ocr_line' id='line_1_2' title="bbox 289 590 1435 683; baseline 0 -24"><span class='ocrx_word' id='word_1_5' title='bbox 289 593 366 661; x_wconf 88' lang='lat' dir='ltr'><strong>dum</strong></span> <span class='ocrx_word' id='word_1_6' title='bbox 383 614 458 659; x_wconf 86' lang='lat' dir='ltr'><strong>reus</strong></span> <span class='ocrx_word' id='word_1_7' title='bbox 480 592 685 683; x_wconf 86' lang='lat' dir='ltr'><strong>exceptiones</strong></span> <span class='ocrx_word' id='word_1_8' title='bbox 711 614 788 660; x_wconf 87' lang='lat' dir='ltr'><strong>suas</strong></span> <span class='ocrx_word' id='word_1_9' title='bbox 802 591 937 683; x_wconf 88' lang='lat' dir='ltr'><strong>opponit</strong></span> <span class='ocrx_word' id='word_1_10' title='bbox 943 619 952 680; x_wconf 89' lang='lat'>;</span> <span class='ocrx_word' id='word_1_11' title='bbox 977 614 1036 659; x_wconf 86' lang='lat' dir='ltr'><strong>neo</strong></span> <span class='ocrx_word' id='word_1_12' title='bbox 1052 591 1241 661; x_wconf 87' lang='lat' dir='ltr'><strong>etiamdum</strong></span> <span class='ocrx_word' id='word_1_13' title='bbox 1259 590 1435 683; x_wconf 79' lang='lat' dir='ltr'><strong>respondet</strong></span> 
     </span>
     <span class='ocr_line' id='line_1_3' title="bbox 287 698 1432 791; baseline -0.002 -22"><span class='ocrx_word' id='word_1_14' title='bbox 287 699 436 791; x_wconf 87' lang='lat' dir='ltr'><strong>petitioni</strong></span> <span class='ocrx_word' id='word_1_15' title='bbox 451 699 581 785; x_wconf 84' lang='lat' dir='ltr'><strong>actoris,</strong></span> <span class='ocrx_word' id='word_1_16' title='bbox 598 700 625 767; x_wconf 91' lang='lat' dir='ltr'><strong>si</strong></span> <span class='ocrx_word' id='word_1_17' title='bbox 645 719 798 790; x_wconf 73' lang='lat' dir='ltr'><strong>expresse</strong></span> <span class='ocrx_word' id='word_1_18' title='bbox 821 706 1015 791; x_wconf 76' lang='lat' dir='ltr'><strong>protestetur</strong></span> <span class='ocrx_word' id='word_1_19' title='bbox 1029 721 1063 767; x_wconf 86' lang='lat' dir='ltr'><strong>se</strong></span> <span class='ocrx_word' id='word_1_20' title='bbox 1083 698 1278 791; x_wconf 85' lang='lat' dir='ltr'><strong>respondere</strong></span> <span class='ocrx_word' id='word_1_21' title='bbox 1294 698 1363 767; x_wconf 88' lang='lat' dir='ltr'><strong>sine</strong></span> <span class='ocrx_word' id='word_1_22' title='bbox 1378 700 1432 767; x_wconf 90' lang='lat' dir='ltr'><strong>in-</strong></span> 
     </span>
     <span class='ocr_line' id='line_1_4' title="bbox 284 806 1432 898; baseline 0.003 -24"><span class='ocrx_word' id='word_1_23' title='bbox 284 808 427 875; x_wconf 88' lang='lat' dir='ltr'><strong>tentione</strong></span> <span class='ocrx_word' id='word_1_24' title='bbox 440 806 639 875; x_wconf 86' lang='lat' dir='ltr'><strong>contestandi</strong></span> <span class='ocrx_word' id='word_1_25' title='bbox 648 807 751 894; x_wconf 86' lang='lat' dir='ltr'><strong>litem,</strong></span> <span class='ocrx_word' id='word_1_26' title='bbox 766 806 841 875; x_wconf 91' lang='lat' dir='ltr'><strong>vide</strong></span> <span class='ocrx_word' id='word_1_27' title='bbox 855 806 941 898; x_wconf 90' lang='lat' dir='ltr'><strong>apud</strong></span> <span class='ocrx_word' id='word_1_28' title='bbox 958 806 1128 876; x_wconf 87' lang='lat' dir='ltr'><strong>laudatum</strong></span> <span class='ocrx_word' id='word_1_29' title='bbox 1139 815 1303 877; x_wconf 77' lang='lat' dir='ltr'><strong>auctorem</strong></span> <span class='ocrx_word' id='word_1_30' title='bbox 1320 807 1432 897; x_wconf 86' lang='lat' dir='ltr'><strong>(citato</strong></span> 
     </span>
     <span class='ocr_line' id='line_1_5' title="bbox 286 914 487 1003; baseline -0.005 -22"><span class='ocrx_word' id='word_1_31' title='bbox 286 914 369 1000; x_wconf 88' lang='lat' dir='ltr'><strong>loco,</strong></span> <span class='ocrx_word' id='word_1_32' title='bbox 387 937 420 982; x_wconf 92' lang='grc' dir='ltr'><strong>ιι.</strong></span> <span class='ocrx_word' id='word_1_33' title='bbox 442 914 487 1003; x_wconf 87' lang='grc'><strong>6).</strong></span> 
     </span>
    </p>
   </div>
   <div class='ocr_carea' id='block_1_3' title="bbox 757 1224 970 1294">
    <p class='ocr_par' dir='ltr' id='par_1_3' title="bbox 757 1224 970 1294">
     <span class='ocr_line' id='line_1_6' title="bbox 757 1224 970 1294; baseline 0 -1"><span class='ocrx_word' id='word_1_34' title='bbox 757 1224 901 1294; x_wconf 83' lang='lat' dir='ltr'>CAPUT</span> <span class='ocrx_word' id='word_1_35' title='bbox 929 1226 970 1293; x_wconf 85' lang='grc' dir='ltr'><strong>ΙΙ.</strong></span> 
     </span>
    </p>
   </div>
   <div class='ocr_carea' id='block_1_4' title="bbox 328 1444 1385 1609">
    <p class='ocr_par' dir='ltr' id='par_1_4' title="bbox 328 1444 1385 1609">
     <span class='ocr_line' id='line_1_7' title="bbox 328 1444 1385 1511; baseline -0.001 -21"><span class='ocrx_word' id='word_1_36' title='bbox 328 1446 367 1491; x_wconf 80' lang='grc' dir='ltr'><strong>ΒΕ</strong></span> <span class='ocrx_word' id='word_1_37' title='bbox 394 1444 575 1491; x_wconf 73' lang='lat' dir='ltr'><strong>JURAMRNTO</strong></span> <span class='ocrx_word' id='word_1_38' title='bbox 602 1445 782 1511; x_wconf 69' lang='lat' dir='ltr'>CALUHNIAE,</span> <span class='ocrx_word' id='word_1_39' title='bbox 807 1446 858 1493; x_wconf 77' lang='lat' dir='ltr'><strong>unt</strong></span> <span class='ocrx_word' id='word_1_40' title='bbox 886 1447 923 1493; x_wconf 78' lang='lat' dir='ltr'><strong>BT</strong></span> <span class='ocrx_word' id='word_1_41' title='bbox 953 1446 992 1491; x_wconf 81' lang='lat' dir='ltr'><strong>DE</strong></span> <span class='ocrx_word' id='word_1_42' title='bbox 1020 1444 1199 1491; x_wconf 67' lang='lat' dir='ltr'><strong>JURAUENTO</strong></span> <span class='ocrx_word' id='word_1_43' title='bbox 1222 1444 1385 1491; x_wconf 73' lang='lat' dir='ltr'>VERITATIS</span> 
     </span>
     <span class='ocr_line' id='line_1_8' title="bbox 754 1563 961 1609; baseline 0.005 -1"><span class='ocrx_word' id='word_1_44' title='bbox 754 1564 793 1608; x_wconf 78' lang='lat' dir='ltr'><strong>BT</strong></span> <span class='ocrx_word' id='word_1_45' title='bbox 815 1563 961 1609; x_wconf 69' lang='lat' dir='ltr'><strong>stastum.</strong></span> 
     </span>
    </p>
   </div>
   <div class='ocr_carea' id='block_1_5' title="bbox 280 1760 1432 2365">
    <p class='ocr_par' dir='ltr' id='par_1_5' title="bbox 280 1760 1432 2365">
     <span class='ocr_line' id='line_1_9' title="bbox 326 1760 1432 1856; baseline -0.004 -27"><span class='ocrx_word' id='word_1_46' title='bbox 326 1762 481 1830; x_wconf 85' lang='lat' dir='ltr'><strong>Dicemus</strong></span> <span class='ocrx_word' id='word_1_47' title='bbox 498 1765 530 1829; x_wconf 79' lang='grc' dir='ltr'><strong>1ο</strong></span> <span class='ocrx_word' id='word_1_48' title='bbox 544 1761 625 1854; x_wconf 82' lang='lat' dir='ltr'><strong>quid</strong></span> <span class='ocrx_word' id='word_1_49' title='bbox 640 1762 706 1830; x_wconf 90' lang='lat' dir='ltr'><strong>sint</strong></span> <span class='ocrx_word' id='word_1_50' title='bbox 720 1762 881 1853; x_wconf 87' lang='lat' dir='ltr'><strong>ejusmodi</strong></span> <span class='ocrx_word' id='word_1_51' title='bbox 895 1764 1101 1856; x_wconf 80' lang='lat' dir='ltr'><strong>juramenta3</strong></span> <span class='ocrx_word' id='word_1_52' title='bbox 1120 1766 1153 1829; x_wconf 78' lang='lat'><strong>2⁰</strong></span> <span class='ocrx_word' id='word_1_53' title='bbox 1168 1760 1344 1853; x_wconf 82' lang='lat' dir='ltr'><strong>quomodo,</strong></span> <span class='ocrx_word' id='word_1_54' title='bbox 1364 1782 1432 1827; x_wconf 86' lang='lat' dir='ltr'><strong>us—</strong></span> 
     </span>
     <span class='ocr_line' id='line_1_10' title="bbox 281 1866 1431 1960; baseline -0.002 -23"><span class='ocrx_word' id='word_1_55' title='bbox 281 1891 345 1958; x_wconf 90' lang='lat' dir='ltr'><strong>que</strong></span> <span class='ocrx_word' id='word_1_56' title='bbox 371 1868 411 1936; x_wconf 86' lang='lat' dir='ltr'><strong>ad</strong></span> <span class='ocrx_word' id='word_1_57' title='bbox 427 1870 605 1938; x_wconf 85' lang='lat' dir='ltr'><strong>recentiora</strong></span> <span class='ocrx_word' id='word_1_58' title='bbox 630 1880 789 1960; x_wconf 88' lang='lat' dir='ltr'><strong>tempora,</strong></span> <span class='ocrx_word' id='word_1_59' title='bbox 808 1870 1005 1939; x_wconf 86' lang='lat' dir='ltr'><strong>intellectum</strong></span> <span class='ocrx_word' id='word_1_60' title='bbox 1020 1869 1118 1939; x_wconf 86' lang='lat' dir='ltr'><strong>fuerit</strong></span> <span class='ocrx_word' id='word_1_61' title='bbox 1140 1892 1160 1937; x_wconf 84' lang='lat' dir='ltr'><strong>a</strong></span> <span class='ocrx_word' id='word_1_62' title='bbox 1184 1867 1358 1937; x_wconf 85' lang='lat' dir='ltr'><strong>canonistis</strong></span> <span class='ocrx_word' id='word_1_63' title='bbox 1370 1866 1431 1958; x_wconf 86' lang='lat' dir='ltr'><strong>jus</strong></span> 
     </span>
     <span class='ocr_line' id='line_1_11' title="bbox 281 1973 1432 2068; baseline -0.001 -26"><span class='ocrx_word' id='word_1_64' title='bbox 281 1998 454 2044; x_wconf 87' lang='lat' dir='ltr'><strong>commune</strong></span> <span class='ocrx_word' id='word_1_65' title='bbox 479 1977 563 2044; x_wconf 87' lang='lat' dir='ltr'><strong>circa</strong></span> <span class='ocrx_word' id='word_1_66' title='bbox 576 2000 672 2045; x_wconf 88' lang='lat' dir='ltr'><strong>usum</strong></span> <span class='ocrx_word' id='word_1_67' title='bbox 699 1977 859 2068; x_wconf 86' lang='lat' dir='ltr'><strong>ejusmodi</strong></span> <span class='ocrx_word' id='word_1_68' title='bbox 873 1978 1133 2068; x_wconf 82' lang='lat' dir='ltr'><strong>juramentorum</strong></span> <span class='ocrx_word' id='word_1_69' title='bbox 1151 1976 1187 2043; x_wconf 90' lang='lat' dir='ltr'><strong>iu</strong></span> <span class='ocrx_word' id='word_1_70' title='bbox 1201 1976 1306 2043; x_wconf 88' lang='lat' dir='ltr'><strong>causis</strong></span> <span class='ocrx_word' id='word_1_71' title='bbox 1319 1973 1432 2041; x_wconf 86' lang='lat' dir='ltr'><strong>civili-</strong></span> 
     </span>
     <span class='ocr_line' id='line_1_12' title="bbox 280 2080 1431 2175; baseline 0.002 -28"><span class='ocrx_word' id='word_1_72' title='bbox 280 2082 342 2149; x_wconf 86' lang='lat' dir='ltr'><strong>bus</strong></span> <span class='ocrx_word' id='word_1_73' title='bbox 350 2108 359 2167; x_wconf 82' lang='lat'><em>3</em></span> <span class='ocrx_word' id='word_1_74' title='bbox 378 2084 410 2148; x_wconf 84' lang='lat'><strong>3⁰</strong></span> <span class='ocrx_word' id='word_1_75' title='bbox 423 2092 455 2149; x_wconf 88' lang='lat' dir='ltr'><strong>et</strong></span> <span class='ocrx_word' id='word_1_76' title='bbox 469 2082 633 2174; x_wconf 88' lang='lat' dir='ltr'><strong>quomodo</strong></span> <span class='ocrx_word' id='word_1_77' title='bbox 645 2083 679 2151; x_wconf 92' lang='lat' dir='ltr'><strong>in</strong></span> <span class='ocrx_word' id='word_1_78' title='bbox 695 2085 801 2153; x_wconf 89' lang='lat' dir='ltr'><strong>causis</strong></span> <span class='ocrx_word' id='word_1_79' title='bbox 814 2083 1059 2171; x_wconf 82' lang='lat' dir='ltr'><strong>criminalibus3</strong></span> <span class='ocrx_word' id='word_1_80' title='bbox 1078 2089 1111 2152; x_wconf 65' lang='lat'><strong>4⁰</strong></span> <span class='ocrx_word' id='word_1_81' title='bbox 1125 2104 1277 2175; x_wconf 81' lang='lat' dir='ltr'><strong>quaenam</strong></span> <span class='ocrx_word' id='word_1_82' title='bbox 1293 2080 1431 2150; x_wconf 88' lang='lat' dir='ltr'><strong>hodier-</strong></span> 
     </span>
     <span class='ocr_line' id='line_1_13' title="bbox 281 2187 1428 2282; baseline 0.002 -27"><span class='ocrx_word' id='word_1_83' title='bbox 281 2188 332 2255; x_wconf 87' lang='lat' dir='ltr'><strong>nis</strong></span> <span class='ocrx_word' id='word_1_84' title='bbox 346 2190 545 2280; x_wconf 79' lang='lat' dir='ltr'><strong>temporibus</strong></span> <span class='ocrx_word' id='word_1_85' title='bbox 555 2190 719 2279; x_wconf 84' lang='lat' dir='ltr'><strong>generalis</strong></span> <span class='ocrx_word' id='word_1_86' title='bbox 735 2191 847 2282; x_wconf 83' lang='lat' dir='ltr'><strong>praxis</strong></span> <span class='ocrx_word' id='word_1_87' title='bbox 863 2191 1039 2261; x_wconf 85' lang='lat' dir='ltr'><strong>invaluerit</strong></span> <span class='ocrx_word' id='word_1_88' title='bbox 1054 2200 1085 2258; x_wconf 90' lang='lat' dir='ltr'><strong>et</strong></span> <span class='ocrx_word' id='word_1_89' title='bbox 1107 2188 1267 2259; x_wconf 85' lang='lat' dir='ltr'><strong>servanda</strong></span> <span class='ocrx_word' id='word_1_90' title='bbox 1283 2189 1325 2255; x_wconf 86' lang='lat' dir='ltr'><strong>sit</strong></span> <span class='ocrx_word' id='word_1_91' title='bbox 1337 2209 1357 2255; x_wconf 88' lang='lat' dir='ltr'><strong>a</strong></span> <span class='ocrx_word' id='word_1_92' title='bbox 1368 2187 1428 2278; x_wconf 89' lang='lat' dir='ltr'><strong>ju-</strong></span> 
     </span>
     <span class='ocr_line' id='line_1_14' title="bbox 281 2294 653 2365; baseline 0.011 -4"><span class='ocrx_word' id='word_1_93' title='bbox 281 2294 407 2363; x_wconf 86' lang='lat' dir='ltr'><strong>dicibus</strong></span> <span class='ocrx_word' id='word_1_94' title='bbox 422 2296 653 2365; x_wconf 83' lang='lat' dir='ltr'><strong>aeclesiasticis.</strong></span> 
     </span>
    </p>
   </div>
   <div class='ocr_carea' id='block_1_6' title="bbox 816 2539 885 2629">
    <p class='ocr_par' dir='ltr' id='par_1_6' title="bbox 816 2539 885 2629">
     <span class='ocr_line' id='line_1_15' title="bbox 816 2539 885 2629; baseline -0.014 -23"><span class='ocrx_word' id='word_1_95' title='bbox 816 2539 885 2629; x_wconf 74' lang='lat' dir='ltr'><strong>§r</strong></span> 
     </span>
    </p>
   </div>
   <div class='ocr_carea' id='block_1_7' title="bbox 479 2724 1219 2790">
    <p class='ocr_par' dir='ltr' id='par_1_7' title="bbox 479 2724 1219 2790">
     <span class='ocr_line' id='line_1_16' title="bbox 479 2724 1219 2790; baseline 0 -15"><span class='ocrx_word' id='word_1_96' title='bbox 479 2726 544 2784; x_wconf 85' lang='lat' dir='ltr'><strong>Quid</strong></span> <span class='ocrx_word' id='word_1_97' title='bbox 557 2725 591 2777; x_wconf 86' lang='lat' dir='ltr'><strong>sit</strong></span> <span class='ocrx_word' id='word_1_98' title='bbox 598 2724 774 2790; x_wconf 83' lang='lat' dir='ltr'><strong>juramentum</strong></span> <span class='ocrx_word' id='word_1_99' title='bbox 786 2726 932 2789; x_wconf 76' lang='lat' dir='ltr'><strong>calumnia,</strong></span> <span class='ocrx_word' id='word_1_100' title='bbox 946 2726 1060 2777; x_wconf 80' lang='lat' dir='ltr'><strong>veritatis</strong></span> <span class='ocrx_word' id='word_1_101' title='bbox 1073 2730 1098 2777; x_wconf 87' lang='lat' dir='ltr'><strong>st</strong></span> <span class='ocrx_word' id='word_1_102' title='bbox 1109 2726 1219 2777; x_wconf 66' lang='lat' dir='ltr'><strong>matitia.</strong></span> 
     </span>
    </p>
   </div>
   <div class='ocr_carea' id='block_1_8' title="bbox 275 2950 1520 3792">
    <p class='ocr_par' dir='ltr' id='par_1_8' title="bbox 275 2950 1520 3792">
     <span class='ocr_line' id='line_1_17' title="bbox 321 2950 1520 3042; baseline -0.003 -23"><span class='ocrx_word' id='word_1_103' title='bbox 321 2952 463 3032; x_wconf 69' lang='lat' dir='ltr'><strong>Qumrro</strong></span> <span class='ocrx_word' id='word_1_104' title='bbox 481 2956 523 3018; x_wconf 79' lang='lat'><strong>1¹.</strong></span> <span class='ocrx_word' id='word_1_105' title='bbox 541 2990 584 3003; x_wconf 91' lang='lat'><em>-</em></span> <span class='ocrx_word' id='word_1_106' title='bbox 603 2951 693 3034; x_wconf 81' lang='lat' dir='ltr'><strong>Ouid</strong></span> <span class='ocrx_word' id='word_1_107' title='bbox 704 2952 746 3019; x_wconf 84' lang='lat' dir='ltr'><strong>sit</strong></span> <span class='ocrx_word' id='word_1_108' title='bbox 754 2954 991 3042; x_wconf 81' lang='lat' dir='ltr'><strong>jurameutum</strong></span> <span class='ocrx_word' id='word_1_109' title='bbox 1005 2951 1204 3019; x_wconf 76' lang='lat' dir='ltr'><strong>calumniae?</strong></span> <span class='ocrx_word' id='word_1_110' title='bbox 1229 2988 1273 3001; x_wconf 88' lang='lat'>-</span> <span class='ocrx_word' id='word_1_111' title='bbox 1288 2950 1428 3019; x_wconf 83' lang='lat' dir='ltr'><strong>Colum·</strong></span> <span class='ocrx_word' id='word_1_112' title='bbox 1519 3006 1520 3015; x_wconf 73' lang='grc'>,</span> 
     </span>
     <span class='ocr_line' id='line_1_18' title="bbox 277 3057 1519 3151; baseline -0.002 -26"><span class='ocrx_word' id='word_1_113' title='bbox 277 3060 342 3125; x_wconf 82' lang='lat' dir='ltr'><strong>niae</strong></span> <span class='ocrx_word' id='word_1_114' title='bbox 359 3058 517 3127; x_wconf 89' lang='lat' dir='ltr'><strong>vocabulo</strong></span> <span class='ocrx_word' id='word_1_115' title='bbox 541 3058 627 3150; x_wconf 86' lang='lat' dir='ltr'><strong>apud</strong></span> <span class='ocrx_word' id='word_1_116' title='bbox 653 3058 858 3151; x_wconf 86' lang='lat' dir='ltr'><strong>jurisperitos</strong></span> <span class='ocrx_word' id='word_1_117' title='bbox 884 3082 949 3127; x_wconf 92' lang='lat' dir='ltr'><strong>non</strong></span> <span class='ocrx_word' id='word_1_118' title='bbox 966 3068 1092 3127; x_wconf 84' lang='lat' dir='ltr'><strong>tantum</strong></span> <span class='ocrx_word' id='word_1_119' title='bbox 1108 3057 1428 3150; x_wconf 82' lang='lat' dir='ltr'><strong>exprimiturfalso-</strong></span> <span class='ocrx_word' id='word_1_120' title='bbox 1518 3098 1519 3122; x_wconf 55' lang='grc' dir='ltr'><strong>ι</strong></span> 
     </span>
     <span class='ocr_line' id='line_1_19' title="bbox 276 3164 1518 3256; baseline -0.003 -24"><span class='ocrx_word' id='word_1_121' title='bbox 276 3188 351 3232; x_wconf 86' lang='lat' dir='ltr'><strong>rum</strong></span> <span class='ocrx_word' id='word_1_122' title='bbox 374 3165 553 3233; x_wconf 88' lang='lat' dir='ltr'><strong>criminum</strong></span> <span class='ocrx_word' id='word_1_123' title='bbox 569 3166 749 3253; x_wconf 83' lang='lat' dir='ltr'><strong>intentatio,</strong></span> <span class='ocrx_word' id='word_1_124' title='bbox 778 3166 945 3234; x_wconf 86' lang='lat' dir='ltr'><strong>sedetiam</strong></span> <span class='ocrx_word' id='word_1_125' title='bbox 970 3165 1124 3256; x_wconf 78' lang='lat' dir='ltr'><strong>quaelibet</strong></span> <span class='ocrx_word' id='word_1_126' title='bbox 1143 3164 1233 3233; x_wconf 82' lang='lat' dir='ltr'><strong>fraus</strong></span> <span class='ocrx_word' id='word_1_127' title='bbox 1254 3166 1291 3233; x_wconf 93' lang='lat' dir='ltr'><strong>in</strong></span> <span class='ocrx_word' id='word_1_128' title='bbox 1310 3164 1428 3233; x_wconf 83' lang='lat' dir='ltr'><strong>litibus</strong></span> <span class='ocrx_word' id='word_1_129' title='bbox 1517 3178 1518 3228; x_wconf 76' lang='lat' dir='ltr'><strong>t</strong></span> 
     </span>
     <span class='ocr_line' id='line_1_20' title="bbox 275 3270 1517 3367; baseline 0.002 -29"><span class='ocrx_word' id='word_1_130' title='bbox 275 3270 433 3340; x_wconf 88' lang='lat' dir='ltr'><strong>adhibito.</strong></span> <span class='ocrx_word' id='word_1_131' title='bbox 448 3272 533 3339; x_wconf 88' lang='lat' dir='ltr'><strong>Hinc</strong></span> <span class='ocrx_word' id='word_1_132' title='bbox 544 3271 767 3362; x_wconf 86' lang='lat' dir='ltr'><strong>juramentum</strong></span> <span class='ocrx_word' id='word_1_133' title='bbox 779 3272 966 3360; x_wconf 83' lang='lat' dir='ltr'><strong>calumniae,</strong></span> <span class='ocrx_word' id='word_1_134' title='bbox 977 3272 1082 3341; x_wconf 85' lang='lat' dir='ltr'><strong>sende</strong></span> <span class='ocrx_word' id='word_1_135' title='bbox 1094 3271 1231 3341; x_wconf 82' lang='lat' dir='ltr'><strong>vitanda</strong></span> <span class='ocrx_word' id='word_1_136' title='bbox 1244 3272 1423 3357; x_wconf 83' lang='lat' dir='ltr'><strong>calumnia,</strong></span> <span class='ocrx_word' id='word_1_137' title='bbox 1515 3276 1517 3367; x_wconf 69' lang='lat' dir='ltr'><strong>t</strong></span> 
     </span>
     <span class='ocr_line' id='line_1_21' title="bbox 275 3368 1516 3472; baseline 0.002 -28"><span class='ocrx_word' id='word_1_138' title='bbox 275 3377 357 3445; x_wconf 87' lang='lat' dir='ltr'><strong>illud</strong></span> <span class='ocrx_word' id='word_1_139' title='bbox 373 3388 422 3446; x_wconf 88' lang='lat' dir='ltr'><strong>est</strong></span> <span class='ocrx_word' id='word_1_140' title='bbox 436 3402 502 3469; x_wconf 83' lang='lat' dir='ltr'><strong>quo</strong></span> <span class='ocrx_word' id='word_1_141' title='bbox 515 3388 652 3471; x_wconf 86' lang='lat' dir='ltr'><strong>uterque</strong></span> <span class='ocrx_word' id='word_1_142' title='bbox 665 3379 797 3469; x_wconf 84' lang='lat' dir='ltr'><strong>litigans</strong></span> <span class='ocrx_word' id='word_1_143' title='bbox 810 3380 911 3472; x_wconf 86' lang='lat' dir='ltr'><strong>jurat,</strong></span> <span class='ocrx_word' id='word_1_144' title='bbox 930 3402 964 3448; x_wconf 87' lang='lat' dir='ltr'><strong>se</strong></span> <span class='ocrx_word' id='word_1_145' title='bbox 979 3381 1064 3449; x_wconf 88' lang='lat' dir='ltr'><strong>bona</strong></span> <span class='ocrx_word' id='word_1_146' title='bbox 1079 3379 1143 3447; x_wconf 84' lang='lat' dir='ltr'><strong>fide</strong></span> <span class='ocrx_word' id='word_1_147' title='bbox 1157 3402 1286 3447; x_wconf 87' lang='lat' dir='ltr'><strong>eausam</strong></span> <span class='ocrx_word' id='word_1_148' title='bbox 1310 3402 1427 3447; x_wconf 88' lang='lat' dir='ltr'><strong>susce-</strong></span> <span class='ocrx_word' id='word_1_149' title='bbox 1514 3368 1516 3457; x_wconf 69' lang='lat' dir='ltr'><strong>i</strong></span> 
     </span>
     <span class='ocr_line' id='line_1_22' title="bbox 277 3458 1515 3577; baseline 0.002 -26"><span class='ocrx_word' id='word_1_150' title='bbox 277 3487 361 3576; x_wconf 88' lang='lat' dir='ltr'><strong>pisse</strong></span> <span class='ocrx_word' id='word_1_151' title='bbox 375 3494 406 3552; x_wconf 88' lang='lat' dir='ltr'><strong>et</strong></span> <span class='ocrx_word' id='word_1_152' title='bbox 422 3486 504 3552; x_wconf 85' lang='lat' dir='ltr'><strong>velle</strong></span> <span class='ocrx_word' id='word_1_153' title='bbox 519 3487 683 3577; x_wconf 86' lang='lat' dir='ltr'><strong>prosequi,</strong></span> <span class='ocrx_word' id='word_1_154' title='bbox 703 3486 831 3554; x_wconf 90' lang='lat' dir='ltr'><strong>nullum</strong></span> <span class='ocrx_word' id='word_1_155' title='bbox 848 3486 967 3555; x_wconf 84' lang='lat' dir='ltr'><strong>falsum</strong></span> <span class='ocrx_word' id='word_1_156' title='bbox 979 3488 1103 3554; x_wconf 87' lang='lat' dir='ltr'><strong>crimen</strong></span> <span class='ocrx_word' id='word_1_157' title='bbox 1120 3484 1321 3571; x_wconf 87' lang='lat' dir='ltr'><strong>intentando,</strong></span> <span class='ocrx_word' id='word_1_158' title='bbox 1338 3485 1427 3555; x_wconf 86' lang='lat' dir='ltr'><strong>nihil</strong></span> <span class='ocrx_word' id='word_1_159' title='bbox 1512 3458 1515 3546; x_wconf 65' lang='lat' dir='ltr'><strong>i</strong></span> 
     </span>
     <span class='ocr_line' id='line_1_23' title="bbox 276 3590 1429 3683; baseline 0.003 -25"><span class='ocrx_word' id='word_1_160' title='bbox 276 3591 402 3660; x_wconf 84' lang='lat' dir='ltr'><strong>fraudis</strong></span> <span class='ocrx_word' id='word_1_161' title='bbox 412 3591 609 3660; x_wconf 83' lang='lat' dir='ltr'><strong>adhibendo.</strong></span> <span class='ocrx_word' id='word_1_162' title='bbox 623 3592 723 3659; x_wconf 87' lang='lat' dir='ltr'><strong>Binas</strong></span> <span class='ocrx_word' id='word_1_163' title='bbox 737 3591 777 3660; x_wconf 90' lang='lat' dir='ltr'><strong>de</strong></span> <span class='ocrx_word' id='word_1_164' title='bbox 794 3592 849 3661; x_wconf 91' lang='lat' dir='ltr'><strong>illo</strong></span> <span class='ocrx_word' id='word_1_165' title='bbox 863 3593 1049 3683; x_wconf 89' lang='lat' dir='ltr'><strong>juramento</strong></span> <span class='ocrx_word' id='word_1_166' title='bbox 1071 3592 1274 3662; x_wconf 87' lang='lat' dir='ltr'><strong>definitiones</strong></span> <span class='ocrx_word' id='word_1_167' title='bbox 1289 3590 1429 3661; x_wconf 83' lang='lat' dir='ltr'><strong>exhibet</strong></span> 
     </span>
     <span class='ocr_line' id='line_1_24' title="bbox 277 3698 1427 3792; baseline 0.001 -26"><span class='ocrx_word' id='word_1_168' title='bbox 277 3698 569 3788; x_wconf 82' lang='lat' dir='ltr'><strong>Schmalzgrueber</strong></span> <span class='ocrx_word' id='word_1_169' title='bbox 584 3700 644 3767; x_wconf 89' lang='lat' dir='ltr'><strong>hoc</strong></span> <span class='ocrx_word' id='word_1_170' title='bbox 661 3701 756 3769; x_wconf 91' lang='lat' dir='ltr'><strong>modo</strong></span> <span class='ocrx_word' id='word_1_171' title='bbox 782 3726 789 3767; x_wconf 92' lang='lat'>:</span> <span class='ocrx_word' id='word_1_172' title='bbox 813 3702 873 3769; x_wconf 80' lang='lat' dir='ltr'><strong>Est</strong></span> <span class='ocrx_word' id='word_1_173' title='bbox 890 3700 1127 3791; x_wconf 83' lang='lat' dir='ltr'><strong>juramentum</strong></span> <span class='ocrx_word' id='word_1_174' title='bbox 1143 3723 1209 3791; x_wconf 87' lang='lat' dir='ltr'><strong>quo</strong></span> <span class='ocrx_word' id='word_1_175' title='bbox 1221 3716 1333 3792; x_wconf 84' lang='lat' dir='ltr'><strong>partes</strong></span> <span class='ocrx_word' id='word_1_176' title='bbox 1351 3700 1427 3767; x_wconf 82' lang='lat' dir='ltr'><strong>liti-</strong></span> 
     </span>
    </p>
   </div>
   <div class='ocr_carea' id='block_1_9' title="bbox 271 3805 1508 4329">
    <p class='ocr_par' dir='ltr' id='par_1_9' title="bbox 271 3805 1508 4329">
     <span class='ocr_line' id='line_1_25' title="bbox 276 3805 1508 3899; baseline -0.001 -26"><span class='ocrx_word' id='word_1_177' title='bbox 276 3819 389 3897; x_wconf 78' lang='lat' dir='ltr'><strong>poutcs</strong></span> <span class='ocrx_word' id='word_1_178' title='bbox 397 3807 535 3895; x_wconf 82' lang='lat' dir='ltr'><strong>jurant,</strong></span> <span class='ocrx_word' id='word_1_179' title='bbox 553 3805 642 3897; x_wconf 83' lang='lat' dir='ltr'><strong>quod</strong></span> <span class='ocrx_word' id='word_1_180' title='bbox 653 3806 842 3897; x_wconf 81' lang='lat' dir='ltr'><strong>injudicio,</strong></span> <span class='ocrx_word' id='word_1_181' title='bbox 867 3820 938 3876; x_wconf 85' lang='lat' dir='ltr'><strong>tom</strong></span> <span class='ocrx_word' id='word_1_182' title='bbox 952 3808 1091 3899; x_wconf 79' lang='lat' dir='ltr'><strong>apeudo,</strong></span> <span class='ocrx_word' id='word_1_183' title='bbox 1112 3830 1213 3899; x_wconf 84' lang='lat' dir='ltr'><strong>quom</strong></span> <span class='ocrx_word' id='word_1_184' title='bbox 1237 3807 1430 3898; x_wconf 67' lang='lat' dir='ltr'><strong>accipiendo</strong></span> <span class='ocrx_word' id='word_1_185' title='bbox 1503 3863 1508 3872; x_wconf 96' lang='lat'>.</span> 
     </span>
     <span class='ocr_line' id='line_1_26' title="bbox 276 3912 1430 4007; baseline 0.003 -27"><span class='ocrx_word' id='word_1_186' title='bbox 276 3927 305 3980; x_wconf 87' lang='lat' dir='ltr'><strong>et</strong></span> <span class='ocrx_word' id='word_1_187' title='bbox 322 3912 531 4004; x_wconf 75' lang='lat' dir='ltr'><strong>defendendo,</strong></span> <span class='ocrx_word' id='word_1_188' title='bbox 557 3913 677 4005; x_wconf 79' lang='lat' dir='ltr'><strong>absque</strong></span> <span class='ocrx_word' id='word_1_189' title='bbox 689 3913 811 4003; x_wconf 65' lang='lat' dir='ltr'><strong>froude</strong></span> <span class='ocrx_word' id='word_1_190' title='bbox 832 3928 862 3982; x_wconf 85' lang='lat' dir='ltr'><strong>et</strong></span> <span class='ocrx_word' id='word_1_191' title='bbox 886 3916 1055 3984; x_wconf 83' lang='lat' dir='ltr'><strong>calumnia</strong></span> <span class='ocrx_word' id='word_1_192' title='bbox 1080 3915 1216 3997; x_wconf 80' lang='lat' dir='ltr'><strong>versari,</strong></span> <span class='ocrx_word' id='word_1_193' title='bbox 1244 3916 1430 4007; x_wconf 78' lang='lat' dir='ltr'><strong>omniaque</strong></span> 
     </span>
     <span class='ocr_line' id='line_1_27' title="bbox 278 4018 1429 4113; baseline 0.002 -26"><span class='ocrx_word' id='word_1_194' title='bbox 278 4020 363 4088; x_wconf 83' lang='lat' dir='ltr'><strong>bona</strong></span> <span class='ocrx_word' id='word_1_195' title='bbox 376 4018 444 4110; x_wconf 73' lang='lat' dir='ltr'><strong>fide</strong></span> <span class='ocrx_word' id='word_1_196' title='bbox 454 4041 616 4111; x_wconf 76' lang='lat' dir='ltr'><strong>percepere</strong></span> <span class='ocrx_word' id='word_1_197' title='bbox 630 4020 741 4088; x_wconf 82' lang='lat' dir='ltr'><strong>uelint.</strong></span> <span class='ocrx_word' id='word_1_198' title='bbox 759 4020 834 4109; x_wconf 87' lang='lat' dir='ltr'><strong>Vel,</strong></span> <span class='ocrx_word' id='word_1_199' title='bbox 851 4031 887 4089; x_wconf 88' lang='lat' dir='ltr'><strong>ut</strong></span> <span class='ocrx_word' id='word_1_200' title='bbox 905 4023 974 4109; x_wconf 88' lang='lat' dir='ltr'><strong>alii,</strong></span> <span class='ocrx_word' id='word_1_201' title='bbox 991 4021 1123 4092; x_wconf 83' lang='lat' dir='ltr'><strong>brevius</strong></span> <span class='ocrx_word' id='word_1_202' title='bbox 1143 4049 1150 4089; x_wconf 95' lang='lat'>:</span> <span class='ocrx_word' id='word_1_203' title='bbox 1169 4025 1230 4090; x_wconf 84' lang='lat' dir='ltr'><strong>Est</strong></span> <span class='ocrx_word' id='word_1_204' title='bbox 1240 4022 1429 4113; x_wconf 83' lang='lat' dir='ltr'><strong>jurumen-</strong></span> 
     </span>
     <span class='ocr_line' id='line_1_28' title="bbox 278 4127 1432 4220; baseline 0.004 -26"><span class='ocrx_word' id='word_1_205' title='bbox 278 4140 349 4194; x_wconf 86' lang='lat' dir='ltr'><strong>tum</strong></span> <span class='ocrx_word' id='word_1_206' title='bbox 373 4152 395 4195; x_wconf 87' lang='lat' dir='ltr'><strong>o</strong></span> <span class='ocrx_word' id='word_1_207' title='bbox 415 4127 623 4218; x_wconf 76' lang='lat' dir='ltr'><strong>litiqautibus</strong></span> <span class='ocrx_word' id='word_1_208' title='bbox 638 4149 734 4219; x_wconf 84' lang='lat' dir='ltr'><strong>super</strong></span> <span class='ocrx_word' id='word_1_209' title='bbox 749 4151 851 4197; x_wconf 85' lang='lat' dir='ltr'><strong>causo</strong></span> <span class='ocrx_word' id='word_1_210' title='bbox 866 4128 950 4196; x_wconf 82' lang='lat' dir='ltr'><strong>boue</strong></span> <span class='ocrx_word' id='word_1_211' title='bbox 966 4128 1033 4220; x_wconf 71' lang='lat' dir='ltr'><strong>fide</strong></span> <span class='ocrx_word' id='word_1_212' title='bbox 1059 4141 1207 4219; x_wconf 84' lang='lat' dir='ltr'><strong>suscepta</strong></span> <span class='ocrx_word' id='word_1_213' title='bbox 1230 4141 1261 4196; x_wconf 89' lang='lat' dir='ltr'><strong>et</strong></span> <span class='ocrx_word' id='word_1_214' title='bbox 1277 4128 1432 4220; x_wconf 70' lang='lat' dir='ltr'><strong>deuceps</strong></span> 
     </span>
     <span class='ocr_line' id='line_1_29' title="bbox 271 4231 1432 4329; baseline 0.007 -30"><span class='ocrx_word' id='word_1_215' title='bbox 271 4234 498 4325; x_wconf 80' lang='lat' dir='ltr'><strong>prosequendo</strong></span> <span class='ocrx_word' id='word_1_216' title='bbox 510 4232 750 4327; x_wconf 71' lang='lat' dir='ltr'><strong>prestandum.</strong></span> <span class='ocrx_word' id='word_1_217' title='bbox 773 4236 822 4328; x_wconf 77' lang='lat' dir='ltr'><strong>(ln</strong></span> <span class='ocrx_word' id='word_1_218' title='bbox 842 4236 892 4304; x_wconf 89' lang='lat' dir='ltr'><strong>tit.</strong></span> <span class='ocrx_word' id='word_1_219' title='bbox 910 4239 943 4322; x_wconf 87' lang='lat'><strong>7,</strong></span> <span class='ocrx_word' id='word_1_220' title='bbox 959 4231 1033 4302; x_wconf 88' lang='lat' dir='ltr'><strong>libri</strong></span> <span class='ocrx_word' id='word_1_221' title='bbox 1059 4240 1077 4302; x_wconf 81' lang='lat'><strong>2</strong></span> <span class='ocrx_word' id='word_1_222' title='bbox 1094 4236 1238 4324; x_wconf 81' lang='lat' dir='ltr'><strong>Deerat,</strong></span> <span class='ocrx_word' id='word_1_223' title='bbox 1256 4258 1288 4303; x_wconf 91' lang='lat' dir='ltr'><strong>n.</strong></span> <span class='ocrx_word' id='word_1_224' title='bbox 1309 4236 1354 4329; x_wconf 75' lang='lat'><strong>2.)</strong></span> <span class='ocrx_word' id='word_1_225' title='bbox 1372 4236 1432 4307; x_wconf 77' lang='lat' dir='ltr'><strong>Ex</strong></span> 
     </span>
    </p>
   </div>
   <div class='ocr_carea' id='block_1_10' title="bbox 0 0 1538 4984">
    <p class='ocr_par' dir='ltr' id='par_1_10' title="bbox 0 0 1538 4984">
     <span class='ocr_line' id='line_1_30' title="bbox 0 0 1538 4984; baseline 0 0"><span class='ocrx_word' id='word_1_226' title='bbox 0 0 1538 4984; x_wconf 95' lang='lat' dir='ltr'><strong> </strong></span> 
     </span>
    </p>
   </div>
  </div>
 </body>
</html>
