3050 4984
553 494 627 537 raas
650 494 795 539 sacuam.
1185 470 1240 536 181

109 637 127 675 a
151 602 341 700 anegaverit
354 634 388 680 se
401 611 545 703 judicem
564 612 682 681 habere
697 624 894 704 suspectum,
912 636 1020 681 coram
1034 614 1148 683 eodem
1170 634 1248 683 oau-

109 746 127 782 a
150 742 222 787 sam
233 720 330 809 justae
345 719 543 811 suspicionis
552 721 694 809 assignet
706 748 715 796 ;
725 730 757 788 et
767 720 835 811 ipsc
845 744 921 789 cum
934 721 1133 806 adversario,
1145 720 1195 787 vel
1210 722 1247 807 (si

110 852 128 888 a
151 826 234 893 torte
248 824 479 894 adversarium
494 850 560 895 uon
576 828 701 912 babeat)
719 850 796 895 cum
807 826 928 918 judice,
943 828 1081 895 arbitros
1096 852 1250 896 commn-

109 959 126 993 (ι
151 930 238 999 niter
248 932 347 1021 eligat
359 961 366 999 :
380 941 437 1001 aut
447 934 476 1000 si
490 934 709 1001 communiter
721 934 894 1001 convenire
906 933 1117 1025 nonpossint,
1128 936 1250 1025 absque

109 1064 127 1099 a
152 1037 277 1105 malitia
297 1039 366 1129 ipse
387 1062 507 1124 unum,
531 1049 562 1107 et
587 1040 641 1107 illo
663 1040 766 1107 alium
789 1040 898 1127 eligat,
920 1040 976 1130 qui
996 1038 1037 1107 de
1056 1042 1251 1131 suspicionis

111 1170 128 1207 a
151 1167 249 1213 causa
271 1156 467 1235 cognoscant
494 1173 500 1211 :
525 1156 568 1229 et,
594 1148 620 1211 si
647 1146 854 1237 nequiverint
876 1148 911 1213 in
933 1170 1034 1215 uuam
1056 1149 1251 1216 concordare

112 1280 128 1313 a
150 1253 358 1338 sententiam,
381 1252 539 1321 advocent
559 1255 710 1329 tertium;
731 1263 767 1321 nt
787 1252 873 1343 qnod
893 1252 958 1321 duo
975 1278 1015 1321 ex
1033 1256 1113 1345 ipsis
1135 1255 1252 1324 decre-

112 1384 130 1421 «
153 1360 273 1445 verint,
290 1360 391 1427 robur
405 1360 549 1428 obtineat
570 1359 759 1427 firmitatis:
776 1360 943 1451 sciantque
959 1383 992 1428 se
1008 1360 1049 1427 ad
1066 1361 1097 1428 id
1113 1361 1251 1429 fideliter

112 1492 129 1529 a
152 1466 396 1557 exequendum,
413 1490 453 1537 ex
471 1467 619 1559 injuncto
631 1490 651 1534 a
664 1466 765 1536 Nobis
787 1466 820 1534 in
837 1468 955 1535 virtute
969 1466 1173 1556 obedientiae,
1190 1470 1251 1537 sub

113 1600 131 1635 a
153 1573 365 1642 obtestatione
385 1574 490 1642 divini
507 1574 634 1665 judicii,
657 1571 803 1642 districto
823 1583 985 1665 praecepto
1007 1576 1122 1643 teneri.
1147 1576 1252 1643 Causa

113 1702 233 1748 «vero
261 1680 454 1772 suspicionis
479 1681 625 1771 legitima
653 1703 764 1750 coram
793 1682 871 1772 ipsis
900 1682 985 1749 intra
1014 1691 1251 1773 competentem

112 1815 130 1849 a
155 1787 335 1855 terminum
363 1810 428 1856 non
451 1788 596 1879 probata,
620 1811 679 1857 sua
693 1787 918 1878 jurisdictione
939 1789 1041 1877 judex
1062 1798 1182 1857 utatur.
1208 1796 1252 1857 At

114 1922 131 1956 a
155 1896 225 1985 ipsa
240 1894 376 1985 probata
390 1894 548 1983 legitime,
562 1895 602 1963 de
616 1896 807 1963 recusatoris
819 1918 951 1963 assensu
964 1919 1110 1987 personae
1125 1897 1252 1965 idoneae

114 2029 131 2064 a
156 2002 339 2069 committat
350 2003 519 2091 negotium
531 2009 709 2086 recusatus,
723 2002 775 2069 vel
786 2001 826 2069 ad
839 2003 1039 2093 superiorem
1055 2006 1252 2071 transmitta-

115 2135 133 2171 a
155 2116 223 2193 tur,
244 2117 281 2174 ut
294 2107 328 2173 in
343 2130 382 2175 eo
401 2107 471 2198 ipso
485 2107 637 2199 procedat
656 2108 837 2175 secundum
853 2107 938 2197 quod
954 2108 1050 2175 fuerit
1073 2109 1254 2199 proceden-

114 2242 132 2279 t(
154 2216 249 2283 dum.
270 2244 287 2277 n

156 2323 257 2391 Praeit
272 2332 382 2393 autem
399 2325 474 2391 huic
489 2323 642 2391 decretali
660 2322 789 2389 rubrica
801 2322 962 2411 ejusmodi
977 2350 983 2389 :
1002 2352 1017 2385 a
1032 2323 1152 2391 Valens
1164 2324 1254 2413 judi-

115 2460 132 2493 (ι
155 2452 227 2497 cem
244 2453 406 2516 recusare,
424 2431 518 2499 debet
531 2452 641 2497 eoram
657 2429 772 2497 eodem
787 2430 979 2518 suspicionis
991 2452 1120 2498 eausam
1138 2432 1255 2521 proba-

115 2564 132 2600 «
157 2538 258 2605 bilem
267 2560 460 2629 proponere,
472 2546 504 2605 et
514 2560 589 2605 eam
600 2558 711 2605 coram
723 2536 854 2602 arbitris
865 2536 1085 2604 communiter
1096 2537 1254 2625 eligendis

115 2672 134 2707 a
156 2644 295 2735 probare
314 2672 322 2711 ε
339 2668 405 2735 qua
420 2666 486 2711 non
504 2642 652 2735 probata,
668 2664 727 2709 sua
743 2640 967 2731 jurisdictione
980 2642 1083 2732 judea
1101 2644 1205 2711 utitur
1221 2646 1255 2711 in

117 2778 134 2815 a
157 2751 327 2842 principali
340 2778 347 2817 ε
360 2773 485 2819 cavero
497 2752 643 2842 probata,
656 2748 794 2815 remittit
805 2748 976 2837 negotium
986 2748 1027 2817 ad
1037 2752 1252 2841 superiorem,

117 2888 135 2921 a
158 2860 211 2927 vel
224 2882 356 2928 causam
371 2858 550 2927 committit
563 2857 603 2924 de
616 2856 809 2925 recusatoris
821 2878 965 2923 assensu.
984 2882 1000 2921 »

160 2967 200 3033 ll.
215 2966 459 3057 Expramissis
481 2963 697 3033 ecclesiastices
716 2963 850 3053 tepitus,
873 2962 955 3053 qaid
965 2963 1055 3053 jans
1074 2968 1256 3034 commanis

113 3085 261 3162 amerpat
277 3071 527 3140 determinatur.
549 3075 641 3135 --1ο
658 3070 801 3137 Tenetur
815 3090 967 3138 recusans
986 3092 1095 3139 coram
1118 3073 1256 3162 ipsomet

114 3188 262 3247 recusato
273 3179 382 3269 judice
396 3200 527 3246 cansam
542 3176 735 3268 suspicionis
748 3198 922 3266 exponere.

159 3288 195 3351 2·
211 3286 335 3353 Debent
353 3294 463 3377 postea
481 3284 560 3373 eligi
582 3282 710 3368 arbitri,
732 3284 788 3373 qui
804 3281 843 3349 de
857 3304 955 3349 causa
973 3285 1181 3353 recusationis
1201 3310 1257 3355 co-

115 3401 272 3481 gnoscant
282 3401 314 3459 et
324 3391 481 3483 judicent.

161 3505 195 3567 3⁰
209 3499 245 3567 Si
264 3499 348 3567 adsit
366 3498 484 3590 aliquis
503 3507 602 3583 actor,
624 3498 718 3569 debet
735 3496 848 3563 electio
870 3496 1069 3565 arbitrorum
1091 3500 1131 3565 ab
1152 3509 1258 3569 actore

116 3618 147 3673 et
161 3629 217 3673 reo
235 3607 407 3674 communi
425 3627 585 3673 consensu
599 3603 684 3691 fieri,
707 3604 734 3669 si
755 3602 952 3670 concordare
974 3604 1007 3670 in
1027 3603 1088 3671 hoc
1106 3608 1256 3696 possint:

116 3734 220 3800 maus,
241 3713 337 3781 debet
355 3734 430 3779 reos
450 3734 555 3780 unum
573 3711 737 3778 arbitrum
754 3708 886 3797 eligere,
905 3718 935 3777 et
954 3708 1161 3781 adversarius
1179 3712 1259 3782 alte-

117 3842 206 3887 rum.

162 3932 195 3993 4⁰
208 3925 244 3994 Si
254 3926 357 4017 judex
371 3925 523 4017 procedat
534 3948 575 3991 ex
592 3923 710 4010 officio,
730 3924 774 3991 ita
789 3932 826 3989 ut
842 3944 907 3991 non
924 3924 965 3989 sit
983 3924 1189 3992 adversarius
1204 3930 1259 4018 qui

119 4035 154 4099 in
168 4032 292 4124 judicio
305 4041 417 4100 contra
432 4055 527 4100 reum
542 4041 630 4121 agat,
650 4030 745 4097 debet
762 4029 921 4121 praedicto
941 4029 1039 4097 modo
1059 4031 1261 4101 arbitrorum

119 4139 233 4209 electio
247 4139 319 4207 fieri
332 4162 352 4205 a
366 4161 421 4207 reo
434 4147 466 4205 et
478 4161 497 4206 a
508 4136 620 4229 judice
636 4144 793 4205 recusato.

168 4252 199 4313 5ο
220 4246 256 4314 Si
275 4246 342 4315 dno
364 4246 477 4314 arbitri
498 4245 543 4313 sic
563 4245 654 4312 electi
676 4244 871 4312 concordare
895 4245 929 4311 in
949 4242 1081 4311 ferenda
1106 4250 1263 4317 sententia
