3050 4984
272 411 333 473 161
646 423 821 471 reimarus
842 424 881 470 oa
903 422 1036 469 morans.

269 559 328 633 est,
344 571 419 638 quae
434 554 558 615 tantum
571 548 613 614 ob
628 546 859 635 negligentiam
875 543 1000 611 domini
1016 540 1208 627 inducitur),
1231 538 1350 607 scilicet
1369 540 1416 605 30

269 656 322 725 vel
338 660 379 722 lo
395 676 567 722 annorum.
592 653 674 735 Quae
699 654 810 721 omnia
822 652 897 720 vide
913 650 1042 718 firmata
1055 649 1142 740 apud
1158 646 1419 735 Schmalzgrue-

269 765 340 843 ber,
356 762 451 830 citato
462 760 678 853 paragrapho.

314 869 456 951 Qonsrro
483 872 549 936 10¹.
565 906 611 919 -
634 867 826 957 Quotuplici
840 865 937 934 modo
953 864 1157 933 convalidari
1163 863 1267 953 possit
1281 861 1415 941 citatio,

266 999 338 1067 quac
353 1000 393 1043 ec
406 976 519 1067 aliquo
534 974 658 1066 defectu
668 974 762 1043 nulla
773 976 908 1065 suerat?
920 1012 964 1025 —
979 972 1120 1040 Sanatur
1135 969 1295 1039 citationis
1308 967 1419 1035 nulli-

267 1092 327 1167 tas,
360 1088 390 1149 1ο
406 1105 464 1173 per
489 1082 755 1173 comparitionem
782 1081 886 1167 citati;
911 1078 1008 1147 modo
1033 1089 1141 1146 mmcn
1156 1076 1418 1144 nullitasortum

266 1210 332 1255 non
348 1188 479 1255 haberet
494 1209 536 1254 ex
551 1185 676 1254 delectu
686 1185 922 1277 jurisdictionis
935 1187 971 1253 in
985 1185 1113 1253 citante.
1132 1188 1166 1250 2⁰
1182 1181 1318 1265 Quando
1329 1180 1421 1249 cita-

264 1303 317 1361 tus
331 1302 573 1385 procuratorem
588 1293 698 1361 mittit.
716 1297 749 1359 3·
762 1293 826 1360 Per
848 1292 1005 1383 principis
1021 1290 1212 1381 rescriptum
1232 1287 1420 1378 (Schmalz-

269 1401 420 1491 grueber‚
438 1400 472 1468 in
486 1400 537 1468 tit.
555 1403 586 1487 3,
604 1401 627 1467 l.
647 1400 824 1485 2Decret.,
838 1400 859 1489 ξ
875 1404 908 1485 1,
928 1421 960 1467 ιι.
981 1400 1046 1488 30).

734 1727 878 1796 CAPUT
901 1727 959 1795 Vl.

677 1922 721 1965 DE
754 1922 1007 1967 CONTUMACIA.

313 2151 485 2218 Processus
512 2148 690 2216 criminalis
706 2150 803 2217 telam
833 2148 1069 2241 prosequendo,
1101 2158 1173 2240 post
1199 2149 1352 2217 traditam
1375 2149 1422 2216 de

268 2258 417 2326 citatione
445 2278 606 2340 normam,
635 2258 671 2322 in
700 2256 911 2347 quaestionem
929 2256 970 2325 de
994 2258 1196 2325 contumacia
1214 2256 1418 2324 inducimur.
1519 2238 1520 2281 ³

268 2366 351 2433 Nam
375 2365 490 2431 citatus
514 2385 601 2448 reus,
619 2364 645 2429 si
662 2364 749 2430 intra
765 2364 1021 2454 peremptorium
1039 2365 1214 2433 terminum
1230 2385 1423 2453 comparere

264 2471 420 2559 negligat,
437 2479 613 2536 contumax
627 2468 785 2553 efficitur;
805 2471 892 2537 unde
906 2470 1152 2561 exponendum,
1171 2470 1250 2561 quid
1267 2480 1344 2537 tunc
1356 2471 1423 2559 ju—
1519 2466 1520 2493 ³

265 2580 311 2645 ris
327 2578 464 2659 oriatur,
479 2586 511 2643 et
527 2576 692 2667 quomodo
708 2578 749 2643 sit
768 2576 1025 2666 procedendum.
1045 2577 1204 2658 Quamvis
1217 2586 1325 2644 autem
1339 2598 1424 2643 con·

268 2683 407 2750 tumacia
420 2683 454 2748 in
468 2683 596 2773 reliquo
611 2683 710 2749 etiam
719 2705 888 2773 processus
903 2691 1036 2751 tractatu
1050 2683 1172 2774 pluries
1183 2684 1326 2751 accidere
1337 2706 1424 2773 pos·

273 2792 327 2869 sit,
343 2800 372 2856 et
389 2810 454 2856 non
472 2796 597 2856 tantum
617 2811 657 2855 ex
674 2799 765 2879 parte
782 2790 841 2873 rei,
860 2790 915 2858 sed
931 2798 963 2858 et
977 2792 1121 2877 testium,
1140 2800 1236 2881 atque
1250 2791 1425 2880 ipsiusmet
1519 2794 1520 2865 l

271 2898 400 2981 actoris,
418 2896 644 2987 opportuniori
660 2904 767 2962 mmen
785 2897 872 2983 sede,
896 2906 962 2965 tota
978 2896 1018 2964 de
1033 2896 1276 2967 contumacibus
1292 2897 1425 2986 discep-

273 3004 350 3071 tatio
365 3004 417 3070 hic
429 3002 618 3070 collocatur.
1519 3072 1520 3075 Ἴ

318 3108 460 3189 ansrro
470 3114 516 3175 1².
528 3148 572 3160 —
590 3110 679 3193 Ouid
687 3112 728 3178 sit
744 3113 974 3179 contumacia?
985 3150 1029 3163 ·—
1044 3138 1061 3179 c
1076 3111 1287 3203 Respondeo:
1304 3120 1425 3178 contu·
1519 3088 1520 3179 i

278 3244 295 3279 a
319 3218 420 3285 inacia
434 3217 466 3307 (a
480 3218 716 3285 contemnendo
731 3217 829 3303 dicta,
847 3219 934 3309 quod
945 3219 1090 3309 judicem
1106 3220 1255 3287 rideatur
1275 3226 1427 3286 contem·

278 3352 295 3386 a
320 3346 395 3390 nere
422 3324 479 3414 qui
500 3334 633 3390 vocatus
662 3346 728 3391 non
754 3326 967 3417 obtemperat)
985 3326 1157 3415 dupliciter
1171 3332 1275 3417 potest
1289 3325 1422 3415 accipi:
1519 3370 1520 3407 r

281 3457 297 3494 a
324 3435 356 3496 1⁰
381 3430 547 3518 peneri0e;
569 3441 602 3497 et
618 3439 695 3498 tunc
722 3430 872 3519 designat
888 3454 1126 3523 quamcumque
1155 3432 1423 3517 inobedientiam,

279 3564 295 3599 a
321 3538 354 3603 in
377 3536 430 3603 vel
445 3546 537 3604 extre
549 3536 711 3626 judicium
728 3539 935 3606 commissam
952 3567 959 3617 ;
978 3543 1011 3607 2ο
1036 3540 1203 3631 specifico·
1217 3548 1248 3607 et
1264 3538 1297 3605 in
1311 3560 1350 3607 eo
1368 3561 1428 3605 ac·
1519 3572 1520 3629 3

282 3642 467 3732 «ceptione
494 3644 625 3710 denotat
650 3643 752 3711 solam
779 3645 1033 3713 inobedientium
1061 3646 1094 3712 in
1124 3668 1189 3712 non
1206 3645 1428 3736 comparendo
1519 3630 1520 3721 l

283 3777 299 3812 ι(
323 3748 496 3816 admissam
517 3776 523 3816 :
540 3772 615 3838 qure
631 3752 772 3841 acceptio
787 3754 889 3841 hujus
903 3754 1067 3844 praecipue
1082 3752 1143 3821 loci
1158 3762 1216 3820 est.
1519 3742 1520 3761 ¹

331 3854 525 3923 «Definitur
539 3857 584 3922 sic
598 3867 737 3947 accepta,
754 3860 843 3948 quod
858 3859 899 3925 sit
916 3886 923 3925 :
941 3859 1157 3927 inobedientia
1173 3883 1194 3925 o
1210 3860 1353 3951 legitime
1366 3883 1430 3929 vo·
1519 3838 1520 3851 ἵ

284 3990 300 4025 a
325 3975 399 4029 cato
409 3982 487 4051 erqo
490 3961 653 4051 judicem,
665 3964 701 4029 in
711 3964 753 4030 iis
761 3964 887 4054 qumod
887 3964 1039 4055 judicem
1044 3965 1222 4055 pertinent,
1236 3968 1424 4034 commisso.

287 4095 303 4131 c
327 4068 374 4134 lta
386 4066 492 4157 quoad
509 4089 639 4135 sensum
656 4092 780 4137 omnes.
799 4096 816 4134 o
837 4071 1150 4161 (Schmalzgrueber,
1168 4074 1203 4138 in
1218 4072 1349 4140 titulum
1369 4077 1425 4159 ll,

283 4176 394 4244 norit
416 4176 642 4270 Decretalium,
663 4200 696 4244 n.
721 4180 788 4269 38.)
812 4180 984 4268 Colligitur
1003 4190 1110 4249 autem
1135 4182 1263 4249 traditae
1284 4181 1429 4249 notionis
