3050 4984
520 473 596 521 rans
618 469 768 522 aaaron.
1149 455 1210 520 557

68 590 245 663 concedere
276 617 285 663 ε
313 613 419 680 emm,
450 593 546 663 faciat
569 594 736 665 decretum
766 593 807 662 de
835 593 972 664 ulterim
994 593 1210 687 procedendo.

66 699 112 770 Et
128 700 207 769 eatis
226 699 290 772 erit
307 708 344 771 ut
366 700 574 794 precipiente
592 701 703 794 judice
728 701 894 772 actuarius
913 701 1033 772 scriba
1059 703 1096 773 in
1125 703 1212 773 hunc

68 805 211 877 modum
227 834 235 876 z

112 990 129 1023 a
150 964 231 1030 cum
254 971 364 1030 autem
385 966 490 1030 dictus
508 967 658 1031 Andreas
679 967 735 1046 N,
756 984 818 1051 per
832 975 1079 1050 procuratorem
1099 985 1121 1032 a
1141 986 1209 1033 reu.

66 1073 127 1151 N..
154 1073 281 1155 judice,
302 1075 570 1156 prorepationem
598 1075 729 1140 termini
752 1075 966 1159 peremptorii
985 1075 1209 1159 postulaverit,

67 1179 110 1244 ab
130 1181 288 1245 nonnulla
308 1181 542 1266 impedimenta
556 1181 674 1265 puibta
688 1183 923 1264 prohibebatur
936 1185 1111 1266 quominus
1122 1185 1211 1248 intra

66 1286 191 1352 dictum
214 1289 390 1354 terminum
406 1297 618 1372 compareret,
632 1290 774 1372 praefata
789 1309 856 1354 reu.
872 1289 985 1373 judici
1006 1291 1210 1356 rationabilis

65 1395 141 1458 uisa
161 1403 208 1459 eet
221 1399 402 1474 recusatim
417 1397 504 1461 uncle
524 1404 556 1461 et
577 1396 745 1461 reattulit
759 1399 1017 1481 peremptorium
1035 1401 1211 1464 terminum

66 1501 118 1565 ad
129 1503 253 1568 diem...
268 1538 308 1551 -
324 1503 391 1584 Vel,
400 1504 544 1588 prefato
559 1521 626 1568 reu.
650 1504 694 1567 N.
708 1504 822 1587 judici
839 1504 1043 1570 rationabilis
1061 1507 1133 1571 visa
1146 1525 1212 1570 non

66 1618 117 1674 est
136 1615 321 1693 camenam
344 1612 430 1677 uncle
454 1621 484 1677 et
511 1612 662 1692 decreuit,
687 1632 726 1676 ea
746 1631 812 1677 non
828 1621 963 1692 attenta,
987 1613 1124 1678 ulterius
1147 1633 1212 1678 esse

63 1719 320 1800 procedendum.
344 1720 428 1786 Acta
450 1729 527 1785 cum
551 1721 618 1786 bec
637 1719 728 1786 die...
750 1757 790 1768 -
806 1721 861 1800 N,
886 1721 1004 1804 judea.
1029 1758 1067 1768 -
1086 1723 1142 1802 N..
1163 1741 1213 1786 ac·

68 1827 210 1890 tuariuc.
226 1849 241 1887 n

114 1973 154 2038 ln
160 1970 340 2062 posteriori
351 1994 440 2054 caen,
454 1971 488 2042 id
502 1979 561 2060 cst,
578 1972 710 2065 quando
722 1994 800 2042 rens
810 1972 880 2062 jam
893 1971 1003 2064 elapso
1023 1982 1214 2067 perempto-

66 2077 120 2145 rio
134 2079 275 2148 termino
289 2079 516 2148 excusationes
537 2101 596 2171 per
615 2089 860 2171 procuratorem
882 2079 990 2168 mittit,
1013 2079 1136 2149 videbit
1156 2104 1215 2175 pa-

66 2184 263 2275 riterjudex
277 2193 394 2256 utrum
416 2186 628 2255 rationabiles
649 2187 727 2272 sint,
745 2209 788 2254 an
809 2208 887 2254 non.
906 2186 1015 2256 Potest
1035 2188 1124 2256 enim
1144 2187 1216 2257 dari

66 2312 163 2359 casus
174 2315 240 2382 qno
251 2314 327 2361 reus
342 2291 487 2382 legitime
508 2292 685 2384 impeditus
701 2294 812 2381 inerit,
830 2295 1006 2386 quominus
1019 2296 1119 2363 etiam
1134 2317 1215 2386 pro-

65 2405 252 2466 curatorem
272 2399 426 2484 mitteret,
440 2399 532 2468 verbi
554 2401 671 2488 gratia,
688 2401 717 2468 si
732 2401 848 2470 inisset
862 2401 908 2470 ita
922 2423 1022 2490 aeger,
1040 2410 1076 2470 ut
1091 2423 1132 2470 ne
1152 2425 1214 2470 va-

65 2503 167 2572 luerit
181 2506 314 2597 quidem
330 2517 573 2597 procuratorem
585 2507 715 2596 eligere.
731 2507 769 2577 Si
783 2529 863 2596 ergo
874 2507 979 2598 judex
992 2508 1225 2577 excusationes*

63 2609 229 2700 legitimas
247 2613 424 2701 existimet,
440 2612 474 2680 id
493 2612 680 2700 declarabit,
700 2621 736 2682 ut
754 2635 829 2682 reus
844 2615 949 2704 poenis
968 2615 1213 2685 contumacium

65 2741 137 2788 non
149 2720 328 2812 subjaceat3
343 2721 431 2789 etsie
446 2721 567 2811 poterit
579 2721 615 2788 in
629 2721 710 2790 actis
724 2720 863 2790 describi
881 2748 888 2788 :

112 2895 127 2927 a
152 2870 237 2936 Cum
260 2878 370 2935 autem
395 2870 499 2935 dictae
521 2871 670 2936 Andreas
697 2872 754 2950 N„
782 2871 891 2955 elapso
912 2877 1133 2957 peremptorio
1157 2885 1216 2940 ter-

66 2979 161 3043 mino
174 2996 240 3043 nan
257 2981 499 3062 comparuisset,
514 2989 679 3064 utpoenas
693 2981 936 3045 conmmacium
960 2981 1129 3062 devitaret,
1142 3003 1216 3066 pro-

67 3094 256 3152 curatorem
275 3087 377 3165 misit,
391 3089 450 3170 qui
470 3105 586 3152 causac
608 3087 761 3152 absentia
781 3089 893 3171 judici
903 3100 1107 3173 proponeret.
1127 3091 1215 3173 Quas

66 3195 124 3258 ille
153 3195 319 3279 reputavit
343 3194 516 3277 lepitimae,
542 3203 574 3259 et
595 3202 825 3279 consequenter
838 3185 1021 3281 praesetnem
1048 3200 1216 3265 Andream

66 3304 112 3371 N.
136 3310 357 3367 contumacem
379 3321 445 3368 non
457 3304 561 3384 fuisse
577 3303 759 3383 decianam,
775 3305 806 3368 ei
823 3305 928 3368 alium
949 3307 1124 3372 terminum
1143 3327 1216 3391 per·

66 3412 279 3492 emptorium,
296 3410 384 3476 diem
397 3429 513 3494 nempe
531 3458 579 3491 ...‚
595 3412 643 3475 aa'
651 3411 907 3495 comparendum
921 3415 1111 3496 assipnaait.
1129 3437 1144 3474 n

114 3564 151 3634 Si
162 3587 242 3636 vero
254 3567 479 3638 exeusationes
493 3565 622 3636 frivolae
631 3565 735 3657 judici
746 3565 932 3656 videantur,
943 3567 1109 3662 ,scribatpr
1122 3569 1215 3639 circi-

65 3682 119 3744 ter
134 3674 169 3741 in
184 3673 273 3743 hunc
288 3673 426 3744 modum
444 3701 452 3740 ε

114 3850 129 3887 n
146 3826 231 3893 Cum
245 3835 356 3891 autem
433 3828 482 3905 (nt
494 3826 529 3890 in
542 3827 786 3909 precedenti)...
805 3825 893 3907 Quae
909 3826 962 3892 ille
982 3830 1146 3910 reputavit
1156 3829 1215 3911 sri-

66 3933 172 4013 uolas,
198 3943 229 4000 et
255 3942 484 4018 consequenter
506 3934 630 3998 dictum
650 3934 821 3999 Andream
842 3935 897 4014 N,
919 3935 953 3999 in
976 3939 1213 4001 contumaciam

68 4042 219 4108 tnctanse
233 4042 423 4121 declaravit,
443 4049 475 4106 et
493 4042 635 4106 decreuit
653 4042 689 4126 in
711 4060 784 4106 eum
802 4051 904 4125 prout
919 4044 1010 4126 juris
1028 4043 1212 4126 procedere.

68 4151 155 4216 Acta
171 4159 248 4214 sunt
264 4151 332 4217 lta-c
352 4150 405 4216 die
485 4151 604 4217 mensis
687 4151 805 4216 anni...
821 4188 860 4198 —
874 4152 929 4232 N„
955 4151 1076 4234 judea.
1096 4189 1136 4201 -
1157 4153 1212 4236 N,

68 4259 283 4325 actuarius.»
