3050 4984
564 507 637 553 ruas
659 507 803 554 secunus.
1187 480 1247 553 tat

118 649 135 689 a
157 624 356 695 validitatem
372 632 403 695 et
416 627 633 717 integritatem
644 637 827 714 remeatum
844 650 1036 720 semperque
1048 627 1132 698 adsit
1146 628 1180 697 in
1195 630 1249 720 ju-

117 760 135 798 «
159 733 282 802 dicio...
294 734 614 826 Quacumqnevero,
628 757 740 805 eonon
755 735 899 825 legitime
912 736 1008 805 citato
1021 746 1077 805 aut
1088 736 1248 834 intimato,

117 868 135 906 a
158 841 192 909 in
208 841 331 934 judicio
346 851 474 933 peracta
489 842 622 929 luerint,
636 842 738 929 nulla,
752 844 857 929 irrita,
877 865 966 911 cassa
984 843 1197 928 declaramus,
1213 866 1252 912 ac

118 976 136 1013 a
159 970 220 1040 pro
229 949 340 1036 nullis,
352 950 450 1018 cassis
462 957 494 1018 et
507 949 608 1017 irritis
621 951 735 1019 haberi
747 951 911 1038 volumus,
923 949 1057 1042 perinde
1068 974 1106 1019 ac
1117 953 1144 1019 si
1157 952 1252 1021 citata

118 1084 136 1122 a
159 1065 191 1124 et
205 1057 355 1126 intimata
372 1078 436 1125 non
457 1064 540 1125 esset
554 1078 593 1125 ea
607 1079 694 1148 pars,
714 1058 808 1150 cujus
819 1058 912 1126 citari
926 1057 1092 1145 intererat,
1106 1067 1137 1127 et
1152 1080 1252 1149 quam

119 1163 253 1254 «juxta
279 1163 388 1254 legum
403 1172 435 1231 et
455 1185 618 1232 canonum
642 1165 843 1256 praescripta,
867 1164 907 1233 ad
936 1164 1115 1254 legitimam
1140 1164 1255 1256 judicii

117 1297 136 1335 a
159 1269 361 1339 validitatem
383 1270 475 1338 citari
497 1278 554 1337 aut
574 1269 718 1339 intimari
738 1272 873 1338 omnino
896 1271 1115 1339 necessarium
1131 1280 1210 1340 erat.
1235 1298 1252 1339 a

160 1378 307 1447 Ponmnn
330 1377 389 1445 Vl.
415 1416 460 1429 -
486 1379 574 1461 Quot
593 1378 806 1469 requirantur
826 1379 993 1447 sententia
1014 1382 1191 1470 conformes
1216 1377 1255 1447 de

115 1484 270 1553 nullitate
284 1484 503 1566 matrimonii,
520 1496 558 1552 ut
576 1484 714 1553 liberum
728 1486 773 1554 sit
786 1485 981 1578 conjuqt'das
996 1484 1042 1553 od
1057 1508 1158 1554 novos
1173 1508 1257 1578 nup-

115 1592 181 1659 tios
192 1591 381 1660 convolare?
393 1630 436 1643 -
453 1594 486 1658 1⁰
499 1592 675 1684 Nunquam
687 1591 808 1661 sufficit
823 1594 917 1660 unica
926 1593 1094 1677 sententia,
1112 1600 1208 1684 atque
1223 1590 1257 1660 id

115 1720 233 1766 verum
250 1706 297 1766 est
316 1699 442 1766 etiamsi
456 1722 476 1767 a
491 1700 650 1767 sententia
670 1698 826 1767 nullitatis
843 1722 907 1767 non
922 1700 1114 1790 appelletur,
1138 1700 1189 1768 vel
1205 1700 1259 1767 in·

115 1805 271 1896 terposita
291 1805 465 1896 appellatio
487 1806 665 1873 deseratur.
692 1807 772 1874 Item
797 1805 831 1874 id
857 1827 971 1875 verum
996 1814 1161 1892 remanet,
1188 1807 1257 1876 sive

116 1910 251 1979 nullitas
278 1912 507 2002 pronuntietur
530 1912 572 1979 ab
599 1910 781 1981 Ordinariis
806 1913 971 1997 locorum,
1000 1914 1068 1981 sive
1097 1914 1209 1983 Romae
1239 1938 1259 1981 a

117 2017 490 2108 SacraCougregatione
503 2018 653 2105 Concilii,
678 2019 729 2087 vel
751 2018 793 2088 ab
814 2018 985 2087 Auditorio
1005 2020 1127 2111 palatii,
1145 2020 1197 2087 vel
1217 2020 1258 2087 ab

116 2124 228 2215 aliqua
248 2123 507 2214 congregatione
521 2124 562 2193 ad
578 2126 611 2193 id
632 2125 812 2217 specialiter
831 2125 992 2216 deputata.
1016 2127 1181 2218 Coujuges
1199 2150 1260 2193 au·

118 2239 182 2298 tem
200 2231 260 2321 qui
275 2238 347 2321 post
371 2232 499 2299 unicam
515 2230 685 2299 dumtaxat
701 2231 892 2300 sententiam
910 2232 949 2299 de
968 2232 1114 2299 nullitate
1134 2255 1257 2301 novum

115 2338 280 2406 celebrare
316 2338 559 2406 matrimonium
594 2337 733 2420 audent,
760 2360 823 2407 non
855 2346 979 2407 tautum
1011 2337 1257 2406 interdictarum

117 2444 308 2536 nuptiarum
318 2444 423 2535 poenis
433 2445 600 2534 subjacent
613 2451 645 2512 et
658 2445 841 2512 cohabitare
853 2446 1078 2536 prohibentur,
1095 2445 1151 2513 sed
1166 2444 1259 2512 insu·

118 2574 178 2643 per
202 2552 282 2621 latas
304 2560 416 2619 contra
440 2551 631 2642 polygamos
650 2574 670 2618 a
691 2551 792 2619 sacris
812 2552 988 2620 canonibus
1010 2574 1122 2643 poenas
1147 2552 1258 2620 iucur-

118 2669 208 2728 runt.
225 2659 261 2727 ld
278 2680 394 2749 nempe
413 2657 556 2727 decrevit
570 2658 762 2727 Benedictus
785 2659 864 2729 XIV
881 2659 931 2726 his
946 2660 1051 2727 verbis
1072 2683 1079 2723 ι
1102 2686 1117 2723 a
1135 2660 1259 2751 Appel-
1358 2738 1360 2743 ι

123 2792 141 2831 a
164 2766 281 2835 latione
296 2789 317 2834 a
331 2766 437 2857 prima
451 2767 608 2835 sententia
623 2764 795 2857 pendente,
812 2766 863 2833 vel
878 2766 972 2833 etiam
990 2765 1080 2834 nulla
1098 2767 1149 2855 (ob
1167 2766 1260 2835 mali-

122 2900 140 2940 n
164 2874 256 2961 tiam,
272 2873 325 2941 vel
338 2873 555 2960 oscitantiam,
573 2874 625 2941 vel
640 2873 853 2941 collusionem
864 2873 1042 2941 defensoris
1057 2883 1088 2943 et
1103 2874 1258 2965 partium)

122 3008 139 3046 «
164 2980 364 3072 interposita,
388 2980 417 3047 si
437 2980 534 3048 ambo
553 2981 606 3049 vel
627 3002 712 3048 unus
731 3002 773 3047 ex
799 2980 992 3070 conjugibus
1014 3002 1114 3047 novas
1129 2980 1258 3071 nuptias

120 3115 139 3153 a
163 3088 323 3156 celebrare
334 3109 433 3156 ausus
447 3087 556 3174 luerit,
569 3087 730 3173 volumus,
740 3110 777 3154 ac
792 3086 1007 3172 decernimus,
1019 3096 1054 3155 ut
1071 3108 1136 3155 non
1152 3087 1257 3157 solum

119 3222 138 3261 a
163 3204 344 3280 serventur,
357 3216 431 3285 quae
442 3193 599 3262 adversus
613 3216 680 3278 eos,
697 3194 754 3285 qui
772 3193 1014 3261 matrimonium
1029 3202 1141 3262 contra
1155 3195 1257 3263 inter-

122 3328 141 3368 a
164 3301 287 3370 dictum
308 3299 460 3369 Ecclesiae
476 3286 673 3369 coenabunt
687 3308 805 3368 statuta
821 3309 896 3367 suut
912 3301 1105 3391 (praesertim
1122 3310 1156 3369 ut
1170 3302 1259 3370 invi-

122 3438 140 3475 «
164 3432 236 3477 cem
251 3408 520 3477 aoohabitatione
532 3416 735 3499 separentur,
748 3406 854 3499 quoad
871 3430 973 3499 usque
988 3408 1089 3475 altera
1103 3410 1261 3478 sententia

123 3545 141 3582 a
165 3539 265 3608 super
285 3515 432 3583 nullitate
453 3515 663 3602 emanaverit,
686 3538 706 3582 a
726 3538 792 3605 qua
813 3514 898 3583 iutra
917 3515 1029 3584 decem
1048 3515 1116 3583 dies
1138 3518 1261 3585 nonsit

123 3652 142 3692 a
165 3624 375 3717 appellatum,
394 3623 444 3691 vel
458 3621 629 3713 appellatio
646 3622 836 3713 interposita
855 3621 981 3690 deserta
1001 3620 1117 3691 deinde
1133 3624 1256 3711 luerit);

123 3759 142 3798 a
166 3732 221 3799 sed
247 3730 384 3799 ulterius
410 3737 446 3797 ut
471 3729 663 3797 contrahens
689 3728 742 3796 vel
763 3728 989 3797 contrahentes
1016 3730 1260 3800 matrimonium

122 3866 142 3904 a
165 3834 354 3930 hujusmodi
370 3835 522 3904 omuibus
540 3834 659 3926 poenis,
678 3842 791 3901 contra
808 3832 998 3925 polygamos
1015 3857 1033 3902 a
1052 3836 1151 3901 sacris
1164 3858 1261 3904 cano·

122 3972 141 4013 a
165 3946 262 4012 nibus
279 3952 311 4012 et
323 3942 606 4011 constitutionibus
618 3940 801 4032 apostolicis
815 3940 1008 4027 constitutis,
1029 3941 1162 4009 omnino
1180 3944 1260 4011 sub-

123 4078 142 4117 «
164 4053 308 4144 jaceant3
322 4072 404 4141 quas
418 4049 454 4118 in
466 4070 534 4135 eos,
548 4058 709 4140 quatenus
721 4070 804 4139 opus
816 4048 868 4133 sit,
880 4055 983 4134 motu,
997 4046 1142 4133 scientia,
1153 4070 1188 4115 ac
1200 4072 1260 4141 po-

124 4185 142 4225 e
167 4165 279 4227 testate
296 4156 395 4227 simili
408 4178 523 4227 misus
537 4156 722 4249 statuimus,
734 4153 951 4245 decernimus,
967 4178 1004 4223 ac
1020 4176 1224 4225 renovamus.
1240 4183 1257 4222 a

122 4264 219 4357 tat)
