3050 4984
539 526 613 577 ems
636 526 782 575 6666666.
1161 505 1223 571 123

87 654 130 721 26
141 652 272 741 angusti
289 653 374 721 1731
393 678 401 719 :
421 651 630 744 «Episcopus
645 650 800 721 Oritsnne
811 670 853 717 ex
867 648 1054 733 informate,
1070 648 1225 735 etaient,

89 784 106 823 6
128 760 335 844 conscientie,
347 780 536 851 perannum
551 780 571 827 6
584 756 703 825 divinis
714 755 885 847 suspendit
896 762 1111 825 memoratum
1124 753 1227 824 Jona-

91 888 209 935 aacm
224 865 404 952 Donatum
423 864 480 957 qui
495 865 653 957 supplicet
664 863 851 955 responderi
856 914 922 931 .....
1260 948 1263 959 Ι

131 997 147 1033 a
162 978 195 1037 2⁰
210 976 262 1035 16
284 974 449 1055 suspensio
464 992 486 1035 6
499 973 618 1036 divinis
633 972 713 1049 tata,
733 975 847 1035 contem
859 968 1058 1033 sacerdotem
1070 969 1231 1034 16666616

93 1104 108 1139 «
129 1081 308 1159 Donatum,
321 1098 381 1163 per
400 1081 598 1165 Episcopum
616 1080 802 1156 Oritarvum,
817 1096 857 1141 ca
876 1078 1054 1159 informata
1067 1078 1230 1141 conscicn-

92 1212 106 1245 a
128 1188 188 1265 tia,
203 1189 401 1251 sustevamr
415 1189 450 1251 in
464 1206 579 1251 casu...
595 1220 633 1235 -

137 1310 156 1349 a
172 1284 224 1353 nd
243 1285 435 1373 secundum,
453 1285 572 1367 ditata,
603 1298 635 1353 et
649 1284 812 1353 scribatur
824 1283 997 1375 Episcopo,
1011 1294 1052 1350 ut
1065 1281 1231 1373 eaprirnat

94 1418 111 1455 a
136 1414 252 1461 caenas
267 1392 356 1460 intra
372 1414 514 1461 munera
528 1390 672 1461 omnmo.
692 1418 709 1456 s

134 1498 173 1567 16
185 1498 270 1567 libro
287 1502 326 1565 16
342 1498 546 1571 Litterarum
573 1498 770 1568 visitationis
790 1522 961 1567 sacrorum
982 1498 1150 1580 liminum,
1168 1520 1232 1589 pe-

90 1606 168 1693 gine
184 1610 261 1692 161,
290 1606 352 1675 sub
377 1607 430 1675 die
453 1611 491 1675 21
509 1606 622 1699 aprilis
642 1609 738 1693 1666,
754 1606 916 1699 reperitur
929 1606 1000 1675 Inec
1014 1606 1123 1675 Sacrae
1138 1605 1231 1674 Con-

91 1713 289 1803 gregetionis
317 1713 454 1783 Caecilii
487 1714 527 1781 ed
564 1713 757 1781 Rementem
792 1712 1080 1805 Archicpiscopnm
1110 1712 1233 1783 directo

93 1820 260 1911 responsio
277 1848 284 1886 ι
305 1822 391 1889 Cum
412 1821 525 1889 nuIIus
540 1819 690 1889 ordinari
702 1818 828 1901 6166661,
844 1840 941 1912 quem
956 1820 1136 1912 Episcopus
1163 1840 1232 1891 suu

92 1926 246 1991 Ecclesiae
260 1926 372 1990 utilem
393 1935 453 1991 aut
472 1927 690 1991 necessarium
703 1944 769 1990 666
782 1926 996 2009 judicaverit,
1014 1928 1232 2011 Conprepatio

90 2052 155 2097 non
168 2032 267 2097 semel
277 2033 457 2097 declaravit
467 2034 509 2097 66
533 2033 724 2116 Isujusmodi
741 2034 873 2115 judicio
886 2034 1013 2099 nullam
1026 2034 1103 2098 dari
1116 2034 1229 2118 appel-

93 2140 258 2219 lationem,
286 2140 345 2204 sed
372 2159 541 2205 recursum
570 2139 745 2205 dumtaxat
776 2141 824 2205 ad
853 2140 972 2207 Sedem
1001 2142 1231 2225 Apostolieam.

95 2247 186 2327 Qun,
208 2247 307 2331 juata
341 2248 442 2331 ipsius
473 2247 743 2331 Conprepationis
776 2250 980 2326 sententiam,
1015 2266 1076 2331 per
1113 2247 1233 2331 61666-

93 2356 181 2417 rium
207 2354 294 2421 XIII
315 2354 419 2437 felicis
446 2354 678 2419 recordationis
715 2356 943 2438 approbatam,
972 2357 1235 2440 quotiescumque

96 2460 293 2525 Ordinarius
317 2464 517 2526 recusaverit
538 2480 773 2545 quemcumque
794 2464 959 2541 ordinare,
984 2462 1234 2547 Metropolitana

93 2576 152 2631 aut
168 2569 320 2637 viciniori
330 2568 491 2651 Episcopo
506 2570 689 2647 committit,
705 2568 797 2633 6161
810 2568 924 2633 eodem
939 2568 1117 2636 ordinario
1139 2572 1234 2655 prius

94 2678 244 2759 requirat
258 2694 392 2741 caenam
406 2676 616 2741 rccmotivnis
630 2694 642 2739 .·
656 2693 720 2758 quo
735 2676 917 2758 teaitimcm
929 2695 995 2741 non
1008 2678 1180 2761 attepante,
1195 2680 1236 2743 ii·

93 2796 142 2852 cet
156 2784 208 2853 itti
220 2783 369 2853 eumdem
382 2796 567 2853 recusatum
582 2782 746 2851 ordinare.
764 2783 918 2873 (Citatum
929 2784 1132 2855 eBenedicto
1139 2786 1232 2877 xlv,

95 2890 133 2959 de
146 2891 282 2982 Synodo
298 2889 439 2971 dioeces„
458 2891 541 2959 libro
558 2894 611 2975 12,
626 2912 656 2959 6.
677 2893 710 2975 6,
724 2912 758 2959 6.
778 2891 826 2979 t.)

134 3000 174 3067 16
189 2999 274 3067 libro
291 3002 332 3065 21
356 2997 573 3079 Positionum,
593 2999 714 3089 pagine
743 3002 774 3083 1,
803 2997 865 3067 sub
892 2998 946 3065 die
972 3003 1010 3066 21
1031 3000 1118 3092 junii
1134 3006 1232 3091 1621,

96 3106 234 3175 retertur
248 3104 318 3173 haec
342 3104 450 3173 Socrae
472 3105 740 3193 Congregetionis
753 3102 874 3173 decisio
902 3133 910 3173 :
927 3106 1108 3198 Episcopus
1121 3112 1235 3201 Sapo.

94 3215 216 3290 ncnsIs,
239 3229 280 3275 66
299 3210 455 3292 facultate
477 3210 541 3273 sibi
563 3210 720 3273 attributa
741 3209 867 3275 decreto
895 3210 1037 3277 Conciiii
1056 3217 1173 3298 capitis
1199 3224 1229 3293 1,

94 3320 242 3385 sessionis
257 3324 306 3396 11,
322 3316 558 3383 6666661661ὸί
570 3320 653 3381 notis
666 3317 835 3401 suspendit
840 3318 1022 3400 parociam
1031 3321 1074 3384 66
1082 3325 1235 3387 coercitio

95 3444 190 3491 curae.
207 3425 277 3491 Sed
289 3424 342 3488 1116
355 3424 550 3507 appellavit;
565 3432 597 3489 et
605 3433 766 3507 praecepto
777 3424 936 3507 Episcopi
947 3434 1139 3511 contempto,
1153 3430 1233 3495 6616·

97 3534 203 3596 mavit
220 3540 250 3597 et
263 3550 378 3595 curam
391 3533 545 3595 66616611.
564 3532 730 3611 (16661166
739 3550 785 3595 66
796 3532 913 3597 adicta
926 3537 1133 3617 suspensione
1140 3537 1235 3601 detur

31 3632 35 3745 ὲ
97 3639 344 3723 appellatione
369 3648 405 3701 ut
419 3638 594 3721 parochus,
618 3654 683 3701 non
706 3638 850 3703 61616616
863 3640 1080 3721 appellatione
1094 3645 1235 3727 interpo-

33 3756 36 3833 t,
96 3751 168 3825 sita,
180 3765 241 3829 per
262 3746 452 3811 caercitium
465 3764 552 3811 curn
574 3745 704 3827 effectus
727 3746 830 3826 fuerit
855 3746 1058 3829 irreputaris.
1074 3752 1235 3817 —Sacra

100 3854 315 3939 Conpcepatio
344 3853 483 3920 Concilii
503 3856 636 3930 censuit,
659 3853 701 3917 61
722 3852 920 3935 hujusmodi
944 3859 1152 3937 suspensione
1170 3878 1236 3924 non

99 3962 174 4024 dari
198 3960 466 4044 appeliationem;
493 3969 526 4024 61
546 3960 728 4042 paronam
755 3961 816 4043 qui
840 3971 1047 4027 sacramenta
1072 3973 1235 4050 utsupra

100 4059 308 4141 ministravit,
340 4060 620 4149 irrepularitatcm
660 4059 871 4127 contraxisse.
914 4062 1029 4147 {Citste
1068 4086 1087 4130 e
1125 4064 1235 4135 11666-

101 4168 182 4236 11616
197 4166 288 4247 xlv,
305 4164 344 4233 de
357 4165 492 4257 Synodo
508 4165 647 4245 dicaces,
665 4166 749 4233 libro
764 4169 819 4249 12,
836 4189 863 4233 c.
883 4170 914 4253 8,
933 4189 966 4233 6.
988 4167 1032 4257 1.)

142 4276 256 4343 Plures
270 4275 380 4341 itidem
395 4278 427 4340 in
443 4273 594 4341 66661616
610 4272 859 4341 sensnmSecrae
868 4274 1138 4365 Congregntionis
1151 4282 1238 4353 Gon-
