3050 4984
655 463 831 510 moturus
852 464 890 508 DE
912 461 1043 508 moretm.

722 721 866 794 CAPUT
880 721 983 794 XLV.

422 919 523 966 FORMA
546 919 666 967 CITANDI
688 920 772 967 REUH
793 921 836 966 ΑΒ
856 919 1048 968 smmum!
1070 917 1283 966 mmmm.

329 1121 347 1162 a
369 1096 604 1190 Gomeqnenter
617 1099 725 1170 uolens
738 1097 929 1168 reverendus
943 1100 1001 1178 N.,
1026 1095 1170 1164 Vicorius
1182 1092 1364 1184 ymeralsss
1386 1091 1437 1159 ad

277 1201 413 1290 finalem
426 1205 619 1274 sententiam
637 1205 821 1298 procedere,
849 1205 975 1274 vocavit
990 1206 1153 1272 ioannem
1168 1203 1211 1270 N.
1227 1198 1434 1292 episcopatis

279 1309 377 1378 curie
388 1311 543 1381 nantium
553 1312 739 1404 publicam,
758 1314 851 1404 eique
865 1310 1069 1402 consipnaoit
1087 1305 1252 1377 citationis
1269 1304 1432 1374 libellum

280 1416 398 1484 tenoris
412 1419 582 1508 sequentis,
601 1419 746 1490 videlicet
763 1448 773 1487 .·
788 1419 912 1489 citatur
924 1417 1074 1488 dominus
1088 1417 1132 1488 N.
1154 1435 1237 1497 rens,
1256 1424 1286 1480 et
1307 1411 1434 1481 domi·

279 1543 341 1588 nus
362 1525 404 1593 N.
431 1523 504 1614 ejas
514 1538 687 1616 patrantes,
705 1527 752 1596 ad
764 1525 1023 1618 comparendum
1043 1545 1156 1593 caram
1171 1518 1345 1590 reoerasdo
1363 1523 1430 1600 N„

284 1627 409 1697 Vicario
424 1632 580 1720 qenerali,
597 1632 649 1702 die
667 1683 718 1714 ...,
739 1634 823 1703 kara
849 1685 901 1715 ...,
917 1633 953 1700 in
974 1632 1061 1700 atrio
1083 1628 1236 1722 episcopii
1248 1627 1307 1696 uti
1322 1627 1431 1696 cario

279 1737 416 1826 rapitur,
434 1752 470 1807 ut
483 1739 624 1808 audiant
637 1739 842 1832 definitivam
865 1739 1071 1822 sententiam,
1089 1738 1123 1806 in
1137 1759 1236 1806 causa
1249 1733 1433 1804 criminati

278 1855 393 1912 contra
408 1843 532 1915 dictum
543 1846 716 1918 dominum
738 1852 782 1921 N.
798 1861 902 1930 mota,
915 1846 1099 1940 [maedam.
1115 1847 1161 1916 Et
1175 1841 1430 1934 mandatprae-

275 1950 367 2039 latus
380 1954 571 2024 reverendus
595 1954 738 2024 Vicaricts
758 1954 917 2047 peneralis
929 1963 1123 2045 presentem
1146 1947 1335 2018 citationem
1352 1947 1429 2016 dic-

278 2058 319 2124 tis
334 2058 475 2130 dominis
488 2064 531 2132 N.
551 2075 581 2131 et
595 2065 631 2134 N
632 2114 638 2130 .
651 2063 881 2154 personaliter,
899 2062 951 2130 oet
960 2062 995 2130 in
1008 2059 1104 2130 domo
1118 2058 1223 2126 solita
1234 2055 1427 2124 ternario·

276 2164 336 2246 nis,
354 2165 513 2237 intimari.
529 2173 696 2240 Datum...
710 2210 754 2222 —
766 2174 838 2261 Epo
853 2172 912 2252 N.,
936 2169 1083 2237 Vicarias
1095 2166 1267 2259 peneroiis.
1282 2204 1326 2216 -
1344 2167 1426 2256 Epo

278 2275 335 2354 N.,
353 2277 565 2345 actuarios.»

324 2407 341 2447 a
355 2382 463 2472 Ipitar
476 2385 685 2476 supradictas
699 2390 843 2454 ioannes
863 2388 907 2454 N.
930 2407 1054 2467 cursor,
1072 2383 1200 2474 ecpleto
1222 2403 1280 2450 sao
1296 2382 1422 2474 officio,

276 2487 384 2557 adme
398 2493 587 2560 actuarium
602 2515 748 2562 reversas
761 2493 889 2572 retulit,
905 2515 938 2561 se
952 2491 1211 2583 suprascriptam
1225 2488 1424 2558 citationem

268 2597 499 2684 personaliter,
520 2613 625 2692 prout
649 2602 685 2670 in
701 2601 877 2683 mandatis,
895 2601 1037 2669 dominis
1060 2601 1103 2671 N.
1119 2611 1151 2666 et
1165 2601 1208 2668 N.
1236 2596 1420 2676 intimasse,

275 2703 369 2794 copia
389 2706 512 2774 relicta.
538 2708 620 2777 Acta
632 2721 709 2778 nent
724 2708 793 2778 itae
807 2707 861 2776 die
932 2707 1051 2775 mensis
1128 2727 1255 2774 arato...
1277 2742 1324 2755 -
1343 2706 1421 2796 Epo

274 2813 331 2891 N.,
348 2833 469 2895 cursor,
488 2814 619 2907 affirmo
634 2827 672 2884 ut
687 2837 801 2907 supro.
816 2853 861 2868 -
871 2817 944 2906 Epo
959 2817 1018 2897 N.,
1036 2812 1220 2882 actuarius.
1239 2836 1257 2876 u

317 2953 443 3024 Citntur
457 2957 578 3048 pariter
591 2957 691 3026 ultera
707 2981 795 3049 pars,
811 2958 845 3026 id
860 2966 920 3046 est,
935 2965 1114 3043 accusator,
1128 2955 1181 3026 vel
1192 2953 1304 3023 fiscus.

316 3061 354 3129 In
368 3061 419 3131 his
434 3073 545 3134 nutem
567 3064 774 3133 citationibus
788 3065 890 3134 inseri
912 3070 1017 3156 potest
1036 3063 1173 3132 monitio
1185 3059 1228 3130 ud
1243 3070 1368 3154 partes,
1384 3069 1420 3130 nt

272 3168 407 3238 veniant
418 3193 495 3239 cum
510 3171 655 3263 patronis
668 3193 727 3240 seu
753 3171 918 3240 advocetis
940 3172 1021 3257 suis,
1037 3168 1096 3262 qui
1111 3176 1186 3237 autc
1200 3169 1418 3260 prolationem

272 3277 439 3346 sententiar
454 3279 570 3347 merita
584 3301 690 3348 causeo
706 3277 888 3370 perorando
904 3277 1088 3347 discutiunt.
1109 3275 1174 3346 Sed
1189 3275 1297 3345 omitti
1313 3283 1417 3367 potest

263 3381 407 3452 monitio
423 3383 492 3472 illa,
506 3385 534 3453 si
549 3387 583 3455 in
598 3385 682 3477 stylo
693 3386 795 3454 ouriae
809 3386 863 3471 sit,
885 3395 921 3454 ut
935 3407 1064 3477 semper
1077 3383 1255 3454 audiuntur
1271 3384 1414 3475 partium

258 3488 429 3578 ‘advocatu
447 3500 620 3585 antequam
635 3493 865 3585 pronuntietur
879 3492 1048 3562 sententia.

694 3751 839 3823 CAPUT
862 3751 981 3824 XLVI.

302 3946 406 3994 FORMA
428 3945 550 3993 ULTINAE
572 3944 767 3995 DEFENSIONIS
789 3947 839 3993 REI
862 3947 942 3994 ANTE
965 3946 1139 3996 smmum
1161 3947 1387 3997 ruourrormr.

319 4119 376 4188 Dio
408 4121 449 4190 nd
477 4122 668 4190 sententium
700 4123 904 4192 definitivum
935 4123 1114 4214 assignato,
1145 4131 1178 4194 et
1207 4133 1410 4219 comparente

271 4232 406 4316 utruque
422 4235 511 4317 porte
526 4251 601 4298 oum
626 4230 771 4322 patronis
797 4253 855 4300 seu
870 4229 1034 4300 advocatis
1055 4232 1138 4322 suis,
1159 4231 1258 4302 detur
1284 4255 1341 4306 roo
1355 4257 1407 4326 per
