<?xml version="1.0" encoding="UTF-8"?>
<!DOCTYPE html PUBLIC "-//W3C//DTD XHTML 1.0 Transitional//EN"
    "http://www.w3.org/TR/xhtml1/DTD/xhtml1-transitional.dtd">
<html xmlns="http://www.w3.org/1999/xhtml" xml:lang="en" lang="en">
 <head>
  <title>
</title>
<meta http-equiv="Content-Type" content="text/html;charset=utf-8" />
  <meta name='ocr-system' content='tesseract 3.04.00' />
  <meta name='ocr-capabilities' content='ocr_page ocr_carea ocr_par ocr_line ocrx_word'/>
</head>
<body>
  <div class='ocr_page' id='page_1' title='image "./tractatusdejudi00goog_0081.png"; bbox 0 0 3050 4984; ppageno 0'>
   <div class='ocr_carea' id='block_1_1' title="bbox 547 502 792 568">
    <p class='ocr_par' dir='ltr' id='par_1_1' title="bbox 547 502 792 568">
     <span class='ocr_line' id='line_1_1' title="bbox 547 502 792 568; baseline -0.004 -2"><span class='ocrx_word' id='word_1_1' title='bbox 547 517 621 567; x_wconf 78' lang='lat' dir='ltr'>runs</span> <span class='ocrx_word' id='word_1_2' title='bbox 643 502 792 568; x_wconf 68' lang='lat' dir='ltr'>stemma:</span> 
     </span>
    </p>
   </div>
   <div class='ocr_carea' id='block_1_2' title="bbox 645 909 686 979">
    <p class='ocr_par' dir='ltr' id='par_1_2' title="bbox 645 909 686 979">
     <span class='ocr_line' id='line_1_2' title="bbox 645 909 686 979; baseline -0.049 0"><span class='ocrx_word' id='word_1_3' title='bbox 645 909 686 979; x_wconf 87' lang='lat' dir='ltr'>ss.</span> 
     </span>
    </p>
   </div>
   <div class='ocr_carea' id='block_1_3' title="bbox 97 1079 1237 1224">
    <p class='ocr_par' dir='ltr' id='par_1_3' title="bbox 97 1079 1237 1224">
     <span class='ocr_line' id='line_1_3' title="bbox 97 1079 1237 1148; baseline 0.001 -18"><span class='ocrx_word' id='word_1_4' title='bbox 97 1080 175 1130; x_wconf 77' lang='lat' dir='ltr'>Cum</span> <span class='ocrx_word' id='word_1_5' title='bbox 191 1082 362 1147; x_wconf 68' lang='lat' dir='ltr'>inquisitionis</span> <span class='ocrx_word' id='word_1_6' title='bbox 377 1082 507 1148; x_wconf 80' lang='lat' dir='ltr'>spectatis,</span> <span class='ocrx_word' id='word_1_7' title='bbox 517 1079 552 1132; x_wconf 81' lang='lat' dir='ltr'>od</span> <span class='ocrx_word' id='word_1_8' title='bbox 571 1081 720 1130; x_wconf 80' lang='lat' dir='ltr'>instantiam</span> <span class='ocrx_word' id='word_1_9' title='bbox 737 1080 851 1144; x_wconf 75' lang='lat' dir='ltr'>olr‘rnjrrs</span> <span class='ocrx_word' id='word_1_10' title='bbox 866 1079 1058 1133; x_wconf 67' lang='lat' dir='ltr'>uncertainn</span> <span class='ocrx_word' id='word_1_11' title='bbox 1068 1079 1237 1144; x_wconf 78' lang='lat' dir='ltr'>judicialiter</span> 
     </span>
     <span class='ocr_line' id='line_1_4' title="bbox 199 1171 735 1224; baseline -0.002 -3"><span class='ocrx_word' id='word_1_12' title='bbox 199 1185 201 1188; x_wconf 85' lang='lat'>·</span> <span class='ocrx_word' id='word_1_13' title='bbox 600 1171 735 1224; x_wconf 73' lang='lat' dir='ltr'>instituto.</span> 
     </span>
    </p>
   </div>
   <div class='ocr_carea' id='block_1_4' title="bbox 139 1386 1236 1480">
    <p class='ocr_par' dir='ltr' id='par_1_4' title="bbox 139 1386 1236 1480">
     <span class='ocr_line' id='line_1_5' title="bbox 139 1386 1236 1480; baseline -0.004 -24"><span class='ocrx_word' id='word_1_14' title='bbox 139 1387 365 1480; x_wconf 83' lang='lat' dir='ltr'>Expendimus</span> <span class='ocrx_word' id='word_1_15' title='bbox 392 1389 453 1456; x_wconf 90' lang='lat' dir='ltr'>snb</span> <span class='ocrx_word' id='word_1_16' title='bbox 483 1389 678 1480; x_wconf 71' lang='lat' dir='ltr'>precedenti</span> <span class='ocrx_word' id='word_1_17' title='bbox 708 1386 1167 1479; x_wconf 79' lang='lat' dir='ltr'>numeroanpraerequirstur</span> <span class='ocrx_word' id='word_1_18' title='bbox 1180 1386 1236 1453; x_wconf 91' lang='lat' dir='ltr'>in-</span> 
     </span>
    </p>
   </div>
   <div class='ocr_carea' id='block_1_5' title="bbox 13 1492 1238 1694">
    <p class='ocr_par' dir='ltr' id='par_1_5' title="bbox 13 1485 1238 1694">
     <span class='ocr_line' id='line_1_6' title="bbox 96 1492 1237 1587; baseline -0.002 -25.136"><span class='ocrx_word' id='word_1_19' title='bbox 96 1495 207 1581; x_wconf 80' lang='lat' dir='ltr'>famia,</span> <span class='ocrx_word' id='word_1_20' title='bbox 221 1505 260 1564; x_wconf 85' lang='lat' dir='ltr'>ut</span> <span class='ocrx_word' id='word_1_21' title='bbox 269 1496 372 1586; x_wconf 85' lang='lat' dir='ltr'>judex</span> <span class='ocrx_word' id='word_1_22' title='bbox 385 1497 488 1586; x_wconf 86' lang='lat' dir='ltr'><strong>possit</strong></span> <span class='ocrx_word' id='word_1_23' title='bbox 499 1494 698 1587; x_wconf 85' lang='lat' dir='ltr'>judicialiter</span> <span class='ocrx_word' id='word_1_24' title='bbox 712 1496 875 1587; x_wconf 82' lang='lat' dir='ltr'>inquirere</span> <span class='ocrx_word' id='word_1_25' title='bbox 897 1519 937 1563; x_wconf 77' lang='lat' dir='ltr'>cc</span> <span class='ocrx_word' id='word_1_26' title='bbox 959 1517 1048 1562; x_wconf 87' lang='lat' dir='ltr'>mero</span> <span class='ocrx_word' id='word_1_27' title='bbox 1066 1493 1184 1585; x_wconf 72' lang='lat' dir='ltr'>officio,</span> <span class='ocrx_word' id='word_1_28' title='bbox 1203 1492 1237 1560; x_wconf 91' lang='lat' dir='ltr'>id</span> 
     </span>
     <span class='ocr_line' id='line_1_7' title="bbox 13 1600 1238 1694; baseline -0.002 -26"><span class='ocrx_word' id='word_1_29' title='bbox 13 1621 14 1694; x_wconf 53' lang='grc' dir='ltr'><strong>ς</strong></span> <span class='ocrx_word' id='word_1_30' title='bbox 94 1611 152 1688; x_wconf 86' lang='lat' dir='ltr'>est,</span> <span class='ocrx_word' id='word_1_31' title='bbox 170 1603 299 1671; x_wconf 90' lang='lat' dir='ltr'>nemine</span> <span class='ocrx_word' id='word_1_32' title='bbox 322 1602 445 1671; x_wconf 81' lang='lat' dir='ltr'><strong>crimen</strong></span> <span class='ocrx_word' id='word_1_33' title='bbox 464 1602 684 1672; x_wconf 73' lang='lat' dir='ltr'>denuntiante.</span> <span class='ocrx_word' id='word_1_34' title='bbox 710 1603 770 1672; x_wconf 87' lang='lat' dir='ltr'>Hic</span> <span class='ocrx_word' id='word_1_35' title='bbox 791 1601 946 1670; x_wconf 85' lang='lat' dir='ltr'>solvenda</span> <span class='ocrx_word' id='word_1_36' title='bbox 964 1601 1052 1670; x_wconf 89' lang='lat' dir='ltr'>vonit</span> <span class='ocrx_word' id='word_1_37' title='bbox 1074 1600 1238 1668; x_wconf 78' lang='lat' dir='ltr'>difficilior</span> 
     </span>
    </p>
   </div>
   <div class='ocr_carea' id='block_1_6' title="bbox 94 1706 1237 1802">
    <p class='ocr_par' dir='ltr' id='par_1_6' title="bbox 94 1706 1237 1802">
     <span class='ocr_line' id='line_1_8' title="bbox 94 1706 1237 1802; baseline 0 -26"><span class='ocrx_word' id='word_1_38' title='bbox 94 1711 246 1800; x_wconf 76' lang='lat' dir='ltr'>queastio,</span> <span class='ocrx_word' id='word_1_39' title='bbox 267 1733 311 1778; x_wconf 84' lang='lat' dir='ltr'>un</span> <span class='ocrx_word' id='word_1_40' title='bbox 333 1711 428 1778; x_wconf 85' lang='lat' dir='ltr'>etiem</span> <span class='ocrx_word' id='word_1_41' title='bbox 450 1711 628 1780; x_wconf 81' lang='lat' dir='ltr'>necessaria</span> <span class='ocrx_word' id='word_1_42' title='bbox 648 1711 689 1779; x_wconf 91' lang='lat' dir='ltr'>sit</span> <span class='ocrx_word' id='word_1_43' title='bbox 712 1711 840 1802; x_wconf 81' lang='lat' dir='ltr'>praevio</span> <span class='ocrx_word' id='word_1_44' title='bbox 861 1710 1010 1795; x_wconf 81' lang='lat' dir='ltr'>intumis,</span> <span class='ocrx_word' id='word_1_45' title='bbox 1035 1707 1116 1776; x_wconf 92' lang='lat' dir='ltr'>dum</span> <span class='ocrx_word' id='word_1_46' title='bbox 1135 1706 1237 1798; x_wconf 83' lang='lat' dir='ltr'>judex</span> 
     </span>
    </p>
   </div>
   <div class='ocr_carea' id='block_1_7' title="bbox 13 1815 1235 1909">
    <p class='ocr_par' dir='ltr' id='par_1_7' title="bbox 13 1815 1235 1909">
     <span class='ocr_line' id='line_1_9' title="bbox 13 1815 1235 1909; baseline -0.002 -25"><span class='ocrx_word' id='word_1_47' title='bbox 13 1829 14 1832; x_wconf 76' lang='grc'>’</span> <span class='ocrx_word' id='word_1_48' title='bbox 94 1816 241 1906; x_wconf 78' lang='lat' dir='ltr'><strong>procedit</strong></span> <span class='ocrx_word' id='word_1_49' title='bbox 278 1816 320 1886; x_wconf 89' lang='lat' dir='ltr'>nd</span> <span class='ocrx_word' id='word_1_50' title='bbox 360 1817 546 1886; x_wconf 77' lang='lat' dir='ltr'>instantiam</span> <span class='ocrx_word' id='word_1_51' title='bbox 589 1817 726 1908; x_wconf 84' lang='lat' dir='ltr'>alicujus</span> <span class='ocrx_word' id='word_1_52' title='bbox 768 1839 915 1909; x_wconf 73' lang='lat' dir='ltr'>personae</span> <span class='ocrx_word' id='word_1_53' title='bbox 952 1819 1076 1885; x_wconf 87' lang='lat' dir='ltr'>orimen</span> <span class='ocrx_word' id='word_1_54' title='bbox 1109 1815 1235 1883; x_wconf 91' lang='lat' dir='ltr'>denun-</span> 
     </span>
    </p>
   </div>
   <div class='ocr_carea' id='block_1_8' title="bbox 94 1924 1237 2124">
    <p class='ocr_par' dir='ltr' id='par_1_8' title="bbox 94 1924 1237 2124">
     <span class='ocr_line' id='line_1_10' title="bbox 94 1924 215 1992; baseline 0.017 -2"><span class='ocrx_word' id='word_1_55' title='bbox 94 1924 215 1992; x_wconf 89' lang='lat' dir='ltr'>tiantis.</span> 
     </span>
     <span class='ocr_line' id='line_1_11' title="bbox 135 2029 1237 2124; baseline -0.003 -26"><span class='ocrx_word' id='word_1_56' title='bbox 135 2031 322 2099; x_wconf 86' lang='lat' dir='ltr'>Pnorosrrm</span> <span class='ocrx_word' id='word_1_57' title='bbox 335 2031 376 2100; x_wconf 71' lang='lat'>12.</span> <span class='ocrx_word' id='word_1_58' title='bbox 389 2069 433 2084; x_wconf 91' lang='grc'>-</span> <span class='ocrx_word' id='word_1_59' title='bbox 444 2035 483 2100; x_wconf 91' lang='lat' dir='ltr'>ln</span> <span class='ocrx_word' id='word_1_60' title='bbox 491 2032 734 2124; x_wconf 82' lang='lat' dir='ltr'>jurccunonico</span> <span class='ocrx_word' id='word_1_61' title='bbox 750 2032 882 2100; x_wconf 90' lang='lat' dir='ltr'>omnino</span> <span class='ocrx_word' id='word_1_62' title='bbox 904 2029 1140 2121; x_wconf 75' lang='lat' dir='ltr'>distinpuendae</span> <span class='ocrx_word' id='word_1_63' title='bbox 1160 2041 1237 2096; x_wconf 81' lang='lat' dir='ltr'>sunt</span> 
     </span>
    </p>
   </div>
   <div class='ocr_carea' id='block_1_9' title="bbox 13 2135 1237 2229">
    <p class='ocr_par' dir='ltr' id='par_1_9' title="bbox 13 2135 1237 2229">
     <span class='ocr_line' id='line_1_12' title="bbox 13 2135 1237 2229; baseline 0 -27"><span class='ocrx_word' id='word_1_64' title='bbox 13 2181 15 2202; x_wconf 48' lang='lat' dir='ltr'>r</span> <span class='ocrx_word' id='word_1_65' title='bbox 93 2137 302 2206; x_wconf 81' lang='lat' dir='ltr'>denuntiatio</span> <span class='ocrx_word' id='word_1_66' title='bbox 317 2137 612 2229; x_wconf 83' lang='lat' dir='ltr'>udpoeniturtiom,</span> <span class='ocrx_word' id='word_1_67' title='bbox 631 2152 662 2207; x_wconf 88' lang='lat' dir='ltr'>et</span> <span class='ocrx_word' id='word_1_68' title='bbox 680 2138 882 2207; x_wconf 75' lang='lat' dir='ltr'>denuntiatio</span> <span class='ocrx_word' id='word_1_69' title='bbox 902 2137 949 2206; x_wconf 88' lang='lat' dir='ltr'>od</span> <span class='ocrx_word' id='word_1_70' title='bbox 959 2159 1115 2228; x_wconf 62' lang='lat' dir='ltr'>purten·</span> <span class='ocrx_word' id='word_1_71' title='bbox 1133 2135 1181 2201; x_wconf 85' lang='lat' dir='ltr'>itu</span> <span class='ocrx_word' id='word_1_72' title='bbox 1200 2148 1237 2202; x_wconf 86' lang='lat' dir='ltr'>ut</span> 
     </span>
    </p>
   </div>
   <div class='ocr_carea' id='block_1_10' title="bbox 89 2244 1242 4379">
    <p class='ocr_par' dir='ltr' id='par_1_10' title="bbox 89 2244 1242 4379">
     <span class='ocr_line' id='line_1_13' title="bbox 89 2244 1236 2338; baseline -0.003 -27"><span class='ocrx_word' id='word_1_73' title='bbox 89 2245 253 2332; x_wconf 80' lang='lat' dir='ltr'>posterior</span> <span class='ocrx_word' id='word_1_74' title='bbox 280 2246 484 2337; x_wconf 80' lang='lat' dir='ltr'>intellipotur</span> <span class='ocrx_word' id='word_1_75' title='bbox 507 2247 635 2338; x_wconf 84' lang='lat' dir='ltr'>operire</span> <span class='ocrx_word' id='word_1_76' title='bbox 661 2246 751 2314; x_wconf 86' lang='lat' dir='ltr'>oium</span> <span class='ocrx_word' id='word_1_77' title='bbox 778 2244 1007 2336; x_wconf 81' lang='lat' dir='ltr'>inquisitionis,</span> <span class='ocrx_word' id='word_1_78' title='bbox 1036 2266 1101 2311; x_wconf 91' lang='lat' dir='ltr'>non</span> <span class='ocrx_word' id='word_1_79' title='bbox 1124 2255 1236 2310; x_wconf 83' lang='lat' dir='ltr'>orrtem</span> 
     </span>
     <span class='ocr_line' id='line_1_14' title="bbox 92 2348 1237 2421; baseline -0.003 -3"><span class='ocrx_word' id='word_1_80' title='bbox 92 2351 183 2418; x_wconf 87' lang='lat' dir='ltr'>oium</span> <span class='ocrx_word' id='word_1_81' title='bbox 198 2351 466 2421; x_wconf 78' lang='lat' dir='ltr'>denuntiationis.</span> <span class='ocrx_word' id='word_1_82' title='bbox 484 2391 529 2405; x_wconf 94' lang='lat'>-</span> <span class='ocrx_word' id='word_1_83' title='bbox 545 2353 594 2420; x_wconf 82' lang='lat' dir='ltr'>Ex</span> <span class='ocrx_word' id='word_1_84' title='bbox 608 2352 669 2421; x_wconf 89' lang='lat' dir='ltr'>hac</span> <span class='ocrx_word' id='word_1_85' title='bbox 684 2351 766 2419; x_wconf 86' lang='lat' dir='ltr'>tanti</span> <span class='ocrx_word' id='word_1_86' title='bbox 787 2352 943 2420; x_wconf 83' lang='lat' dir='ltr'>momenti</span> <span class='ocrx_word' id='word_1_87' title='bbox 964 2349 1083 2418; x_wconf 85' lang='lat' dir='ltr'>omissa</span> <span class='ocrx_word' id='word_1_88' title='bbox 1102 2348 1237 2416; x_wconf 89' lang='lat' dir='ltr'>distinc-</span> 
     </span>
     <span class='ocr_line' id='line_1_15' title="bbox 91 2456 1237 2551; baseline -0.002 -26"><span class='ocrx_word' id='word_1_89' title='bbox 91 2459 179 2527; x_wconf 88' lang='lat' dir='ltr'>tione</span> <span class='ocrx_word' id='word_1_90' title='bbox 210 2460 327 2551; x_wconf 88' lang='lat' dir='ltr'>opinor</span> <span class='ocrx_word' id='word_1_91' title='bbox 354 2460 536 2549; x_wconf 81' lang='lat' dir='ltr'>contigisse,</span> <span class='ocrx_word' id='word_1_92' title='bbox 558 2461 645 2551; x_wconf 93' lang='lat' dir='ltr'>quod</span> <span class='ocrx_word' id='word_1_93' title='bbox 674 2461 848 2528; x_wconf 82' lang='lat' dir='ltr'>canonistae</span> <span class='ocrx_word' id='word_1_94' title='bbox 873 2458 1026 2551; x_wconf 88' lang='lat' dir='ltr'>permulti</span> <span class='ocrx_word' id='word_1_95' title='bbox 1049 2457 1182 2526; x_wconf 89' lang='lat' dir='ltr'>confuse</span> <span class='ocrx_word' id='word_1_96' title='bbox 1204 2456 1237 2524; x_wconf 91' lang='lat' dir='ltr'>in</span> 
     </span>
     <span class='ocr_line' id='line_1_16' title="bbox 90 2566 1238 2660; baseline -0.003 -26"><span class='ocrx_word' id='word_1_97' title='bbox 90 2569 246 2657; x_wconf 86' lang='lat' dir='ltr'>praesenti</span> <span class='ocrx_word' id='word_1_98' title='bbox 262 2568 398 2636; x_wconf 86' lang='lat' dir='ltr'>materia</span> <span class='ocrx_word' id='word_1_99' title='bbox 409 2569 507 2636; x_wconf 90' lang='lat' dir='ltr'>locuti</span> <span class='ocrx_word' id='word_1_100' title='bbox 518 2569 593 2638; x_wconf 89' lang='lat' dir='ltr'>sint.</span> <span class='ocrx_word' id='word_1_101' title='bbox 613 2570 650 2636; x_wconf 93' lang='lat' dir='ltr'>ln</span> <span class='ocrx_word' id='word_1_102' title='bbox 662 2591 760 2660; x_wconf 86' lang='lat' dir='ltr'>quam</span> <span class='ocrx_word' id='word_1_103' title='bbox 771 2569 998 2636; x_wconf 80' lang='lat' dir='ltr'>obscuritatem</span> <span class='ocrx_word' id='word_1_104' title='bbox 1010 2591 1050 2634; x_wconf 92' lang='lat' dir='ltr'>ne</span> <span class='ocrx_word' id='word_1_105' title='bbox 1063 2567 1162 2634; x_wconf 88' lang='lat' dir='ltr'>lector</span> <span class='ocrx_word' id='word_1_106' title='bbox 1176 2566 1238 2632; x_wconf 90' lang='lat' dir='ltr'>im·</span> 
     </span>
     <span class='ocr_line' id='line_1_17' title="bbox 89 2675 1236 2767; baseline 0.001 -26"><span class='ocrx_word' id='word_1_107' title='bbox 89 2676 217 2765; x_wconf 80' lang='lat' dir='ltr'>pingat,</span> <span class='ocrx_word' id='word_1_108' title='bbox 233 2675 318 2766; x_wconf 89' lang='lat' dir='ltr'>ipsos</span> <span class='ocrx_word' id='word_1_109' title='bbox 334 2677 496 2767; x_wconf 86' lang='lat' dir='ltr'>praecipue</span> <span class='ocrx_word' id='word_1_110' title='bbox 508 2677 593 2767; x_wconf 87' lang='lat' dir='ltr'>juris</span> <span class='ocrx_word' id='word_1_111' title='bbox 607 2685 727 2762; x_wconf 85' lang='lat' dir='ltr'>textus,</span> <span class='ocrx_word' id='word_1_112' title='bbox 739 2676 919 2744; x_wconf 86' lang='lat' dir='ltr'>lnnoeentii</span> <span class='ocrx_word' id='word_1_113' title='bbox 927 2698 1043 2767; x_wconf 87' lang='lat' dir='ltr'>nempe</span> <span class='ocrx_word' id='word_1_114' title='bbox 1052 2677 1097 2742; x_wconf 88' lang='lat' dir='ltr'>tlt</span> <span class='ocrx_word' id='word_1_115' title='bbox 1108 2675 1236 2743; x_wconf 86' lang='lat' dir='ltr'>decreta</span> 
     </span>
     <span class='ocr_line' id='line_1_18' title="bbox 89 2782 1237 2874; baseline 0.002 -26"><span class='ocrx_word' id='word_1_116' title='bbox 89 2783 316 2873; x_wconf 85' lang='lat' dir='ltr'>expendemus</span> <span class='ocrx_word' id='word_1_117' title='bbox 330 2811 337 2862; x_wconf 92' lang='lat'>;</span> <span class='ocrx_word' id='word_1_118' title='bbox 363 2791 432 2850; x_wconf 89' lang='lat' dir='ltr'>tum</span> <span class='ocrx_word' id='word_1_119' title='bbox 448 2783 612 2874; x_wconf 91' lang='lat' dir='ltr'>quomodo</span> <span class='ocrx_word' id='word_1_120' title='bbox 627 2805 664 2850; x_wconf 83' lang='lat' dir='ltr'>eo</span> <span class='ocrx_word' id='word_1_121' title='bbox 679 2783 819 2869; x_wconf 86' lang='lat' dir='ltr'>decreta,</span> <span class='ocrx_word' id='word_1_122' title='bbox 838 2793 961 2851; x_wconf 88' lang='lat' dir='ltr'>veteres</span> <span class='ocrx_word' id='word_1_123' title='bbox 982 2782 1188 2872; x_wconf 82' lang='lat' dir='ltr'>glossatores,</span> <span class='ocrx_word' id='word_1_124' title='bbox 1204 2790 1237 2850; x_wconf 90' lang='lat' dir='ltr'>et</span> 
     </span>
     <span class='ocr_line' id='line_1_19' title="bbox 89 2890 1060 2980; baseline 0 -24"><span class='ocrx_word' id='word_1_125' title='bbox 89 2891 256 2957; x_wconf 79' lang='lat' dir='ltr'>subsecuti</span> <span class='ocrx_word' id='word_1_126' title='bbox 269 2898 377 2980; x_wconf 86' lang='lat' dir='ltr'>postea</span> <span class='ocrx_word' id='word_1_127' title='bbox 393 2891 576 2958; x_wconf 74' lang='lat' dir='ltr'>tractetistas</span> <span class='ocrx_word' id='word_1_128' title='bbox 591 2890 823 2974; x_wconf 79' lang='lat' dir='ltr'>intellexerint,</span> <span class='ocrx_word' id='word_1_129' title='bbox 840 2890 1060 2980; x_wconf 83' lang='lat' dir='ltr'>subjiciemus.</span> 
     </span>
     <span class='ocr_line' id='line_1_20' title="bbox 131 2996 1235 3088; baseline 0 -24"><span class='ocrx_word' id='word_1_130' title='bbox 131 2996 298 3064; x_wconf 85' lang='lat' dir='ltr'>Probatur</span> <span class='ocrx_word' id='word_1_131' title='bbox 313 2999 339 3065; x_wconf 92' lang='lat' dir='ltr'>l.</span> <span class='ocrx_word' id='word_1_132' title='bbox 361 3001 417 3066; x_wconf 76' lang='lat' dir='ltr'>Er</span> <span class='ocrx_word' id='word_1_133' title='bbox 434 2998 524 3088; x_wconf 85' lang='lat' dir='ltr'>juris</span> <span class='ocrx_word' id='word_1_134' title='bbox 546 2997 807 3067; x_wconf 61' lang='lat' dir='ltr'>rescribo-1·</span> <span class='ocrx_word' id='word_1_135' title='bbox 828 2998 939 3088; x_wconf 83' lang='lat' dir='ltr'>Cupite</span> <span class='ocrx_word' id='word_1_136' title='bbox 963 3000 1073 3086; x_wconf 82' lang='lat' dir='ltr'>Super</span> <span class='ocrx_word' id='word_1_137' title='bbox 1093 2997 1144 3064; x_wconf 81' lang='lat' dir='ltr'>Itis</span> <span class='ocrx_word' id='word_1_138' title='bbox 1166 2999 1235 3088; x_wconf 79' lang='lat'>(16,</span> 
     </span>
     <span class='ocr_line' id='line_1_21' title="bbox 90 3103 1238 3196; baseline 0 -26"><span class='ocrx_word' id='word_1_139' title='bbox 90 3106 136 3172; x_wconf 86' lang='lat' dir='ltr'>tit.</span> <span class='ocrx_word' id='word_1_140' title='bbox 160 3108 193 3188; x_wconf 91' lang='lat'>1,</span> <span class='ocrx_word' id='word_1_141' title='bbox 211 3104 289 3172; x_wconf 89' lang='lat' dir='ltr'>libri</span> <span class='ocrx_word' id='word_1_142' title='bbox 308 3111 325 3172; x_wconf 90' lang='lat'>5</span> <span class='ocrx_word' id='word_1_143' title='bbox 342 3104 584 3195; x_wconf 87' lang='lat' dir='ltr'>Decretalium),</span> <span class='ocrx_word' id='word_1_144' title='bbox 605 3107 639 3172; x_wconf 91' lang='lat' dir='ltr'>in</span> <span class='ocrx_word' id='word_1_145' title='bbox 661 3128 727 3196; x_wconf 89' lang='lat' dir='ltr'>quo</span> <span class='ocrx_word' id='word_1_146' title='bbox 747 3106 792 3172; x_wconf 90' lang='lat' dir='ltr'>sic</span> <span class='ocrx_word' id='word_1_147' title='bbox 812 3104 992 3172; x_wconf 87' lang='lat' dir='ltr'>statuitur:</span> <span class='ocrx_word' id='word_1_148' title='bbox 1019 3130 1036 3168; x_wconf 80' lang='lat' dir='ltr'>&lt;r</span> <span class='ocrx_word' id='word_1_149' title='bbox 1060 3103 1238 3194; x_wconf 12' lang='lat' dir='ltr'>Supermbis</span> 
     </span>
     <span class='ocr_line' id='line_1_22' title="bbox 92 3210 1238 3302; baseline 0.003 -28"><span class='ocrx_word' id='word_1_150' title='bbox 92 3241 107 3274; x_wconf 75' lang='lat' dir='ltr'>r</span> <span class='ocrx_word' id='word_1_151' title='bbox 132 3212 177 3280; x_wconf 90' lang='lat' dir='ltr'>de</span> <span class='ocrx_word' id='word_1_152' title='bbox 192 3211 312 3302; x_wconf 89' lang='lat' dir='ltr'>quibus</span> <span class='ocrx_word' id='word_1_153' title='bbox 326 3235 386 3280; x_wconf 92' lang='lat' dir='ltr'>nos</span> <span class='ocrx_word' id='word_1_154' title='bbox 401 3212 569 3280; x_wconf 87' lang='lat' dir='ltr'>consulere</span> <span class='ocrx_word' id='word_1_155' title='bbox 586 3211 729 3296; x_wconf 88' lang='lat' dir='ltr'>voluisti,</span> <span class='ocrx_word' id='word_1_156' title='bbox 745 3211 947 3302; x_wconf 85' lang='lat' dir='ltr'>inquisitioni</span> <span class='ocrx_word' id='word_1_157' title='bbox 962 3219 1077 3278; x_wconf 68' lang='lat' dir='ltr'>vestris</span> <span class='ocrx_word' id='word_1_158' title='bbox 1095 3210 1238 3278; x_wconf 86' lang='lat' dir='ltr'>breviter</span> 
     </span>
     <span class='ocr_line' id='line_1_23' title="bbox 93 3317 1237 3410; baseline 0.002 -27"><span class='ocrx_word' id='word_1_159' title='bbox 93 3346 108 3383; x_wconf 75' lang='lat' dir='ltr'>n</span> <span class='ocrx_word' id='word_1_160' title='bbox 133 3318 384 3409; x_wconf 86' lang='lat' dir='ltr'>respondemus,</span> <span class='ocrx_word' id='word_1_161' title='bbox 407 3319 493 3410; x_wconf 90' lang='lat' dir='ltr'>qnod</span> <span class='ocrx_word' id='word_1_162' title='bbox 517 3319 620 3386; x_wconf 88' lang='lat' dir='ltr'>tribus</span> <span class='ocrx_word' id='word_1_163' title='bbox 646 3317 750 3386; x_wconf 90' lang='lat' dir='ltr'>modis</span> <span class='ocrx_word' id='word_1_164' title='bbox 774 3320 860 3388; x_wconf 90' lang='lat' dir='ltr'>valet</span> <span class='ocrx_word' id='word_1_165' title='bbox 881 3320 1005 3386; x_wconf 90' lang='lat' dir='ltr'>crimen</span> <span class='ocrx_word' id='word_1_166' title='bbox 1025 3318 1159 3408; x_wconf 88' lang='lat' dir='ltr'>opponi,</span> <span class='ocrx_word' id='word_1_167' title='bbox 1181 3319 1237 3385; x_wconf 89' lang='lat' dir='ltr'>dc-</span> 
     </span>
     <span class='ocr_line' id='line_1_24' title="bbox 92 3425 1237 3517; baseline 0.003 -26"><span class='ocrx_word' id='word_1_168' title='bbox 92 3456 108 3491; x_wconf 76' lang='lat'>«</span> <span class='ocrx_word' id='word_1_169' title='bbox 132 3427 331 3512; x_wconf 82' lang='lat' dir='ltr'>nuntiando,</span> <span class='ocrx_word' id='word_1_170' title='bbox 345 3425 536 3517; x_wconf 85' lang='lat' dir='ltr'>excipiendo</span> <span class='ocrx_word' id='word_1_171' title='bbox 550 3435 581 3494; x_wconf 90' lang='lat' dir='ltr'>et</span> <span class='ocrx_word' id='word_1_172' title='bbox 595 3425 786 3496; x_wconf 83' lang='lat' dir='ltr'>accusando.</span> <span class='ocrx_word' id='word_1_173' title='bbox 804 3425 941 3507; x_wconf 86' lang='lat' dir='ltr'>Quando</span> <span class='ocrx_word' id='word_1_174' title='bbox 962 3426 1086 3494; x_wconf 88' lang='lat' dir='ltr'>crimen</span> <span class='ocrx_word' id='word_1_175' title='bbox 1105 3427 1140 3493; x_wconf 92' lang='lat' dir='ltr'>in</span> <span class='ocrx_word' id='word_1_176' title='bbox 1162 3449 1237 3494; x_wconf 93' lang='lat' dir='ltr'>mo-</span> 
     </span>
     <span class='ocr_line' id='line_1_25' title="bbox 94 3533 1238 3625; baseline 0.003 -28"><span class='ocrx_word' id='word_1_177' title='bbox 94 3534 215 3602; x_wconf 69' lang='lat' dir='ltr'>ndum</span> <span class='ocrx_word' id='word_1_178' title='bbox 240 3533 495 3601; x_wconf 87' lang='lat' dir='ltr'>denuntiationis</span> <span class='ocrx_word' id='word_1_179' title='bbox 514 3533 702 3625; x_wconf 90' lang='lat' dir='ltr'>opponitur,</span> <span class='ocrx_word' id='word_1_180' title='bbox 733 3557 799 3600; x_wconf 93' lang='lat' dir='ltr'>non</span> <span class='ocrx_word' id='word_1_181' title='bbox 825 3543 872 3600; x_wconf 91' lang='lat' dir='ltr'>est</span> <span class='ocrx_word' id='word_1_182' title='bbox 897 3533 1062 3624; x_wconf 87' lang='lat' dir='ltr'>inscriptio</span> <span class='ocrx_word' id='word_1_183' title='bbox 1088 3556 1238 3602; x_wconf 85' lang='lat' dir='ltr'>necessa-</span> 
     </span>
     <span class='ocr_line' id='line_1_26' title="bbox 94 3638 1236 3731; baseline 0.003 -26"><span class='ocrx_word' id='word_1_184' title='bbox 94 3638 202 3725; x_wconf 80' lang='lat' dir='ltr'>uria3</span> <span class='ocrx_word' id='word_1_185' title='bbox 235 3639 290 3706; x_wconf 89' lang='lat' dir='ltr'>sed</span> <span class='ocrx_word' id='word_1_186' title='bbox 321 3663 398 3707; x_wconf 91' lang='lat' dir='ltr'>cum</span> <span class='ocrx_word' id='word_1_187' title='bbox 433 3640 467 3708; x_wconf 91' lang='lat' dir='ltr'>in</span> <span class='ocrx_word' id='word_1_188' title='bbox 495 3639 626 3707; x_wconf 86' lang='lat' dir='ltr'>modum</span> <span class='ocrx_word' id='word_1_189' title='bbox 656 3640 887 3726; x_wconf 79' lang='lat' dir='ltr'>accusationis,</span> <span class='ocrx_word' id='word_1_190' title='bbox 917 3649 1043 3731; x_wconf 88' lang='lat' dir='ltr'>oportet</span> <span class='ocrx_word' id='word_1_191' title='bbox 1071 3640 1236 3708; x_wconf 88' lang='lat' dir='ltr'>inscribi:</span> 
     </span>
     <span class='ocr_line' id='line_1_27' title="bbox 92 3745 1239 3838; baseline 0.007 -30"><span class='ocrx_word' id='word_1_192' title='bbox 92 3773 108 3808; x_wconf 77' lang='lat' dir='ltr'>n</span> <span class='ocrx_word' id='word_1_193' title='bbox 133 3747 291 3838; x_wconf 87' lang='lat' dir='ltr'>quonism</span> <span class='ocrx_word' id='word_1_194' title='bbox 316 3745 356 3814; x_wconf 92' lang='lat' dir='ltr'>ad</span> <span class='ocrx_word' id='word_1_195' title='bbox 383 3746 615 3838; x_wconf 90' lang='lat' dir='ltr'>depositionem</span> <span class='ocrx_word' id='word_1_196' title='bbox 637 3747 816 3816; x_wconf 89' lang='lat' dir='ltr'>instituitur</span> <span class='ocrx_word' id='word_1_197' title='bbox 830 3747 1006 3834; x_wconf 82' lang='lat' dir='ltr'>accuseti03</span> <span class='ocrx_word' id='word_1_198' title='bbox 1024 3748 1094 3816; x_wconf 87' lang='lat' dir='ltr'>sed&#39;</span> <span class='ocrx_word' id='word_1_199' title='bbox 1107 3749 1148 3816; x_wconf 88' lang='lat' dir='ltr'>ad</span> <span class='ocrx_word' id='word_1_200' title='bbox 1163 3772 1239 3818; x_wconf 91' lang='lat' dir='ltr'>cor-</span> 
     </span>
     <span class='ocr_line' id='line_1_28' title="bbox 93 3852 1239 3922; baseline 0.003 -6"><span class='ocrx_word' id='word_1_201' title='bbox 93 3880 109 3916; x_wconf 79' lang='lat' dir='ltr'>r</span> <span class='ocrx_word' id='word_1_202' title='bbox 133 3853 312 3920; x_wconf 86' lang='lat' dir='ltr'>rectionem</span> <span class='ocrx_word' id='word_1_203' title='bbox 338 3861 386 3919; x_wconf 90' lang='lat' dir='ltr'>est</span> <span class='ocrx_word' id='word_1_204' title='bbox 411 3852 611 3920; x_wconf 89' lang='lat' dir='ltr'>denuntiatio</span> <span class='ocrx_word' id='word_1_205' title='bbox 634 3853 792 3922; x_wconf 82' lang='lat' dir='ltr'>facienda.</span> <span class='ocrx_word' id='word_1_206' title='bbox 818 3879 833 3916; x_wconf 81' lang='lat' dir='ltr'>n</span> <span class='ocrx_word' id='word_1_207' title='bbox 866 3852 1009 3920; x_wconf 82' lang='lat' dir='ltr'>Robrica</span> <span class='ocrx_word' id='word_1_208' title='bbox 1028 3862 1135 3920; x_wconf 86' lang='lat' dir='ltr'>autem</span> <span class='ocrx_word' id='word_1_209' title='bbox 1160 3853 1239 3921; x_wconf 88' lang='lat' dir='ltr'>huic</span> 
     </span>
     <span class='ocr_line' id='line_1_29' title="bbox 90 3959 1238 4051; baseline 0 -24"><span class='ocrx_word' id='word_1_210' title='bbox 90 3959 188 4051; x_wconf 86' lang='lat' dir='ltr'>capiti</span> <span class='ocrx_word' id='word_1_211' title='bbox 204 3959 342 4050; x_wconf 71' lang='lat' dir='ltr'>prefixa</span> <span class='ocrx_word' id='word_1_212' title='bbox 356 3959 402 4028; x_wconf 89' lang='lat' dir='ltr'>sic</span> <span class='ocrx_word' id='word_1_213' title='bbox 418 3959 513 4028; x_wconf 89' lang='lat' dir='ltr'>habet</span> <span class='ocrx_word' id='word_1_214' title='bbox 529 3987 536 4027; x_wconf 92' lang='lat'><strong>:</strong></span> <span class='ocrx_word' id='word_1_215' title='bbox 561 3987 578 4024; x_wconf 79' lang='lat' dir='ltr'>n</span> <span class='ocrx_word' id='word_1_216' title='bbox 597 3959 812 4028; x_wconf 84' lang='lat' dir='ltr'>Denuntiator</span> <span class='ocrx_word' id='word_1_217' title='bbox 835 3961 983 4028; x_wconf 91' lang='lat' dir='ltr'>criminis</span> <span class='ocrx_word' id='word_1_218' title='bbox 996 3984 1061 4028; x_wconf 93' lang='lat' dir='ltr'>non</span> <span class='ocrx_word' id='word_1_219' title='bbox 1077 3985 1111 4028; x_wconf 87' lang='lat' dir='ltr'>se</span> <span class='ocrx_word' id='word_1_220' title='bbox 1123 3960 1238 4028; x_wconf 90' lang='lat' dir='ltr'>inscri-</span> 
     </span>
     <span class='ocr_line' id='line_1_30' title="bbox 95 4065 1242 4158; baseline 0.003 -28"><span class='ocrx_word' id='word_1_221' title='bbox 95 4096 110 4130; x_wconf 72' lang='grc' dir='ltr'>ι</span> <span class='ocrx_word' id='word_1_222' title='bbox 133 4067 182 4134; x_wconf 91' lang='lat' dir='ltr'>bit</span> <span class='ocrx_word' id='word_1_223' title='bbox 198 4066 277 4158; x_wconf 85' lang='lat' dir='ltr'>quio</span> <span class='ocrx_word' id='word_1_224' title='bbox 299 4065 340 4134; x_wconf 83' lang='lat' dir='ltr'>od</span> <span class='ocrx_word' id='word_1_225' title='bbox 365 4067 595 4136; x_wconf 87' lang='lat' dir='ltr'>correctionem</span> <span class='ocrx_word' id='word_1_226' title='bbox 620 4066 749 4136; x_wconf 90' lang='lat' dir='ltr'>tendit:</span> <span class='ocrx_word' id='word_1_227' title='bbox 775 4075 941 4136; x_wconf 81' lang='lat' dir='ltr'>accusator</span> <span class='ocrx_word' id='word_1_228' title='bbox 960 4077 1068 4135; x_wconf 89' lang='lat' dir='ltr'>autem</span> <span class='ocrx_word' id='word_1_229' title='bbox 1092 4067 1242 4135; x_wconf 89' lang='lat' dir='ltr'>inscribit</span> 
     </span>
     <span class='ocr_line' id='line_1_31' title="bbox 95 4174 1238 4267; baseline 0.003 -29"><span class='ocrx_word' id='word_1_230' title='bbox 95 4203 111 4238; x_wconf 77' lang='lat' dir='ltr'>r</span> <span class='ocrx_word' id='word_1_231' title='bbox 134 4174 382 4265; x_wconf 86' lang='lat' dir='ltr'>quiatcnditad</span> <span class='ocrx_word' id='word_1_232' title='bbox 396 4197 537 4266; x_wconf 85' lang='lat' dir='ltr'>poenom.</span> <span class='ocrx_word' id='word_1_233' title='bbox 567 4200 583 4240; x_wconf 83' lang='lat' dir='ltr'>n</span> <span class='ocrx_word' id='word_1_234' title='bbox 609 4175 657 4242; x_wconf 92' lang='lat' dir='ltr'>lbi</span> <span class='ocrx_word' id='word_1_235' title='bbox 681 4175 889 4244; x_wconf 87' lang='lat' dir='ltr'>innocentius</span> <span class='ocrx_word' id='word_1_236' title='bbox 909 4176 954 4243; x_wconf 84' lang='grc' dir='ltr'>ΙΙΙ</span> <span class='ocrx_word' id='word_1_237' title='bbox 974 4176 1058 4244; x_wconf 82' lang='lat' dir='ltr'>clere</span> <span class='ocrx_word' id='word_1_238' title='bbox 1078 4176 1238 4267; x_wconf 80' lang='lat' dir='ltr'>patefacit,</span> 
     </span>
     <span class='ocr_line' id='line_1_32' title="bbox 92 4280 1242 4379; baseline 0.003 -28"><span class='ocrx_word' id='word_1_239' title='bbox 92 4280 256 4373; x_wconf 89' lang='lat' dir='ltr'>quomodo</span> <span class='ocrx_word' id='word_1_240' title='bbox 276 4289 352 4350; x_wconf 89' lang='lat' dir='ltr'>tnnc</span> <span class='ocrx_word' id='word_1_241' title='bbox 375 4283 530 4379; x_wconf 86' lang='lat' dir='ltr'>temporis</span> <span class='ocrx_word' id='word_1_242' title='bbox 551 4281 786 4378; x_wconf 83' lang='lat' dir='ltr'>intelligeretur</span> <span class='ocrx_word' id='word_1_243' title='bbox 808 4282 864 4356; x_wconf 86' lang='lat' dir='ltr'>oio</span> <span class='ocrx_word' id='word_1_244' title='bbox 880 4281 1148 4355; x_wconf 76' lang='lat' dir='ltr'>drnurrtiutionis.</span> <span class='ocrx_word' id='word_1_245' title='bbox 1173 4283 1242 4354; x_wconf 88' lang='lat' dir='ltr'>Hac</span> 
     </span>
    </p>
   </div>
   <div class='ocr_carea' id='block_1_11' title="bbox 0 0 1533 4984">
    <p class='ocr_par' dir='ltr' id='par_1_11' title="bbox 0 0 1533 4984">
     <span class='ocr_line' id='line_1_33' title="bbox 0 0 1533 4984; baseline 0 0"><span class='ocrx_word' id='word_1_246' title='bbox 0 0 1533 4984; x_wconf 95' lang='lat' dir='ltr'> </span> 
     </span>
    </p>
   </div>
  </div>
 </body>
</html>
