3050 4984
532 459 606 506 runs
629 453 777 508 soranos:
1157 436 1219 502 593

82 597 169 646 mus.
192 579 245 646 Ita
265 577 324 646 isco
348 586 380 645 et
401 580 493 645 omui
511 579 641 646 meliori
661 579 771 646 modo.
795 579 890 658 iata,
910 579 991 644 tecta
1010 585 1043 645 et
1056 577 1224 664 publicata

78 687 149 768 suit
162 687 215 753 die
287 689 406 753 merrsis
472 689 590 752 anni...
608 723 647 736 -
660 689 715 755 Ita
730 688 1018 772 pronuntiavimus
1032 704 1096 770 pro
1120 685 1222 752 tribu-

81 793 154 858 nali
163 794 317 861 sedentes.
329 832 369 844 -
380 795 421 868 N.
425 843 436 878 ,
450 796 570 880 judae.
582 829 621 844 -
636 795 710 879 Epo
724 794 781 876 N.,
794 796 972 861 actuarius.

127 928 163 998 Si
177 951 326 1000 veronae
340 930 446 1023 plane,
459 953 519 1001 nec
532 930 726 1023 sami-plena
735 930 871 1022 probatu
880 931 1049 1000 remaneat
1056 927 1222 1021 exceptio-

81 1036 135 1106 nis
147 1059 256 1129 musa,
271 1038 503 1131 pronuntietur
514 1039 672 1108 mutantia
687 1046 724 1108 at
736 1038 905 1131 sequitur:

125 1198 141 1230 o
163 1173 205 1238 In
218 1173 349 1238 nomine
416 1173 597 1256 (etreliqua
611 1176 648 1238 ut
660 1173 763 1255 capito
776 1174 839 1255 tr),
855 1171 995 1238 dicimus
1009 1171 1100 1237 nuda
1111 1171 1220 1253 modo,

80 1298 141 1346 nee
157 1279 263 1363 plene,
284 1298 343 1346 nec
362 1279 552 1363 semi-plene
570 1280 746 1363 probatum
772 1297 953 1361 remanere,
980 1279 1151 1345 dominum
1176 1279 1221 1349 N.

78 1396 229 1469 patrasse
243 1387 404 1468 delictum,
419 1388 547 1452 ratiom
561 1388 654 1471 cujus
670 1391 840 1472 proposita
855 1389 923 1470 suit
937 1389 1079 1471 suceptio
1083 1407 1096 1467 ,·
1107 1404 1222 1468 nempe

82 1499 126 1576 tot
149 1496 195 1562 ihi
225 1495 426 1580 exprimatur
453 1496 604 1562 delictum
629 1496 670 1561 ah
693 1501 862 1579 exceptore
884 1495 1106 1579 propositum).
1131 1495 1220 1576 Oua·

77 1612 213 1688 propter
231 1604 369 1670 dicimus
389 1613 420 1670 et
438 1603 656 1684 declaramus,
668 1605 866 1688 pradictum
883 1604 1054 1668 dominmn
1069 1603 1113 1668 N.
1131 1601 1222 1667 nulio

81 1712 310 1795 impedimento
336 1714 491 1778 canonico
512 1713 661 1794 detineri,
683 1714 858 1796 quominus
878 1711 959 1795 elipi
978 1712 1082 1795 possit
1102 1711 1151 1775 ad
1170 1711 1220 1776 di·

78 1820 240 1902 onitatem
306 1820 387 1902 (sive
400 1821 584 1888 confirmari
598 1821 712 1886 debeat
722 1821 758 1884 in
771 1819 996 1904 dignitato-N.
1006 1820 1153 1887 lticimm
1163 1839 1222 1903 pa-

79 1927 161 1992 riter
183 1929 351 1994 dominum
375 1930 418 1996 Ν.
442 1938 654 2012 exceptorem
680 1929 760 2013 quia
779 1929 979 2011 exceptivam
1001 1945 1135 1993 causam
1155 1947 1221 1994 non

76 2034 243 2118 probauit,
270 2045 307 2102 ut
335 2037 475 2121 dejure
499 2037 802 2119 tenebatur,poenae
828 2035 921 2100 nobis
942 2035 1129 2102 arbitrariae
1155 2055 1222 2101 esse

78 2145 328 2228 subjiciendum.
345 2146 551 2230 Quapropter
570 2165 646 2212 eum
659 2145 914 2210 condemnamus
928 2145 976 2210 od
1047 2148 1091 2226 (ot
1103 2145 1149 2209 ibi
1167 2162 1221 2211 ax·

78 2252 241 2334 primatus
257 2255 443 2338 poena).1ta
462 2254 521 2319 troc
539 2263 570 2319 et
588 2255 679 2319 omni
699 2253 829 2319 meliori
847 2253 955 2318 modo.
975 2252 1070 2333 Lata,
1090 2253 1171 2318 lecta
1190 2263 1223 2318 et

73 2360 243 2443 publicata
255 2365 322 2445 suit
345 2363 396 2428 die
466 2365 585 2428 mauis
658 2365 739 2426 anni
754 2409 803 2441 ...,
823 2363 896 2426 in...
913 2395 952 2409 -
964 2362 1019 2427 Ita
1028 2362 1221 2446 pronuntia-

74 2469 184 2534 vimus
195 2489 257 2554 pro
275 2470 435 2536 tribunati
455 2471 608 2536 sedentes.
624 2505 663 2518 -
683 2471 739 2551 N.,
754 2470 874 2554 judeo.
886 2505 927 2519 -
940 2469 1014 2553 Epo
1035 2471 1091 2551 N.,
1110 2478 1220 2535 actua-

76 2595 190 2641 rcus.»

122 2713 267 2783 Tandem
282 2717 310 2784 si
330 2723 484 2809 exceptor
506 2716 656 2809 probavit
671 2715 865 2808 semi-plene
886 2717 1048 2809 (quamvis
1065 2723 1219 2809 exceptus

76 2819 302 2911 probationem
322 2825 357 2892 in
377 2825 446 2893 suis
464 2823 707 2892 defensionibus
722 2826 954 2915 evacuaverit),
972 2824 1157 2893 nullatanus
1172 2837 1220 2894 est

75 2929 280 3018 puniendum
307 2931 390 3000 sicut
418 2953 477 3001 neo
494 2931 630 3022 punitur
653 2941 820 3002 aecusator
847 2931 1048 3022 semi-plene
1062 2932 1216 3023 probans.

77 3035 171 3104 Tunc
184 3059 262 3107 vero
278 3040 313 3106 in
331 3039 527 3131 praecedenti
542 3039 686 3109 formula
701 3061 739 3109 ea
754 3062 830 3130 pars
843 3061 918 3131 quae
936 3039 1062 3132 incipit,
1079 3039 1219 3110 dicimus

71 3143 213 3233 pariter,
232 3153 376 3214 mutetur
391 3145 452 3216 hoo
468 3146 565 3216 modo
586 3172 594 3214 ε

121 3304 137 3336 «
157 3279 304 3346 Dicimus
322 3284 450 3365 pariter
469 3283 640 3348 dominnm
654 3282 697 3353 N.
712 3290 924 3365 exceptorem,
938 3291 1099 3367 quantum
1115 3293 1163 3349 est
1178 3303 1220 3348 ea

76 3403 123 3466 se,
150 3388 338 3471 semi-piene
363 3390 516 3473 probasse
544 3409 679 3455 causam
701 3391 907 3474 exceptionis,
939 3392 1091 3474 quamvis
1118 3392 1219 3475 etesius

72 3495 226 3578 probatio
254 3499 424 3564 contrariis
451 3497 688 3582 descensionibus
711 3500 816 3581 poerit
846 3507 1048 3582 eupupnata.
1076 3499 1219 3564 Proinde

76 3604 271 3688 judicamus
288 3614 320 3670 et
339 3609 582 3686 sementiamus,
601 3607 781 3690 prasonem
806 3606 975 3672 dominum
1003 3608 1047 3676 N.
1070 3616 1218 3690 eccepto·

76 3731 149 3778 rem
165 3713 250 3778 uuiti
257 3731 364 3796 poenae
385 3732 451 3780 esse
474 3714 661 3794 obnoxium,
684 3723 754 3780 eta
776 3733 982 3800 quacumque
997 3716 1219 3781 observatione

69 3821 210 3904 judicii,
239 3841 279 3886 ee
315 3821 376 3887 aaa
407 3840 524 3902 causa,
561 3839 627 3886 esse
658 3822 905 3905 absolvendum,
940 3824 1217 3908 quenadmodum

77 3932 196 4012 ipsum,
231 3940 269 3996 ut
295 3933 486 4016 profertur,
521 3931 706 3997 absolutum
739 3935 983 4000 senteretiamus.
1017 3935 1071 4001 Ita
1104 3933 1163 3998 icoc
1189 3941 1220 3996 et

76 4041 170 4106 omni
180 4045 300 4121 ...,ato.
321 4067 337 4100 »

239 4393 271 4446 11.
