3050 4984
537 531 610 575 naas
633 529 777 575 sncnuoa.
1160 510 1222 573 tlt

92 675 106 711 a
133 652 165 715 5ο
181 648 223 717 Ut
237 648 277 716 sit
290 648 403 717 eadem
421 648 616 717 detensionis
632 672 728 717 eausa
732 700 799 717 .....
830 654 863 717 6⁰
879 648 922 717 Ut
938 648 1020 717 alter
1038 672 1078 716 er
1103 649 1223 717 corneis

92 782 106 817 a
130 756 186 844 qui
206 778 272 823 non
287 756 473 847 appellavit,
489 756 680 825 seutentiam
696 755 815 847 primia
831 754 992 822 instantiae
1007 777 1158 845 expresse
1175 755 1225 823 vel

92 888 108 925 a
129 863 222 930 tacite
234 884 299 930 non
309 863 547 955 approbaverit.
565 888 582 927 a
603 862 922 952 (Schmalzgrneber‚
939 862 973 929 in
986 862 1036 928 tit.
1051 866 1106 946 28,
1120 857 1223 929 libat

89 968 227 1054 Decret,
243 991 277 1035 n.
299 969 365 1060 15.)

606 1178 626 1267 a
649 1177 706 1243 111.

315 1368 341 1415 ln
354 1365 447 1428 quibus
460 1365 542 1416 causis
554 1365 629 1415 detur
640 1366 681 1415 vel
693 1378 745 1415 non
760 1364 836 1414 detur
847 1365 994 1429 appellatio.

129 1606 269 1687 Quasno
286 1612 329 1675 1³.
357 1647 400 1660 -
427 1612 475 1678 Aa
493 1622 575 1677 reete
586 1632 650 1701 pro
672 1609 787 1701 requla
802 1609 947 1698 qenernli
956 1621 1116 1699 ponatur,
1131 1630 1224 1699 posse

89 1713 248 1801 appellari
266 1737 287 1781 a
311 1736 511 1806 quorumque
538 1716 744 1807 pronomine,
764 1715 830 1782 sive
846 1713 1016 1804 judiciali,
1033 1714 1099 1781 sive
1114 1728 1225 1781 eatre-

83 1817 256 1904 judicinli?
267 1858 311 1871 -
330 1821 606 1911 Respondendum
623 1820 839 1906 affirmative3
857 1821 946 1910 quia,
962 1842 1039 1888 curn
1054 1820 1224 1910 appellatio

89 1924 125 1990 sit
133 1925 282 2015 quaedam
300 1926 443 1996 defensio
455 1938 566 1997 eontra
578 1949 818 2019 quemcumque
832 1936 943 1995 aetum
952 1926 1071 2017 injuste
1084 1948 1225 2015 gravan-

90 2038 164 2117 tem,
181 2035 305 2101 censeri
321 2034 415 2103 dehet
430 2036 577 2126 personis
590 2034 758 2119 omnibus,
774 2042 871 2125 atque
887 2034 1042 2101 omnihus
1069 2034 1104 2101 in
1118 2033 1225 2100 causis

89 2160 246 2223 eonoessa,
264 2140 326 2208 nisi
342 2164 494 2232 expresse
512 2142 567 2232 jus
588 2141 732 2231 aliquam
749 2162 965 2231 personarum
980 2148 1037 2207 aut
1051 2162 1225 2207 causarum

90 2250 222 2336 speeiem
241 2248 281 2315 ab
298 2248 358 2316 hoe
378 2248 564 2339 appellandi
583 2248 738 2315 beneficio
759 2245 922 2315 excludat.
941 2247 1036 2315 Unde
1052 2256 1088 2313 ut
1102 2255 1225 2314 constet

89 2352 227 2445 aliquem
250 2378 342 2445 posse
366 2356 400 2420 in
422 2355 476 2423 tali
500 2376 575 2422 casu
592 2354 805 2423 determinato
825 2354 999 2445 appellare,
1017 2376 1144 2421 necessa
1159 2374 1224 2419 non

89 2470 130 2527 est
140 2471 175 2529 ut
185 2462 401 2552 jusexpresse
417 2464 450 2528 in
469 2463 528 2529 hoc
541 2484 616 2529 casn
632 2461 883 2551 appellationem
896 2460 1061 2542 concedat,
1077 2460 1133 2528 sed
1148 2461 1224 2527 satis

88 2577 130 2633 est
145 2567 594 2659 utappellationisdenegatio
603 2568 710 2660 quoad
724 2568 933 2636 hnueeasnm
948 2569 981 2634 iu
990 2568 1065 2657 jure
1071 2589 1224 2658 expressa

88 2695 147 2741 uon
162 2675 354 2764 reperiatur.
376 2700 392 2739 «
409 2676 624 2766 Repulariter,
643 2674 688 2741 ait
704 2674 899 2757 Leurenins‚
917 2675 958 2741 ab
979 2675 1134 2743 omnihus
1146 2696 1225 2761 gra-

91 2807 105 2842 «
127 2782 327 2868 numinibus,
344 2793 411 2849 tam
422 2781 631 2873 judicialibus
645 2804 743 2871 qnam
759 2781 1092 2871 extra-judicialibus,
1109 2803 1225 2848 conoe-

91 2886 215 2955 aditnr
241 2888 425 2979 appellatio,
444 2897 553 2979 utpote
582 2910 656 2978 quar
687 2897 734 2957 est
757 2886 902 2955 defensio
925 2887 1077 2978 quadam
1109 2896 1222 2954 eontra

90 3021 104 3059 (ι
124 3018 366 3087 quemeumque
382 3006 490 3064 aetum
507 2995 624 3084 injuste
640 3004 844 3083 gravantem.
862 3022 879 3059 a
904 2996 1042 3084 (Forum
1061 2995 1225 3062 ecelesias-

88 3103 195 3185 tieum,
220 3104 255 3171 in
287 3105 335 3170 tit.
367 3106 421 3187 28,
447 3103 561 3170 librit
591 3103 732 3187 Deerat,
765 3126 797 3193 q.
834 3103 943 3191 1082.)
974 3104 1081 3193 Atque
1106 3103 1139 3168 in
1165 3102 1225 3169 hae

88 3209 282 3278 admittenda
295 3210 437 3299 genemli
451 3210 565 3298 regula
578 3209 715 3277 omniuo
731 3209 878 3277 doctores
893 3209 1099 3277 concordant.

125 3318 230 3385 Nemo
244 3324 353 3383 tamen
372 3338 438 3383 non
463 3316 552 3383 videt
573 3316 685 3383 multis
710 3316 743 3382 in
764 3316 891 3383 casibus
911 3314 1096 3406 appellandi
1118 3316 1225 3384 lacul—

88 3428 192 3508 tatem,
208 3446 273 3493 non
288 3424 323 3490 in
339 3424 462 3490 bouum
480 3422 628 3491 Ecclesiae
642 3444 820 3505 cessuram,
835 3420 892 3489 sed
907 3422 942 3488 in
967 3422 1039 3513 ejus
1054 3424 1225 3512 perturba-

86 3530 202 3598 tionem
217 3530 325 3620 potins
337 3537 432 3619 atque
447 3529 590 3596 ruinam.
607 3528 691 3596 Hine
707 3528 861 3619 plurimae
876 3529 917 3596 ad
935 3528 1106 3618 praelatam
1122 3551 1220 3618 gene-

87 3636 181 3703 ralem
204 3637 353 3725 regulam
378 3636 503 3727 injure
532 3636 687 3703 canonino
711 3636 841 3703 sancita
857 3635 1082 3727 exceptiones;
1107 3635 1225 3725 quibus

87 3743 213 3828 scilieet,
228 3744 280 3811 vel
295 3744 430 3812 omnino
446 3743 627 3832 denegatur
642 3741 826 3833 appellandi
840 3742 990 3827 facultas,
1009 3741 1061 3808 vel
1074 3742 1114 3809 ad
1131 3741 1225 3809 effee-

87 3856 151 3916 tum
166 3850 391 3919 devolutivum
407 3849 591 3934 dumtaxat,
609 3872 674 3917 uon
690 3870 770 3915 vero
790 3848 1036 3938 suspensivum,
1052 3850 1224 3939 appellatio

87 3955 277 4023 conceditur.
296 3956 351 4024 Eae
365 3977 452 4023 nune
467 3955 673 4046 exceptiones
689 3954 865 4043 diligenter
876 3953 1096 4039 recensenda,
1112 3963 1143 4021 et
1156 3955 1224 4023 sol-

87 4062 194 4130 vendas
209 4085 284 4154 quae
300 4064 339 4131 de
352 4062 468 4131 iisdem
484 4083 652 4131 occurrere
669 4069 806 4151 possunt
819 4059 1035 4128 difficultates.

126 4170 268 4251 Qunsmo
285 4175 331 4237 2³.
349 4208 393 4221 -
409 4172 459 4237 An
481 4168 576 4238 detur
589 4168 768 4259 appellatio
783 4190 805 4235 α
824 4168 981 4236 sententia
1006 4168 1153 4235 invalida
1168 4190 1223 4235 seu

97 4298 150 4362 pso
167 4278 246 4365 jure
257 4278 374 4345 nulla?
396 4314 441 4329 -
469 4278 554 4344 «Ab
579 4274 722 4345 invalida
747 4283 779 4344 et
802 4275 926 4343 notoria
952 4276 1044 4342 irrita
1066 4277 1223 4343 sententia
