3050 4984
559 528 632 573 rses
655 527 800 573 scauros.
1188 506 1246 571 tus

106 648 212 716 causis
237 647 477 731 criminalibus,
507 648 685 739 juramenti
711 646 901 731 calumnia,
933 647 1055 716 resumi
1085 652 1189 739 potest
1214 647 1250 716 in

107 755 195 823 buna
210 754 369 824 madum:
393 755 511 847 primu,
529 756 753 846 praestandum
776 754 876 823 estin
899 756 1006 823 causis
1026 754 1250 823 criminalibus

107 862 245 931 civiliter
265 863 441 931 intentatis.
466 862 629 948 Secundo,
652 863 687 930 in
710 861 936 930 criminalibus
960 862 1173 931 criminaliter
1197 862 1250 929 iu-

108 970 250 1057 tentatis,
276 970 498 1061 prestandum
518 978 605 1038 certo
631 978 679 1037 est
703 969 744 1037 ab
766 976 963 1055 accusatore,
994 969 1022 1037 si
1045 968 1130 1037 adsit
1154 992 1251 1037 eccm

107 1084 205 1145 sator.
224 1077 346 1163 Tertio,
364 1078 396 1145 in
424 1076 538 1145 iisdem
562 1076 774 1147 criminaliter
796 1076 975 1164 intentatis,
992 1098 1068 1145 reus
1087 1076 1140 1164 (ex
1155 1099 1251 1145 com-

108 1184 199 1251 muni
237 1182 406 1253 doctorum
445 1182 613 1271 sententis)
644 1206 709 1252 nun
747 1192 876 1253 tenetur
910 1183 992 1252 illud
1026 1185 1250 1275 juramentum

106 1300 262 1381 prestare
277 1292 304 1358 si
327 1314 424 1360 eausa
443 1290 590 1383 capitulis
612 1292 673 1377 sit3
697 1299 826 1358 tenetur
846 1290 873 1359 si
892 1312 990 1359 ceusu
1010 1312 1076 1359 uun
1096 1290 1138 1359 ait
1160 1288 1250 1381 cupi-

107 1396 190 1465 talis.
209 1398 289 1466 Herc
314 1398 389 1467 vide
402 1398 532 1468 evoluta
556 1398 643 1490 apud
659 1396 951 1487 Sabmalzgrueber
967 1398 1012 1488 (in
1028 1397 1076 1466 tit.
1104 1401 1136 1483 7,
1152 1396 1209 1465 lib.
1229 1402 1249 1464 2

106 1506 249 1593 liceret,
266 1529 300 1574 u.
318 1506 385 1595 12).

149 1614 234 1681 Hinc
254 1614 338 1703 juris
353 1612 579 1705 dispositiones
593 1613 633 1681 de
645 1614 831 1705 juramento
844 1611 1037 1700 calumnie,
1053 1612 1198 1680 veritatis
1219 1620 1251 1679 et

107 1720 430 1807 autumantis
450 1720 547 1787 etiam
570 1718 795 1788 criminalibus
817 1719 925 1787 locum
948 1717 1083 1804 habere,
1110 1719 1171 1787 tuit
1193 1741 1250 1786 cs-

105 1826 243 1895 uouistis
255 1848 467 1919 persuasum;
486 1834 583 1918 etque
597 1826 639 1895 ab
662 1824 722 1893 bec
741 1826 887 1914 generali
910 1824 1024 1915 regula
1047 1824 1251 1916 excipiebant

105 1934 277 2003 dumtaxat
292 1956 406 2003 causas
416 1935 585 2025 capitales,
603 1934 636 2001 iu
658 1934 779 2025 quibus
792 1956 857 2002 nou
873 1932 975 2001 teneri
989 1955 1081 2001 reum
1105 1932 1145 2000 ad
1161 1954 1250 2023 prse-

107 2042 258 2111 standum
274 2042 447 2111 calumniae
465 2043 701 2133 juramentum,
715 2039 886 2110 tradebant
898 2040 1124 2109 communiter.

626 2343 647 2433 g
669 2342 729 2411 rv.

109 2510 226 2568 Quanam
240 2510 373 2562 hodiernis
389 2512 550 2577 temporibus
570 2512 701 2577 generalis
714 2512 802 2576 praxis
821 2512 967 2573 invaluerit,
981 2516 1006 2563 et
1029 2512 1155 2564 servanda
1171 2512 1203 2564 sit
1215 2513 1248 2564 ab

510 2592 695 2645 ecclesiastIcts
704 2592 845 2657 judicibus.

151 2802 175 2868 l.
192 2804 425 2869 lucrementum
439 2800 478 2869 dc
493 2800 629 2869 veritate
640 2798 777 2871 demae
792 2800 990 2892 eripeadam
1006 2824 1073 2869 nare
1097 2814 1143 2869 est
1157 2824 1178 2867 a
1193 2824 1248 2869 ree

109 2908 285 2999 princepali
298 2906 513 2976 crimicaliter
532 2908 734 2977 examinata.
758 2946 803 2959 -
819 2907 901 2976 Nam
910 2908 1041 2998 primo,
1056 2908 1091 2976 id
1114 2908 1250 2977 omnino

112 3023 227 3083 certum
256 3025 304 3083 est
328 3014 436 3107 quoad
461 3014 531 3083 luca
554 3014 691 3083 decretis
710 3015 839 3083 concilii
868 3014 1078 3105 provincialis
1107 3016 1250 3085 Romani

114 3122 204 3209 [anno
222 3126 320 3210 1725,
337 3122 399 3191 sub
420 3122 593 3192 Benedicta
614 3124 691 3191 XIII
718 3122 880 3211 celebrati)
899 3121 1042 3213 subjecta
1053 3149 1062 3209 ;
1085 3123 1249 3213 siquidem

113 3226 206 3319 hujus
232 3230 349 3321 synodi
375 3228 468 3299 titulo
492 3234 546 3316 13,
570 3232 672 3321 capite
698 3234 730 3317 2,
755 3229 802 3298 sic
824 3228 1010 3297 decernitur
1037 3256 1044 3296 :
1078 3256 1094 3295 a
1122 3227 1249 3321 Repre-

118 3360 133 3401 c
154 3336 309 3405 bensibile
326 3337 466 3429 judicari
480 3360 544 3405 uon
557 3336 663 3423 debet,
687 3338 714 3405 si
734 3336 917 3405 secundum
939 3345 1125 3428 temporum
1143 3337 1250 3406 varie·

119 3452 243 3533 «tates,
261 3444 319 3513 ubi
341 3444 374 3512 id
398 3446 569 3513 necessitas
593 3444 644 3513 vel
668 3445 789 3514 utilitas
813 3453 984 3535 exposcet,
999 3444 1250 3513 consuetudines

118 3577 131 3612 c
151 3560 181 3619 et
200 3552 288 3641 leges
306 3550 502 3642 quaudoque
527 3552 696 3620 venentur
721 3551 918 3619 humanm...
937 3550 1068 3642 Stylum
1091 3552 1199 3642 itaque
1214 3554 1250 3620 in

18 3646 20 3729 ζ
119 3681 133 3719 ι
153 3657 345 3749 quibusdam
361 3657 461 3726 curiis
479 3658 689 3727 saecularibus
701 3666 733 3727 et
748 3657 982 3745 ecclesiasticis,
998 3657 1089 3725 nullo
1102 3680 1249 3748 unquam

120 3788 134 3825 a
152 3763 223 3854 jure
245 3773 460 3857 praeceptum,
477 3765 649 3834 inolevisse
674 3763 919 3857 perpendimus,
937 3774 971 3832 ut
983 3763 1108 3855 judices
1179 3787 1251 3833 reos

121 3896 135 3934 a
155 3872 313 3941 criminali
325 3872 467 3941 facinere
481 3881 645 3941 aecusatus
659 3874 891 3958 examinatori,
905 3872 1128 3962 jurameutum
1144 3872 1185 3940 ab
1200 3873 1251 3940 his

122 3980 300 4067 «praestari
320 3979 454 4070 jubeant
478 3978 518 4047 de
541 3980 676 4047 veritate
701 3979 849 4047 dicenda.
867 3978 953 4059 Quia
979 3988 1086 4046 tamen
1107 4001 1149 4046 ex
1174 3978 1248 4067 hoc,

124 4084 339 4175 «quotidiana
368 4087 462 4155 sicuti
484 4095 532 4155 est
560 4087 762 4178 experientia
783 4095 999 4178 compertum,
1032 4108 1089 4153 nec
1117 4086 1153 4153 iu
1179 4084 1251 4155 fisci

126 4218 139 4251 u
159 4191 311 4281 favorem,
328 4216 387 4263 uec
413 4202 525 4263 eontra
541 4216 613 4264 reos
636 4195 723 4285 ipsos
741 4195 809 4286 (qui
837 4202 873 4261 ut
896 4193 1076 4285 plurimum
1093 4201 1253 4283 patratae

128 4322 190 4367 use
216 4310 336 4392 negent
363 4301 487 4393 delicta)
503 4353 518 4391 ,.
543 4301 689 4372 utilitatis
713 4300 836 4395 aliquid
859 4300 931 4371 elici
960 4323 1027 4370 non
1057 4301 1250 4393 ignoratum
