3050 4984
571 522 646 569 rens
667 523 812 571 sununs.
1198 505 1258 571 tte

115 645 281 727 prosequi.
303 644 386 710 Aeto
397 653 475 710 suot
486 644 555 710 timo
570 643 622 709 die
688 645 808 711 mensis
873 663 1000 710 anuo...
1015 681 1054 694 -
1068 647 1123 726 N„
1138 646 1259 730 juder.

119 782 159 798 -
172 749 229 830 N„
243 753 420 818 scutarius.
437 777 454 811 s

162 882 200 953 Si
213 907 291 956 vero
301 909 343 956 ex
354 909 508 979 processu
521 888 760 959 informationis
775 908 842 958 non
852 885 1021 956 emerserit
1036 887 1149 958 saltem
1163 889 1263 960 semi-

116 990 215 1082 plena
238 991 398 1083 probatio,
423 993 461 1062 lit
483 993 650 1065 decretum
673 995 713 1064 de
731 1016 798 1064 non
818 993 957 1064 ulterius
981 994 1197 1086 procedendo,
1224 997 1261 1066 in

117 1097 207 1167 huno
217 1105 274 1167 aut
287 1099 431 1169 similem
446 1100 583 1170 modum
602 1127 610 1169 ε

161 1256 177 1293 o
194 1233 279 1300 Cam
299 1252 340 1298 es
351 1235 743 1319 informatorioproeessu
758 1238 837 1318 jam
854 1235 1054 1302 obsalutare
1068 1238 1262 1324 semi-pleno

117 1341 250 1424 quidem
264 1344 429 1407 emerserit
439 1342 591 1424 probatio
606 1343 645 1407 de
656 1351 816 1424 pruterrso
828 1341 941 1408 delicto
951 1362 974 1408 o
983 1344 1114 1409 domr'ao
1128 1345 1263 1412 Andreo

117 1449 161 1512 N.
171 1457 371 1534 perpetrato,
382 1467 497 1532 nempe
510 1449 602 1532 quod
609 1451 653 1530 (et
665 1451 709 1514 ibi
724 1451 926 1532 exprimatur
940 1451 1112 1535 delictum),
1124 1471 1261 1537 eumque

118 1555 179 1619 troo
193 1556 261 1639 ipso
283 1557 514 1639 desintujure
528 1557 685 1640 requisita
708 1565 744 1621 ut
765 1557 869 1622 dictus
890 1558 1038 1623 Andreas
1061 1559 1103 1628 N.
1120 1559 1261 1643 lepitime

115 1663 218 1743 possit
241 1681 315 1727 reus
346 1664 499 1728 oorrstitur‘
524 1671 555 1728 et
581 1665 779 1744 examinari,
808 1663 950 1729 decrevit
982 1666 1175 1732 reverendus
1202 1669 1259 1748 N„

116 1770 238 1852 judee,
253 1789 320 1835 nors
343 1789 410 1836 esse
433 1779 547 1836 eontra
567 1790 642 1836 eum
666 1771 802 1836 ulterius
812 1772 1068 1854 procedendum.
1082 1775 1165 1840 Aeto
1185 1784 1262 1840 sunt

117 1876 187 1943 ttae
202 1878 255 1943 die
328 1880 448 1944 mensis
528 1897 653 1944 anno...
670 1914 709 1924 —
721 1879 777 1958 N„
793 1879 913 1962 judee.
930 1915 968 1927 -
980 1880 1035 1961 tt,
1051 1871 1255 1949 articarius.»

563 2132 707 2202 curun
729 2131 805 2202 xx.
880 2089 885 2100 ¹

503 2309 609 2356 FORMA
631 2309 751 2358 ctrtttm
774 2309 870 2358 REUM.

162 2466 243 2536 Lato
257 2465 386 2537 decreto
398 2490 465 2558 quo
479 2467 554 2562 quis
574 2469 789 2539 constituatur
809 2489 898 2557 reus,
915 2477 1062 2540 remanet
1076 2478 1114 2540 ut
1128 2472 1255 2542 citetur.
1288 2513 1290 2520 s

160 2573 278 2643 (litatio
297 2581 408 2644 autem
424 2574 545 2669 duplex
561 2575 776 2667 distinguitur
794 2603 801 2644 :
817 2575 926 2659 realis,
944 2600 1019 2669 qnae
1033 2577 1071 2646 fit
1089 2599 1185 2648 reum
1205 2601 1260 2648 ar-

116 2680 268 2752 restando
279 2690 311 2752 et
324 2689 432 2752 ennete
444 2683 487 2752 nd
502 2683 646 2754 tribunal
659 2682 820 2770 ducendo,
836 2691 867 2752 et
878 2683 1028 2768 rabolis,
1042 2707 1117 2778 qum
1133 2685 1171 2755 fit
1183 2709 1259 2779 per-

115 2791 250 2860 ferendo
263 2791 306 2860 ud
320 2812 415 2860 reum
429 2790 578 2860 notitiam
593 2790 634 2859 de
649 2791 801 2861 mandato
814 2790 1035 2883 comparendi.

159 2899 276 2969 (litatio
285 2898 394 2987 realis,
407 2905 624 2991 praeterquam
638 2898 727 2991 quod
740 2897 837 2967 hodie
849 2898 884 2967 in
897 2897 1059 2992 plerisque
1071 2900 1261 2991 regionibus

116 3030 136 3077 e
165 3006 385 3098 superioribus
414 3005 634 3076 ecelesiasticis
663 3005 778 3097 nequit
804 3004 845 3074 sd
876 3007 1101 3077 executionem
1126 3006 1259 3100 deduci,

117 3113 189 3182 fieri
204 3135 270 3183 non
284 3113 378 3184 debet
392 3113 456 3182 nisi
471 3135 547 3183 reus
561 3110 601 3182 de
616 3112 696 3204 tuga
709 3121 878 3204 suspectus
892 3113 947 3182 sit.

160 3220 277 3291 (litatio
290 3228 400 3291 autem
415 3219 558 3290 verbulis
572 3219 667 3292 debet
683 3219 756 3289 fieri
774 3219 1001 3312 personaliter,
1019 3220 1052 3289 id
1067 3231 1115 3292 est
1130 3223 1260 3315 ipsimet

116 3351 264 3422 personas
289 3329 338 3397 rei
361 3327 519 3414 intimari,
543 3327 607 3397 nisi
634 3327 668 3396 id
692 3327 733 3396 sit
758 3327 962 3420 impossibile
992 3335 1049 3399 aut
1074 3331 1260 3401 notabiliter

116 3435 260 3523 difficile,
285 3444 322 3506 ut
340 3435 472 3528 quondo
490 3457 566 3504 reus
584 3457 618 3506 se
643 3434 792 3522 occultat,
816 3434 869 3506 vel
893 3435 1008 3526 iugem
1030 3438 1181 3530 erripuit,
1208 3439 1260 3509 vel

116 3544 263 3613 nescitur
284 3543 410 3612 ubisit.

161 3652 247 3721 Casu
270 3673 336 3744 qno
355 3672 430 3719 reus
445 3672 515 3719 sesa
531 3647 720 3740 abscondet,
742 3648 918 3742 quominus
936 3651 1147 3742 personaliter
1166 3651 1260 3722 citari

115 3758 230 3851 possit,
246 3758 323 3827 setis
342 3765 391 3826 est
410 3764 446 3826 ut
463 3755 571 3825 citatio
589 3755 757 3824 intimetur
777 3757 813 3824 in
833 3754 930 3826 domo
950 3757 1055 3826 solitae
1076 3759 1179 3851 ipsius
1199 3759 1261 3829 ha-

113 3865 280 3934 bitationis
301 3863 398 3933 nlioui
418 3864 472 3932 vel
493 3862 658 3956 aliquibus
678 3862 713 3930 in
735 3862 833 3932 domo
852 3863 913 3932 hae
931 3864 1141 3955 degentibus
1161 3868 1260 3937 modo

116 3983 225 4043 tamen
245 3973 382 4042 nuntius
402 3971 503 4041 eurise
522 3969 715 4064 episcopalis
727 3970 769 4038 ad
787 3969 932 4062 judicem
953 3971 1098 4042 retulerit
1113 3972 1261 4046 intimari

114 4104 182 4151 non
208 4103 301 4172 posse
321 4079 384 4171 ipsi
399 4101 455 4148 reo
475 4079 657 4149 citationem
679 4077 894 4171 personalem,
911 4087 942 4148 et
963 4080 1153 4150 mandatum
1170 4105 1262 4154 aoce-

115 4188 201 4281 perit
221 4187 311 4257 illem
336 4187 437 4256 altero
466 4187 565 4256 modo
589 4183 740 4256 faciendi.
767 4185 809 4254 Et
828 4193 932 4276 potest
949 4186 1060 4256 citatio
1082 4191 1261 4283 personalis

116 4295 191 4369 lieri
205 4295 241 4367 iu
255 4293 362 4368 elieno
373 4293 548 4384 territorio,
565 4292 594 4366 si
604 4292 652 4362 ibi
665 4291 761 4384 deget
775 4313 861 4363 reus.
