3050 4984
551 552 626 599 rurs
648 551 796 600 secunus.
1181 534 1237 599 ltl

103 670 200 739 forma
218 671 327 740 minus
342 673 542 764 perlectum3
562 674 665 744 immo
682 674 766 743 etin
779 672 884 765 seipso
900 673 1138 743 consideratum
1155 697 1243 745 non-

15 821 16 886 4
104 777 206 846 nullos
221 778 370 848 detectus
382 780 559 848 recondere
575 809 582 847 :
601 791 714 850 atvero
732 780 891 866 absolute,
907 789 938 849 et
954 780 1066 873 positis
1081 781 1245 871 quibusli-

15 889 29 951 '.
102 885 152 953 bet
164 886 355 955 societatum
371 888 636 975 circumstantiis,
653 888 831 957 barbarum
848 887 976 957 illudet
999 888 1169 979 injustum,
1186 912 1246 959 nec

103 1014 165 1060 non
177 992 317 1084 sepienti
330 993 516 1084 legislatore
530 995 719 1085 indignum,
734 993 879 1087 prudens
894 1016 991 1063 nemo
1005 994 1139 1063 dixerit.

15 1115 16 1148 ³
141 1100 326 1169 Prorosrno
338 1100 413 1170 IV2.
426 1140 472 1155 -
483 1104 830 1192 mercredesburne,
843 1114 945 1193 prosit
954 1102 990 1169 irc
1002 1102 1147 1171 Ecclesia
1158 1104 1243 1171 obti-

101 1207 181 1288 mu‘t,
201 1206 286 1275 boue
297 1207 386 1297 sitin
410 1210 478 1277 imo
492 1210 658 1301 prioribus
675 1208 802 1278 seculis
816 1210 923 1301 mcqis
935 1209 1041 1278 decuit
1055 1232 1128 1277 eam
1143 1208 1244 1279 adbi-

102 1312 176 1381 ben'.
193 1352 239 1367 -
253 1314 324 1383 Etsi
346 1316 557 1407 aliquetenus
580 1318 698 1385 vitiosa
712 1317 821 1407 quoad
848 1316 1004 1385 saeculere
1021 1318 1128 1386 lorum
1155 1318 1244 1385 msti-

101 1421 217 1490 manda
229 1422 314 1491 toret
328 1423 520 1492 aecusatorii
530 1448 700 1516 processus
713 1425 890 1511 institutio,
903 1424 1033 1516 qualem
1044 1446 1160 1516 nempe
1171 1447 1243 1493 eum

100 1528 321 1599 llemanorum
332 1531 389 1622 jus
403 1531 651 1600 determinatam
666 1531 813 1617 exhibet,
829 1531 975 1623 ejusdem
992 1533 1144 1599 tamenin
1157 1534 1244 1601 enti-

99 1635 169 1729 quis
183 1636 339 1707 Ecclesia
351 1638 485 1729 judiciis
501 1662 582 1707 usus
604 1660 812 1730 nequaquam
829 1638 948 1707 noxius
963 1648 1020 1707 eut
1039 1639 1176 1709 vitiosus
1189 1662 1245 1708 re-
1288 1704 1290 1717 ,

97 1744 203 1833 putari
219 1743 364 1813 deberet.
378 1745 477 1832 Nam,

15 1869 16 1936 }
140 1854 173 1917 1⁰
186 1851 368 1922 Memorato
382 1852 473 1920 illins
484 1852 601 1922 formae
618 1854 709 1938 vitia,
727 1855 906 1946 antiquitus
931 1855 964 1921 in
988 1853 1060 1924 loro
1075 1853 1242 1923 ecclesius-

98 1958 171 2043 tico,
199 1968 258 2027 ant
285 1960 382 2051 plum
405 1960 651 2046 evanescebant,
667 1970 726 2029 aut
750 1961 1022 2052 aequivalentibus
1050 1961 1242 2029 utilitatibus

96 2066 401 2156 compensabautur.
429 2066 465 2135 ld
494 2067 659 2158 imprimis
685 2066 908 2136 adnotandum
936 2066 1096 2136 duximus
1122 2068 1162 2135 de
1193 2068 1243 2135 sl-

94 2182 159 2239 tero
175 2195 218 2240 ex
234 2196 334 2264 supra
348 2174 445 2243 dictis
458 2173 648 2259 defectibus,
661 2174 751 2265 quod
768 2196 884 2264 nempe
899 2175 1110 2243 accusatorius
1125 2174 1240 2243 lorma‘.

93 2280 266 2365 institutio,
284 2280 418 2348 exclusa
437 2280 656 2371 inquisitoris,
679 2280 925 2373 quamplurimo
945 2280 1060 2349 delicta
1080 2282 1241 2372 impunita

93 2386 268 2478 relinquat.
286 2387 413 2456 Delicta
425 2390 514 2455 euim
530 2412 605 2480 quae
621 2388 844 2457 ecclesiasticae
859 2389 1045 2457 coercitioni
1060 2388 1240 2479 subjacent,

91 2494 141 2561 vel
171 2494 218 2561 ita
239 2504 317 2563 notu
341 2503 418 2563 sunt
445 2504 482 2562 ut
504 2496 692 2563 scandulum
726 2504 892 2579 moveant,
920 2495 973 2563 vel
999 2496 1032 2561 in
1060 2517 1240 2586 paucorum

91 2600 264 2669 dumtaxat
292 2603 439 2670 notitiam
469 2604 629 2671 devenere
662 2631 669 2668 ε
700 2612 732 2670 et
762 2605 897 2691 iterum,
928 2603 981 2669 vel
1014 2602 1085 2692 ejus
1114 2612 1240 2671 naturae

90 2719 167 2774 sunt
195 2718 235 2775 ut
262 2710 445 2799 periculum
475 2710 696 2778 subversionis
733 2711 918 2779 animarum
960 2731 1069 2777 secum
1112 2708 1241 2777 trabunt

15 2859 16 2914 l
92 2814 201 2904 (quale
229 2826 291 2903 est,
316 2816 407 2884 verbi
432 2817 549 2905 gratia,
579 2816 741 2883 haereseos
769 2815 920 2905 lacinus),
955 2816 1005 2883 vel
1038 2815 1240 2905 delinquenti

92 2923 150 2989 soli
174 2924 276 2991 noxia
298 2934 386 3009 suut,
416 2923 542 2993 caeteris
569 2924 646 2991 inde
674 2922 854 3014 periculum
878 2944 945 2991 non
969 2924 1236 2992 incurrentibus:

90 3029 186 3119 quale
215 3039 310 3116 esset,
350 3032 443 3098 verbi
470 3029 589 3119 gretia,
620 3039 788 3120 peccatum
817 3030 938 3114 clerici,
974 3029 1070 3121 cujus
1104 3042 1239 3100 externe

89 3137 209 3226 egenrb
236 3138 319 3205 retis
349 3139 384 3204 in
414 3137 663 3206 aedificetionem
692 3147 854 3225 vergeret,
882 3138 1035 3227 quemvis
1062 3136 1101 3203 de
1130 3139 1238 3229 aliquo

90 3242 207 3311 delicto
223 3244 346 3312 occulte
361 3245 403 3311 ab
425 3245 496 3335 ipso
519 3252 645 3335 patrato
663 3243 767 3333 aliqui
782 3244 935 3309 certiores
951 3242 1066 3311 forent.
1086 3244 1122 3309 Si
1138 3244 1237 3313 delic-

91 3360 172 3436 tum,
190 3360 302 3441 utpote
317 3374 336 3419 a
349 3352 461 3442 peucis
482 3351 663 3441 cognitum,
688 3348 878 3418 scandalum
893 3372 959 3417 non
972 3358 1110 3428 moveat,
1125 3372 1184 3418 nec
1196 3351 1235 3420 de

91 3456 128 3522 iis
143 3460 190 3524 sit
213 3481 233 3525 e
259 3458 380 3548 quibus
406 3459 593 3525 animarum
607 3458 778 3525 subversio
792 3458 884 3548 sequi
898 3456 991 3543 solet,
1008 3456 1139 3548 expedit
1153 3458 1235 3526 illud

89 3563 304 3650 dissimulari,
325 3574 356 3633 et
378 3564 552 3655 judiciario
576 3587 729 3655 processu
753 3586 819 3631 non
842 3564 1011 3632 coerceri:
1037 3564 1234 3655 inquirendo

88 3671 177 3737 enim
191 3673 229 3738 in
242 3671 401 3761 ejusmodi
416 3670 582 3757 delictum,
593 3670 696 3762 judex
707 3671 910 3756 scandalum,
926 3670 1014 3761 quod
1030 3692 1096 3738 non
1110 3672 1232 3758 existit,

87 3779 263 3863 excitaret3
289 3801 348 3846 nec
372 3779 495 3847 malum
518 3801 560 3846 ex
581 3801 619 3845 eo
641 3778 793 3846 mandale
813 3786 922 3845 ortum
944 3776 1074 3867 publice
1091 3780 1233 3846 vindicte

86 3883 214 3975 integre
250 3895 485 3978 compensaret.
517 3885 602 3952 Hinc
636 3898 808 3976 postquem
839 3884 937 3952 etium
969 3884 1002 3950 in
1033 3883 1231 3952 ordinariam

86 3994 218 4061 umsiit
231 3994 435 4083 inquisitoris
447 3994 566 4079 torma,
584 4015 652 4060 non
670 3993 763 4059 licuit
779 4014 851 4060 eam
867 3991 1022 4059 adhibere
1038 3991 1102 4058 nisi
1118 3992 1152 4058 iu
1166 3994 1232 4059 cri-

89 4100 180 4167 mina
193 4100 235 4167 de
249 4122 390 4191 quorum
403 4104 500 4191 fama
515 4100 610 4191 plene
632 4099 725 4189 prius
739 4108 914 4180 constaret,
932 4096 998 4166 Nec
1013 4096 1140 4165 dicatur
1154 4106 1232 4167 tunc

88 4207 213 4297 negligi
227 4206 340 4275 saltam
353 4208 457 4299 ipsius
472 4206 692 4297 delinquentis
704 4204 909 4296 spiritualem
925 4205 1061 4272 salutem
1075 4214 1107 4269 et
1120 4226 1232 4272 emen-

88 4310 265 4383 dationem.
283 4313 357 4382 Non
372 4313 489 4383 desunt
504 4315 592 4381 enim
606 4313 757 4381 Ecclesiae
777 4312 841 4380 alia
869 4311 998 4403 (quibus
1025 4320 1111 4379 caret
1126 4334 1235 4382 soecu-
