3050 4984
299 476 362 541 llt
674 498 847 545 mumanae
869 499 908 545 aa
929 498 1063 547 runrcus.

299 643 318 680 a
340 618 444 685 tiones
458 618 492 685 in
509 618 644 687 notoriis
657 641 725 688 esse
745 620 953 712 rejiciendam
972 644 1049 690 nana
1064 629 1282 713 praeterquam
1299 618 1437 713 quadiu

302 748 319 789 a
341 722 406 791 illis
426 725 536 814 agitur
557 724 598 795 de
618 727 723 796 causis
743 726 978 817 criminalibus,
994 750 1030 797 ec
1051 727 1187 818 proinde
1210 728 1252 795 ad
1269 728 1437 796 matrimo-

299 855 319 895 ι(
342 832 443 900 niales
458 856 524 902 non
538 833 730 925 pertineant,
746 834 781 901 in
797 856 873 904 casu
889 835 1005 927 quovis
1019 835 1180 904 connerio
1197 834 1331 903 illorum
1345 858 1438 902 sanc-

301 964 318 1003 a
341 939 423 1007 tioai
438 962 497 1032 pro
516 942 623 1011 censis
639 942 931 1011 matrimonialibus
949 942 1157 1011 Benedictina
1178 942 1369 1010 constitutio
1383 941 1437 1011 de-

300 1071 317 1111 a
341 1056 494 1136 rogasset.
511 1048 578 1117 Nec
594 1049 655 1117 sub
672 1048 805 1119 obtentu
828 1048 1031 1117 notorietctis
1052 1048 1177 1117 frivolas
1196 1048 1344 1117 dicendae
1365 1056 1437 1117 sunt

302 1180 319 1218 a
342 1154 531 1245 hujusmodi
545 1154 798 1248 appellationes;
817 1154 907 1247 qnia,
922 1178 997 1223 cum
1012 1178 1063 1225 res
1077 1155 1118 1223 sit
1131 1154 1171 1224 de
1186 1154 1293 1223 causis
1304 1158 1437 1244 gravis-

300 1287 318 1325 a
340 1260 445 1346 simis,
462 1271 554 1331 caute
565 1262 742 1331 admodum
756 1262 995 1353 procedendum
1009 1272 1058 1331 est
1067 1289 1076 1349 ;
1089 1263 1271 1353 praesertim
1287 1284 1365 1329 aum
1383 1284 1437 1330 no·

301 1394 318 1435 a
340 1369 471 1437 totietas
483 1369 539 1437 illa
553 1392 627 1461 quae
650 1368 877 1461 praetenditur,
894 1368 1087 1461 quandoque
1102 1392 1171 1438 esse
1186 1376 1291 1461 potest
1313 1377 1436 1436 tanturn

301 1501 318 1542 a
340 1499 501 1568 apparens
515 1485 547 1545 et
560 1477 717 1546 illusoria.

342 1608 359 1648 a
381 1582 493 1675 Neque
506 1605 598 1652 secra
612 1584 707 1673 argui
723 1592 827 1675 potest
841 1606 881 1651 ex
899 1584 993 1674 praxi
1009 1583 1118 1653 Sacrae
1133 1583 1408 1673 Congregationis
1426 1610 1433 1649 :

301 1716 318 1754 a
341 1690 436 1782 plura
450 1690 610 1781 siquidem
626 1691 661 1758 in
684 1692 846 1759 Thesauro
866 1690 1100 1759 resolutionem
1118 1689 1305 1758 afferuntur
1328 1714 1436 1759 exem-

301 1821 318 1861 (ι
342 1797 407 1887 pla,
424 1798 543 1889 quibus
565 1798 807 1890 comprobatur,
831 1798 865 1866 in
880 1820 957 1867 casu
975 1798 1070 1866 etiam
1090 1794 1249 1865 evidentis
1268 1796 1435 1880 nullitatis,

301 1929 318 1967 a
341 1904 479 1971 formam
495 1927 514 1971 a
529 1904 741 1973 benedictina
763 1905 990 1973 constitutione
1014 1904 1234 1997 praecriptam
1258 1912 1437 1972 constanter

303 2038 319 2073 a
343 2010 442 2078 fuisse
455 2021 628 2079 servatam.
647 2012 699 2080 Ex
718 2011 758 2079 iis
778 2018 887 2081 autem
909 2011 976 2081 dno
992 2020 1118 2079 tantum
1139 2011 1319 2079 referemus
1338 2039 1346 2078 :
1363 2012 1436 2079 alte-

302 2144 319 2181 «
343 2140 417 2185 rum
433 2117 467 2184 in
485 2119 618 2186 Teatina
639 2118 858 2199 matrimonii,
883 2119 947 2188 diei
974 2121 1011 2185 18
1035 2118 1109 2209 julii
1132 2126 1163 2185 at
1189 2121 1227 2184 19
1250 2118 1437 2208 septembris

301 2253 318 2289 a
345 2227 445 2304 17613
462 2225 599 2294 alterum
620 2226 655 2293 in
674 2226 859 2294 Tridentino
879 2226 1042 2293 nullitatis
1062 2225 1278 2306 matrimonii,
1297 2228 1340 2292 22
1358 2224 1436 2316 junii

302 2358 318 2396 a
344 2335 426 2399 1822
451 2358 459 2399 :
483 2332 683 2424 inquorum
710 2334 830 2423 primo,
850 2332 924 2400 licet
946 2331 1044 2399 Sacra
1064 2332 1281 2421 Congregatio
1305 2332 1437 2401 instante
1495 2332 1496 2349 ¹

302 2466 319 2504 a
344 2440 480 2508 muliere
509 2440 636 2509 nullom
664 2440 857 2508 declarasset
895 2440 1140 2507 matrimonium
1170 2462 1212 2507 ex
1247 2438 1437 2529 praecedsnti

303 2575 320 2610 a
344 2547 529 2638 polygamia
557 2548 636 2633 viri,
664 2548 816 2639 precibus
847 2556 955 2615 tamen
980 2546 1125 2637 ejusdem
1155 2546 1301 2614 mulieris
1327 2547 1438 2614 iterum

304 2682 321 2718 a
344 2654 508 2744 proposita
523 2654 585 2721 fuit
598 2676 695 2721 causa
709 2664 741 2721 et
755 2654 948 2721 confirmata
968 2654 1132 2721 resolutio.
1150 2655 1188 2721 ln
1203 2654 1305 2721 altero
1321 2662 1437 2737 autem,

301 2789 321 2826 *a
345 2762 495 2853 quamvis
508 2761 753 2852 pronuntiatam
769 2759 883 2829 luisset
898 2784 918 2828 a
931 2762 1023 2829 curia
1036 2760 1210 2851 episcopali
1223 2784 1283 2852 pro
1299 2760 1440 2829 nullitate
1495 2760 1496 2847 l

306 2896 321 2932 a
347 2868 557 2955 matrimonii,
573 2868 798 2957 abprobatum
813 2868 1065 2958 interconjuges
1078 2876 1230 2959 quartum
1247 2867 1440 2955 consangai-

306 3002 324 3040 a
347 2975 457 3043 nitatis
473 2975 627 3064 gradum,
643 2974 840 3066 appellatum
853 2984 962 3043 nmen
977 2973 1039 3043 luit
1053 2973 1094 3043 ad
1111 2974 1244 3043 Sacram
1256 2973 1441 3062 Congrega-
1495 2982 1496 3065 l

306 3110 323 3148 a
347 3083 480 3166 tionem,
503 3105 577 3171 quas
603 3082 794 3149 sententiam
820 3081 920 3150 curiae
946 3080 1139 3173 episcopalis
1160 3078 1381 3149 confirmavit.
1404 3078 1441 3146 lli

309 3217 327 3256 a
349 3211 427 3257 vero
448 3197 540 3256 erant
563 3188 705 3280 prolecto
731 3212 824 3256 casus
846 3188 1005 3257 nullitatis
1026 3186 1197 3271 evidentis,
1214 3208 1282 3253 non
1299 3209 1391 3255 sectas
1409 3208 1442 3252 ac

309 3322 326 3362 a
350 3296 398 3363 illi
414 3297 453 3364 de
478 3296 597 3387 quibas
620 3295 768 3363 meminit
784 3296 820 3363 in
834 3319 893 3364 suo
916 3295 1079 3386 postulato
1100 3292 1292 3363 Sonorensis
1316 3292 1442 3383 Episco-

311 3431 327 3469 a
352 3426 424 3496 pus.
444 3428 460 3466 »

349 3512 405 3579 lll.
427 3509 516 3593 Quid
531 3509 706 3578 tenendum
726 3509 894 3578 videatur.
908 3548 951 3560 -
967 3508 1173 3599 Respondes,
1198 3508 1294 3575 etiam
1319 3508 1353 3573 in
1370 3506 1442 3573 casi-

308 3618 370 3686 bus
385 3616 543 3685 evidentis
558 3626 590 3684 et
604 3617 739 3686 notoriae
757 3617 915 3685 nullitatis
927 3616 1124 3685 servandam
1139 3638 1207 3684 esse
1230 3614 1441 3683 Benedictina

309 3723 547 3792 constitutionis
584 3722 735 3792 formam.
754 3724 897 3791 Etenim
925 3722 1057 3814 quaudo
1086 3722 1206 3791 dubius
1238 3730 1287 3788 est
1314 3720 1444 3811 alicujus

309 3831 532 3898 ecclesiasticas
546 3830 626 3919 legis
645 3852 772 3914 sensus,
789 3829 817 3896 si
832 3829 916 3897 clare
938 3828 1066 3897 decidat
1087 3829 1185 3897 Sacra
1205 3826 1342 3896 Consilii
1363 3828 1445 3896 Con-

311 3939 457 4028 gregatio
472 3937 626 4028 quoniam
642 3958 740 4004 sensu
755 3936 809 4003 lex
825 3936 882 4004 illa
904 3934 1115 4025 intelligenda
1132 3935 1185 4019 sit,
1205 3934 1282 4001 huic
1299 3932 1445 4002 decisioni

311 4046 346 4112 ia
363 4046 458 4136 praxi
470 4044 635 4129 standum,
653 4051 685 4110 et
697 4045 916 4113 controversia
932 4066 991 4135 pro
1006 4044 1098 4110 finita
1111 4040 1261 4109 habenda
1276 4050 1337 4108 est.
1354 4042 1444 4109 Porro

309 4152 505 4242 ipsissimam
520 4150 734 4242 qaaestionem
756 4148 796 4216 dc
816 4174 880 4241 que
899 4151 1030 4239 agimus
1052 4147 1261 4217 decidendam
1285 4146 1445 4239 proposuit

311 4258 503 4329 Senotensis
523 4259 721 4352 Episcopus3
743 4258 919 4349 postulavit
939 4274 1055 4350 nempe
1079 4254 1241 4329 maturari
1256 4253 1443 4346 praedictam
