3050 4984
291 502 355 570 itt
670 526 846 575 morasus
868 529 907 575 ns
927 528 1061 577 moruus.

333 648 433 715 Noto.
459 645 558 714 Posse
577 644 739 716 cumulari
760 648 927 738 querelam
943 648 1103 718 nnllitatis
1122 672 1198 719 cum
1220 648 1436 743 appellatione

285 752 327 821 ab
342 752 463 843 injusta
482 752 656 840 sententia3
671 754 744 839 bae,
767 755 859 823 vorbi
880 757 999 845 gratia,
1021 756 1185 826 lormulo:
1203 758 1284 827 Dico
1299 771 1434 826 rauen-

289 856 373 926 tium
386 881 450 927 esse
463 859 616 942 nulbm;
630 870 675 941 et,
691 860 721 929 si
730 863 817 952 sorte
832 862 909 931 tato
930 886 998 933 non
1018 862 1072 945 sit,
1094 863 1234 957 appello.
1256 862 1354 955 (Vnde
1369 864 1433 933 En·
1497 856 1498 933 l

289 967 355 1057 gel,
372 967 443 1037 loco
456 969 528 1056 eit,
545 992 580 1039 n.
600 967 646 1063 6.)

819 1180 905 1271 §n

645 1350 682 1399 De
698 1346 861 1401 rastitrtlone
879 1348 907 1400 ln
923 1350 1067 1415 integrum.

331 1563 472 1645 Qunsrro
487 1566 532 1631 l·.
549 1603 594 1617 -
610 1564 701 1648 Ouid
712 1565 830 1633 sirr-
846 1566 903 1634 list
914 1574 1006 1635 actus
1018 1588 1096 1658 quo,
1114 1568 1172 1659 qui
1183 1565 1433 1636 lasaumsecon·

285 1670 400 1755 teudit,
417 1692 475 1761 per
488 1669 629 1739 officium
642 1671 763 1763 judicis
780 1672 945 1741 reducitur
958 1672 992 1740 in
1008 1694 1083 1743 eum
1099 1680 1232 1759 statum,
1251 1670 1284 1740 in
1301 1694 1369 1763 quo
1384 1672 1432 1739 lo-
1499 1690 1500 1695 ’

285 1782 335 1843 ret
350 1776 378 1842 si
400 1784 521 1845 asserta
540 1776 633 1845 ltesio
647 1801 713 1846 uon
734 1779 933 1867 contigisset.
950 1777 998 1847 lta
1014 1778 1121 1870 quoad
1139 1800 1268 1846 sensum
1285 1778 1432 1847 doctores

286 1884 516 1970 mmmuniter3
540 1882 626 1975 apud
650 1908 733 1976 quos
756 1885 832 1953 vide
859 1886 967 1954 varios
989 1884 1184 1954 iustinianei
1202 1884 1289 1975 juris
1310 1893 1429 1971 textus,

285 1990 433 2059 eamdem
449 1990 615 2059 notionem
632 1993 864 2084 exprimentes.

329 2100 461 2168 Certum
474 2106 522 2166 est
536 2100 770 2167 restitutionem
788 2100 821 2167 in
839 2101 1004 2191 integrum
1025 2122 1091 2169 non
1115 2100 1214 2167 briase
1234 2099 1366 2190 legibus
1381 2100 1432 2167 in·

285 2206 429 2291 ductam,
446 2206 509 2274 nisi
530 2215 685 2298 tanquam
702 2207 886 2275 remedium
902 2205 1199 2276 extraordinarium
1215 2215 1247 2273 et
1263 2205 1431 2274 subsidia-

284 2314 371 2381 rium
390 2342 397 2381 :
415 2314 502 2382 unde
522 2313 719 2402 requloriter
736 2314 867 2383 concedi
893 2336 958 2382 non
983 2314 1090 2397 debet,
1108 2313 1171 2380 nisi
1193 2314 1326 2403 quando
1345 2314 1431 2381 lesia

285 2420 498 2511 praeclutlitur
516 2419 683 2511 quodlibet
708 2417 911 2489 ordinarium
933 2420 975 2489 ad
999 2419 1216 2511 repellendam
1238 2419 1428 2511 injustitiam
1501 2498 1502 2507 ,

285 2527 442 2595 medium.
461 2527 605 2594 Dicimus
619 2527 818 2619 requlariter
836 2553 847 2593 .·
863 2550 940 2595 nam
959 2554 975 2591 α
992 2527 1075 2594 bano
1090 2526 1254 2616 regulam,
1271 2526 1360 2617 quod
1377 2549 1428 2593 re·
1501 2516 1502 2521 ἵ

290 2662 306 2697 u
328 2634 470 2703 medium
482 2633 780 2703 extraordinarium
794 2656 859 2703 non
873 2635 979 2721 detur,
993 2634 1057 2701 nisi
1068 2634 1234 2703 ordinario
1245 2634 1426 2717 deficiente,

290 2768 307 2806 n
329 2741 471 2810 limitent
493 2741 638 2809 doctores
667 2741 726 2831 (l),
747 2742 813 2809 nisi
831 2740 1134 2809 extraordinarium
1157 2742 1201 2808 sit
1217 2740 1425 2833 pinquium

285 2848 414 2939 (Engel,
429 2849 464 2915 in
479 2847 529 2916 tit.
547 2850 603 2932 ll,
619 2847 696 2916 libri
715 2851 728 2914 1
750 2849 860 2932 Decr,
877 2872 910 2916 n.
930 2850 975 2937 2.)

329 2957 473 3039 Qunsrro
490 2962 540 3023 2⁸.
558 2994 602 3007 -
622 2958 671 3023 An
691 2956 856 3024 restitutio
878 2956 912 3023 in
933 2957 1099 3047 inteqrum
1120 2956 1230 3023 locum
1253 2956 1374 3023 babeat
1398 2957 1429 3022 in

284 3064 390 3132 cauus
411 3063 589 3132 dumtaxat
611 3061 772 3143 ciuilibu,
795 3076 992 3131 nouantem
1014 3063 1047 3130 io
1068 3062 1317 3131 coronalibus?
1330 3102 1375 3114 -
1389 3064 1430 3131 tt

284 3171 430 3239 remedio
444 3170 657 3238 restitutionis
670 3169 704 3236 iu
720 3170 886 3259 integrum
900 3168 991 3237 locus
1004 3192 1073 3237 esse
1084 3169 1198 3261 possit,
1212 3170 1427 3261 «requiritur,

289 3305 306 3341 α
329 3279 375 3344 ait
389 3276 679 3366 Scbmalzgrueber
697 3277 740 3365 (in
757 3274 889 3343 titulum
913 3279 968 3359 ll,
994 3276 1067 3343 libri
1087 3280 1100 3343 1
1121 3277 1261 3360 Decret,
1277 3299 1312 3343 u.
1332 3276 1378 3365 2),
1395 3284 1431 3343 ut

289 3411 306 3449 a
329 3384 496 3473 negotium
510 3406 550 3451 ax
566 3406 631 3475 quo
647 3381 807 3450 restitutio
821 3382 954 3474 petitur,
972 3382 1012 3449 sit
1028 3382 1194 3472 negotium
1212 3382 1310 3449 civile
1329 3409 1336 3449 :
1355 3406 1427 3449 nam

289 3522 306 3557 «
330 3494 364 3560 in
380 3490 607 3559 criminalibus
617 3499 649 3559 et
663 3490 788 3557 delictis
801 3490 962 3557 restitutio
972 3488 1152 3577 denegatur
1161 3490 1243 3581 (lege
1256 3490 1290 3556 in
1306 3490 1429 3557 Crinti-

289 3628 305 3665 ιι
328 3598 459 3667 nulibus
474 3601 505 3683 l,
523 3619 551 3665 c.
571 3598 613 3665 Si
622 3596 776 3665 adverbis
786 3596 922 3685 delict),
940 3596 994 3665 ubi
1011 3596 1096 3664 ratio
1110 3593 1218 3682 datur,
1232 3594 1309 3687 quia
1324 3597 1429 3664 molo-

289 3734 306 3772 «
330 3728 405 3775 rum
422 3726 527 3773 mores
538 3704 716 3795 infirmitas
730 3703 838 3771 animi
851 3726 917 3770 nort
933 3714 1078 3771 ernust.
1098 3728 1114 3766 o

328 3814 473 3897 Qonsrro
486 3816 530 3879 3⁸.
542 3850 586 3863 -
602 3810 728 3893 Qrtibus
737 3810 884 3903 personis
891 3810 1005 3901 possit,
1020 3821 1079 3876 αυτ
1092 3809 1206 3877 debeat
1216 3809 1350 3877 concedi
1363 3833 1429 3877 res-

286 3922 397 3989 titutio
413 3921 447 3987 iu
462 3920 647 4009 mteqrnm?
661 3916 907 4008 -Respoudeo
922 3942 929 3984 ε
948 3920 980 3983 1ο
995 3916 1187 3996 minoribus,
1201 3915 1281 3983 etiis
1291 3916 1347 4006 qui
1356 3917 1428 4008 jure

286 4030 449 4096 minorum
462 4023 617 4115 germont,
627 4022 759 4091 concedi
776 4023 871 4092 debet
886 4024 1049 4092 restitutio
1068 4024 1102 4091 in
1117 4024 1294 4112 integrum,
1313 4022 1341 4090 si
1353 4044 1428 4090 oon·

316 4228 348 4289 (tt
363 4226 422 4277 tter.
441 4223 560 4275 limitatio
574 4226 661 4273 umen
675 4221 846 4287 intelligendo
860 4227 899 4274 est
912 4222 1044 4273 dumtaxat
1058 4222 1090 4273 de
1109 4220 1252 4272 mtoorttor
1262 4224 1290 4273 et
1303 4220 1362 4271 eliis
1371 4220 1426 4285 J'nre

284 4305 415 4358 minorum
425 4304 606 4370 gaudentibus.
