3050 4984
568 512 644 561 rans
665 505 816 561 smenon.
1214 497 1257 563 tt

116 653 182 725 qno
208 654 325 725 nempe
350 632 496 702 nondum
518 641 607 704 exmt
628 634 776 723 infamia,
792 634 911 705 falsum
935 643 983 704 est
1007 636 1163 707 delictam
1187 641 1256 731 jam

117 740 203 809 fama
222 740 394 831 vulgatum
414 763 480 810 non
500 762 569 811 ossa
592 740 632 811 de
657 742 699 811 iis
720 764 795 834 quse
811 755 952 835 poseant
967 745 1119 835 predari.
1145 746 1258 839 Siqui-
1309 786 1313 798 ·

118 846 192 915 dem
222 848 381 917 existente
409 847 641 937 diffamatione,
673 856 778 941 potest
801 849 905 941 judex
932 849 1110 943 inquirere,
1139 861 1171 922 et
1200 876 1260 947 per

118 954 361 1045 inquisitorium
381 978 568 1047 processum
589 956 681 1025 lacilc
704 964 753 1025 est
779 955 820 1025 ad
843 956 951 1027 delicti
975 959 1179 1050 probationes
1202 960 1259 1031 de-

118 1063 241 1129 venire.

161 1168 271 1239 Prima
294 1192 373 1260 ergo
393 1172 508 1262 regula
528 1172 600 1241 haec
619 1194 718 1265 qnam
740 1170 923 1264 posuimus,
947 1179 1101 1266 tanquam
1124 1176 1259 1247 omnino

112 1286 202 1346 certa
217 1277 367 1347 habenda
387 1285 450 1366 est;
467 1300 527 1347 nec
541 1278 741 1370 ceteroquin
760 1280 795 1347 in
814 1280 1029 1371 questionem
1042 1304 1062 1348 a
1075 1280 1261 1353 doctoribus

116 1392 262 1454 vocatur.

160 1492 291 1563 Quas
314 1496 362 1561 2⁸.
384 1532 429 1545 -
452 1493 617 1562 Delictum
638 1492 814 1575 occultam,
837 1494 967 1562 etiamsi
982 1495 1123 1587 padari
1139 1499 1257 1588 porat,

116 1600 306 1669 darannmi
325 1600 440 1691 nequit
459 1599 669 1691 judicialiter
686 1622 743 1669 seu
762 1599 810 1669 ad
825 1599 1007 1669 vindictam
1019 1603 1199 1694 publicam.
1217 1644 1262 1659 -

117 1708 231 1777 Thesis
246 1706 314 1777 horo
327 1706 422 1776 valde
436 1707 699 1793 controvertitur,
714 1706 895 1798 prasertim
910 1708 937 1775 si
951 1716 1068 1798 agatur
1081 1710 1121 1779 de
1133 1710 1261 1781 officiali

116 1815 260 1907 publico,
287 1813 328 1883 ad
356 1812 579 1883 denuntianda
606 1835 647 1882 ex
675 1812 781 1882 officio
809 1813 926 1882 delicta
955 1816 1140 1904 constituto,
1168 1819 1259 1887 verbi

116 1922 234 2011 gratio,
252 1921 292 1991 de
309 1920 410 1989 fiscali
424 1928 608 2013 promotore
624 1919 814 2013 episcopalis
826 1920 937 1990 conse.

161 2028 386 2098 Nihilominus
400 2026 462 2095 sub
482 2026 630 2118 sequenti
651 2026 753 2118 capito
771 2026 802 2117 (ᾖ
816 2027 847 2116 2)
861 2026 1052 2116 probamus,
1068 2030 1261 2119 regulariter

117 2157 184 2202 non
201 2156 293 2227 posse
305 2133 448 2225 judicem
464 2133 586 2225 absque
606 2134 732 2223 praevia
749 2131 886 2201 infamia
904 2132 1147 2224 inquisitionem
1163 2137 1261 2206 insti-

117 2250 221 2329 tuere,
236 2242 305 2311 sive
320 2240 471 2335 procedat
488 2264 528 2309 ex
544 2263 633 2309 mero
647 2264 707 2309 suo
721 2239 839 2326 officio,
856 2240 925 2309 sive
940 2241 981 2309 ad
996 2242 1184 2313 instantiam
1199 2247 1262 2315 ali-

116 2348 213 2441 cujus
238 2346 474 2417 denuntiatoris
498 2368 627 2438 poenam
654 2346 762 2415 delicti
785 2348 993 2438 postulantis;
1022 2350 1121 2442 idque
1146 2375 1260 2423 verum

117 2476 286 2525 remanere
298 2454 423 2524 etiamsi
434 2454 494 2523 hoc
505 2453 601 2522 modo
614 2453 810 2523 denuntians
821 2454 863 2522 sit
874 2456 943 2546 ipse
951 2456 1069 2525 fiscalis
1080 2470 1257 2551 promotor.

117 2563 210 2631 Hanc
230 2584 346 2654 nempe
364 2561 602 2631 conclusionem
623 2560 769 2651 genuino
794 2560 1037 2652 pontificiorum
1057 2564 1261 2637 decretorum

21 2670 22 2673 ’
118 2694 215 2739 sensu
231 2678 340 2763 aperte
359 2669 501 2756 suaderi,
519 2677 550 2735 et
573 2668 607 2736 in
628 2691 699 2737 eom
715 2677 839 2737 veteres
860 2670 946 2760 juris
966 2673 1049 2739 sacri
1068 2673 1261 2765 interpretes

117 2777 328 2846 consensisse.
350 2804 367 2843 a
383 2775 419 2845 Si
436 2798 523 2862 vero,
541 2776 586 2843 sit
600 2775 719 2863 glossa,
737 2774 888 2866 procedet
900 2777 1002 2867 judex
1017 2780 1057 2846 ad
1075 2781 1260 2870 petitionem

122 2912 141 2949 a
162 2884 301 2975 alicujus
317 2883 523 2977 procurantis
543 2882 786 2974 inquisitionem
803 2934 855 2968 ...,
874 2883 901 2951 si
917 2883 970 2951 ille
990 2886 1116 2978 (nernpe
1130 2887 1262 2959 denam

123 3018 140 3053 a
164 2990 278 3081 tiatits]
298 2998 431 3080 negaret
444 2989 610 3057 infamiam
627 2988 842 3079 precessisse,
855 2998 1026 3077 cognoscet
1040 2992 1147 3080 primo
1159 2992 1263 3082 judex

123 3124 139 3161 a
162 3105 274 3165 utram
290 3097 332 3164 sit
347 3096 563 3165 infamatus...
579 3095 669 3163 Alias
683 3118 749 3163 non
759 3094 930 3185 procedat,
944 3095 1009 3163 nesi
1015 3097 1130 3187 primo
1144 3113 1263 3170 corutct

124 3231 140 3270 a
162 3203 253 3295 quod
265 3204 308 3273 sit
322 3202 535 3295 infamatus»
557 3202 602 3293 (in
616 3223 645 3269 c.
664 3206 719 3286 ll,
737 3202 786 3270 tit.
807 3204 838 3287 l,
858 3201 881 3269 l.
903 3207 920 3268 5
936 3202 1078 3291 Deerat,
1095 3207 1196 3275 verbo
1212 3208 1264 3276 Ad

118 3310 382 3403 inquirendam).
399 3310 448 3379 Ex
464 3308 649 3379 auctoribus
667 3314 777 3377 autem
797 3298 854 3399 qni
869 3309 1069 3378 contrarium
1084 3310 1259 3404 affirment,

119 3419 247 3509 aliquos
262 3417 400 3507 intelligi
412 3440 505 3509 posse
520 3424 676 3507 tanquam
689 3416 813 3485 locutos
825 3415 865 3483 de
876 3415 1119 3487 denuntiatione
1134 3419 1180 3489 ad
1191 3444 1264 3490 cor-

21 3508 22 3595 }
119 3526 295 3595 rectionem
309 3524 491 3611 dumtaxat,
507 3546 574 3591 non
593 3521 640 3592 ad
650 3544 811 3615 poenam,·
825 3531 960 3592 ceteros
973 3548 1063 3613 vero,
1080 3533 1261 3618 praesertim

21 3654 22 3663 ¹
122 3632 330 3701 Reillenstuel
343 3632 391 3723 (in
405 3632 456 3700 tit.
475 3635 507 3719 l,
520 3630 596 3698 libri
616 3635 633 3699 ὅ
649 3632 791 3715 Decret,
804 3652 839 3698 n.
860 3630 912 3721 88)
927 3631 1087 3703 inhaere
1102 3634 1260 3730 deviasse,
1358 3707 1362 3714 ,

121 3749 152 3808 ot
167 3742 275 3833 potius
290 3738 520 3833 relinquendos
535 3760 604 3807 esse
620 3738 763 3808 videtur.

21 3912 22 3937 ,
165 3848 311 3916 Dicimus
325 3855 433 3917 antem
450 3846 663 3937 reputante·
677 3846 754 3938 quia
774 3846 809 3913 in
832 3846 999 3915 nonnullis
1014 3850 1154 3937 casibus,
1172 3854 1264 3922 verbi

21 3962 22 4035 l
122 3956 239 4045 gratia,
255 3956 283 4024 si
302 3978 344 4023 ex
367 3953 483 4023 delicto
507 3954 631 4023 occulto
658 3976 757 4043 grove
784 3953 942 4022 damnum
962 3957 1188 4025 communitati
1208 3983 1265 4031 scu

124 4064 274 4154 proximo
289 4063 486 4148 immineret,
497 4069 603 4153 posset
617 4061 803 4129 denuntiari
816 4062 857 4129 nd
870 4062 1018 4131 effectum
1032 4063 1183 4133 vindictas
1200 4090 1264 4157 pn-

21 4162 22 4191 ³
123 4168 227 4256 blicae,
244 4179 275 4238 et
287 4167 389 4259 jadex
406 4167 447 4237 ad
464 4167 649 4235 instantiam
671 4166 743 4235 talis
764 4166 1013 4255 denuntiatoris,
1031 4171 1098 4238 imo
1115 4194 1156 4239 ex
1172 4196 1263 4247 mero

123 4298 181 4345 suo
196 4274 305 4346 officio
321 4283 428 4368 posset
438 4274 635 4365 judicialiter
648 4274 834 4366 procedere.
