3050 4984
545 516 617 559 ruas
646 516 790 561 secunus.
1117 482 1123 491 ’
1170 500 1233 563 225

100 638 163 697 tem
178 631 226 697 vel
243 642 367 719 contro,
381 658 446 724 qua
459 638 681 727 exceptionem
697 637 839 728 aliquam
854 638 1102 728 peremptoriam
1115 638 1234 707 admit·

99 740 137 806 tit
147 739 199 807 vel
212 740 327 830 rejicit.

141 851 172 913 3.
190 848 328 929 Quando
344 846 376 914 in
393 849 659 940 dispositionibus
684 850 826 919 occurrit
840 874 905 919 vox
921 854 1089 933 sententia,
1117 853 1234 922 defiui-

98 954 174 1038 tiva,
189 976 255 1022 nou
270 976 347 1023 vero
362 954 605 1024 interlocutoria
616 956 827 1047 intelligenda
841 959 941 1026 venit.

140 1065 171 1127 t.
200 1060 264 1129 Per
288 1062 480 1130 senteutiam
497 1062 786 1149 interlocutoriam,
803 1065 831 1131 is
850 1073 1072 1157 contraquam
1089 1071 1235 1156 pronun-

96 1169 207 1253 tiatur,
223 1168 391 1237 infamiam
403 1191 469 1238 uon
487 1170 635 1239 incurrit.
653 1170 680 1239 E
695 1179 807 1241 contra
822 1172 954 1239 infamis
966 1171 1075 1240 evadit
1089 1172 1143 1240 ille
1158 1198 1235 1241 cou-

96 1286 144 1342 tra
157 1298 255 1366 quem
268 1278 500 1367 pronuntiatur
515 1279 673 1346 seutemia
689 1278 870 1365 definitiva,
887 1281 922 1346 iu
937 1279 1043 1347 causis
1054 1280 1237 1349 criminali-

94 1381 169 1466 bus,
185 1392 216 1450 et
227 1382 262 1449 in
276 1382 444 1452 nonnullis
458 1381 541 1451 aliis.

141 1492 172 1555 5.
201 1488 367 1559 Sententia
395 1489 639 1558 interlocutoria
673 1513 736 1559 nou
774 1492 913 1581 requirit
939 1492 1147 1583 scripturam,
1178 1516 1237 1561 uec

96 1596 279 1664 citationem
293 1596 416 1686 partis;
445 1618 520 1685 quse
545 1597 744 1665 conditiones
772 1597 806 1665 iu
829 1597 962 1665 lereuda
983 1597 1151 1666 definitiva
1165 1600 1237 1669 exi-

96 1711 231 1791 guntur.

139 1814 170 1877 t.
188 1810 391 1883 Sententiam
407 1815 684 1886 interlocutoriam
708 1819 813 1904 potest
831 1811 1023 1900 regulariter
1045 1813 1147 1902 judex
1163 1836 1237 1881 cor-

96 1918 200 2006 rigere
216 1930 247 1987 et
262 1942 425 1991 revocare.
441 1923 591 1993 Dicimus
601 1920 797 2011 requieriter
813 1946 824 1984 .-
841 1940 915 1985 uam
929 1918 1039 1987 abhac
1052 1920 1167 2009 regula
1180 1944 1237 2011 ge·

96 2024 196 2093 uerali
211 2028 420 2119 excipiuntur
443 2038 614 2122 sequentes
637 2050 730 2095 casus
759 2053 766 2092 :
791 2026 915 2115 primo,
943 2025 970 2091 si
997 2026 1239 2097 interlocutoria

96 2134 253 2201 sententia
267 2136 391 2227 sitiam
405 2136 589 2205 executioni
606 2133 774 2218 mandata3
790 2131 939 2213 scendo,
958 2132 985 2213 si
999 2155 1070 2200 earn
1090 2156 1238 2223 pronun-

95 2239 190 2326 tians,
209 2249 343 2330 rogatus
362 2252 398 2313 ut
415 2253 593 2329 revocaret,
619 2266 636 2309 e
662 2250 775 2309 contra
798 2239 889 2306 illam
903 2238 1068 2319 firmavit;
1085 2243 1192 2323 tertio,
1211 2244 1239 2310 si

91 2344 192 2434 judex
209 2350 370 2439 superior,
387 2350 540 2442 adquam
567 2374 586 2417 a
612 2348 668 2421 tali
684 2346 842 2415 sententia
857 2354 906 2413 est
920 2346 1131 2437 appellatum,
1148 2372 1239 2417 earn-

96 2452 167 2520 dem
209 2456 465 2544 confirmaverit,
495 2451 739 2548 pronuntiando
768 2452 851 2521 male
882 2452 981 2521 luisse
1019 2454 1237 2545 appellatum;

95 2572 225 2648 quarto,
241 2562 269 2627 si
284 2562 349 2629 lata
362 2564 403 2629 sit
410 2562 450 2630 de
466 2586 624 2631 consensu
637 2562 807 2650 utriusque
820 2559 924 2650 partis
936 2585 945 2643 ;
959 2560 1083 2649 quinto,
1095 2564 1122 2627 si
1133 2554 1235 2653 judex

94 2666 343 2757 appellationem
351 2670 393 2737 ab
402 2670 645 2739 interlocutoria
652 2692 711 2736 sua
726 2666 870 2751 admisit,
884 2675 915 2732 et
925 2687 944 2732 a
955 2665 1063 2756 judice
1073 2668 1233 2758 adquam,

94 2795 133 2839 ue
143 2772 178 2839 iu
193 2796 291 2842 causa
304 2775 468 2866 procedat,
481 2778 542 2843 fuit
557 2776 717 2843 inhibitus
731 2802 738 2851 ;
755 2784 857 2851 sexto,
872 2774 900 2839 si
913 2773 1154 2841 interlocutoria
1168 2776 1236 2842 vim

95 2879 211 2947 habeat
224 2880 412 2952 definitiva.

137 2991 169 3052 7.
191 2990 276 3057 Ante
292 2988 466 3057 concilium
487 2989 729 3072 Tridentiuum,
746 2994 872 3077 poterat
886 3009 905 3052 a
919 2987 1086 3053 sententis
1101 2988 1237 3056 interlo-

95 3094 228 3161 cutoriis
239 3095 394 3185 appellari
402 3122 411 3182 ;
428 3096 483 3163 sed
496 3096 581 3163 dicta
596 3092 741 3185 synodus
755 3092 918 3184 ejusmodi
932 3091 1161 3184 appellationes
1176 3118 1233 3184 ge·
1254 3178 1258 3185 ¹

95 3200 246 3268 neraliter
261 3201 403 3269 sublatas
420 3202 523 3270 voluit
539 3203 621 3293 (cap.
643 3199 842 3286 l,·sessiouis
860 3202 898 3264 13
906 3225 916 3285 ;
931 3212 962 3265 et
977 3201 1079 3289 capite
1094 3206 1149 3287 20,
1165 3226 1233 3269 ses-

94 3308 193 3375 sionis
209 3312 265 3394 tt,
283 3308 323 3375 de
337 3310 436 3399 Refi).
464 3308 599 3399 Excepit
614 3317 721 3376 tamen
738 3316 803 3373 tres
817 3326 934 3373 casus:
946 3308 1070 3396 primo,
1089 3310 1118 3375 si
1132 3312 1233 3378 iuter-

94 3412 249 3482 locutoria
263 3416 332 3484 vim
348 3414 524 3482 definitiva
541 3414 668 3499 habeat,
683 3414 727 3479 ita
742 3420 779 3479 ut
794 3420 898 3478 totum
909 3410 965 3500 jus
973 3411 1109 3501 alicujus
1120 3416 1234 3482 absor-

94 3518 164 3587 bcat
170 3546 180 3607 3
198 3520 350 3603 secundo,
379 3522 406 3588 si
425 3521 501 3589 talis
525 3522 567 3589 sit
594 3529 666 3610 post
686 3540 785 3609 quam
802 3539 866 3585 uon
881 3528 1029 3608 speretur
1043 3518 1230 3607 definitiva,

95 3627 185 3695 verbi
207 3630 326 3717 gratia,
344 3628 371 3695 si
393 3627 495 3720 judex
525 3627 761 3718 pronuntiatae
777 3626 1061 3715 incompetentem
1080 3628 1187 3711 tertio,
1204 3631 1231 3696 si

95 3736 253 3802 contiueat
267 3756 459 3824 gravamen,
481 3735 567 3827 quod
593 3756 651 3825 per
675 3731 889 3818 definitivam,
906 3741 962 3799 aut
985 3734 1233 3823 appellationem

95 3841 133 3907 ab
147 3843 220 3927 ista,
238 3850 376 3933 nequeat
392 3840 553 3931 reparari;
573 3851 608 3908 ut
619 3840 647 3906 si
669 3840 772 3928 judex
782 3838 896 3927 jubeat
914 3839 1056 3929 aliquem
1070 3842 1105 3907 iu
1120 3863 1231 3935 carce-

94 3968 160 4015 rem
175 3949 274 4017 trudi.

136 4056 309 4123 Prmmissa
332 4064 441 4123 autem
463 4055 502 4123 de
525 4055 692 4123 sententiis
716 4053 968 4121 interlocutoriis
988 4054 1231 4126 enuntiavimus

96 4160 274 4249 dumtaxat,
294 4162 517 4253 praetermissis
528 4163 563 4227 in
579 4160 803 4252 probationem
817 4159 1040 4245 documentis,
1057 4163 1134 4249 quia
1142 4168 1229 4252 pari-

98 4268 238 4338 iormiter
250 4292 270 4337 a
283 4269 469 4337 doctoribus
482 4279 638 4359 tauquam
653 4277 740 4335 certa
754 4266 941 4334 traduntur.

19 4374 20 4379 ’
251 4396 281 4441 ιι.
1034 4379 1071 4435 tii
