3050 4984
290 426 354 491 3211
671 442 849 489 naereses
871 444 909 487 oa
931 442 1063 490 moruus.

284 566 458 659 prooemio,
476 562 663 632 immediate
684 573 758 631 anie
779 572 877 655 eaput
898 566 982 633 Cum
998 564 1162 632 honestius
1179 562 1296 653 posito,
1315 562 1352 629 in
1366 582 1432 652 quo

286 673 444 765 synodus,
465 680 637 763 postquam
662 672 839 763 Episcopos
853 672 982 740 hortata
1001 682 1048 739 est
1066 681 1103 739 ut
1116 668 1318 759 corrigendis
1335 668 1431 736 cleri-

287 799 400 845 corum
418 776 562 845 moribus
581 786 712 844 strenue
728 776 931 861 incumbant,
947 778 1039 845 addit
1055 805 1064 846 z
1087 779 1131 843 Ut
1145 774 1432 865 11111ιί1118ρί-

286 882 375 973 scopi
395 880 432 948 id
444 880 576 949 liberius
590 880 706 972 eosqui
722 880 856 948 ooleunt
874 933 929 967 ...‚
946 892 979 949 et
998 882 1108 949 statim
1129 882 1330 973 ponitmput
1347 880 1433 947 Cum

287 988 463 1057 honestius.

330 1097 489 1165 Pnommo
510 1096 565 1163 11².
588 1135 632 1147 -
644 1098 701 1165 Ea
720 1119 822 1165 socru
846 1096 1117 1188 Conqrequtionis
1140 1094 1278 1164 Consilii
1297 1092 1434 1161 memo

286 1202 392 1271 nibus.
410 1241 455 1254 -
474 1201 559 1271 Cum
581 1225 640 1294 per
664 1226 698 1269 se
713 1225 785 1271 rem
810 1204 964 1271 evincant
985 1202 1146 1293 ejusmodi
1166 1200 1357 1286 decisiones,
1380 1222 1436 1267 eas
1513 1193 1514 1196 '

286 1310 457 1380 dumtaxat
470 1310 572 1379 oeulis
587 1310 811 1401 subjiciemus,
827 1310 941 1379 lectori
952 1310 1167 1403 relinquendo
1179 1318 1269 1377 utex
1285 1330 1435 1398 unaqua-
1514 1351 1515 1372 ;

287 1442 350 1511 que
365 1417 491 1486 iacilem
509 1418 578 1508 ipse
591 1415 633 1484 ad
647 1418 808 1485 intentum
824 1441 960 1509 scopum
975 1419 1152 1487 illationem
1172 1416 1278 1485 lmiat.

338 1550 355 1586 1
378 1526 432 1591 An
453 1524 553 1591 verba
573 1522 642 1609 illa,
661 1524 702 1590 ob
721 1524 884 1591 secutum
904 1524 1041 1605 orimur,
1062 1520 1314 1615 quomodolibet,
1332 1521 1436 1589 etium

292 1658 309 1697 u
332 1628 661 1721 extro-judicialiter,
673 1653 828 1721 expressa
837 1629 1011 1699 dumtaxat
1020 1630 1055 1698 in
1070 1631 1178 1723 prima
1188 1638 1279 1722 parte
1292 1627 1434 1721 periodi,

290 1764 308 1804 u
330 1746 521 1806 censeantur
545 1738 678 1827 repetita
703 1737 737 1804 in
760 1738 903 1805 secunda
928 1748 1037 1829 parte;
1060 1736 1142 1806 adeo
1166 1747 1204 1805 ut
1225 1736 1301 1805 inde
1321 1735 1435 1824 colligi

291 1870 309 1910 u
331 1846 446 1929 valeat,
464 1842 653 1929 Praelatum,
676 1843 798 1912 nedum
813 1866 907 1935 posse
926 1845 969 1914 ob
990 1845 1153 1913 occultum
1175 1844 1299 1912 crimen
1321 1852 1436 1911 extra-

290 1976 309 2015 «
327 1949 524 2041 judicialiter
554 1947 746 2017 interdicere
774 1973 835 2019 suo
865 1950 996 2019 subdito
1020 1973 1191 2018 ascensum
1216 1948 1256 2018 ad
1288 1948 1433 2031 ordines,
1520 1993 1521 2026 2

290 2082 308 2122 u
330 2058 387 2125 sed
403 2056 515 2125 itidem
530 2056 573 2125 ob
585 2056 748 2125 occultum
761 2058 886 2125 crimen
901 2080 995 2148 posse
1008 2057 1108 2125 etiam
1122 2055 1436 2147 extra-judicialiter

290 2190 308 2230 u
332 2165 424 2233 illum
441 2164 638 2255 suspendere
658 2165 699 2232 ab
712 2162 885 2231 ordinibus
896 2163 966 2255 jam
981 2165 1150 2255 susceptis.
1170 2203 1214 2215 -
1227 2164 1327 2233 Sacra
1341 2162 1436 2230 Con-

291 2300 308 2337 «
331 2274 476 2362 gregatio
492 2272 543 2339 die
563 2274 604 2339 24
621 2272 810 2340 novembris
835 2276 987 2358 165111
1001 2272 1115 2341 sedulo
1135 2272 1333 2356 examinata,
1355 2292 1436 2338 cen-

290 2406 308 2444 1
330 2380 408 2465 suit,
439 2402 504 2447 non
534 2377 750 2446 resedendum
780 2379 822 2446 ab
851 2379 994 2471 antiquis
1021 2378 1305 2464 declarationibus,
1334 2399 1436 2467 super
1521 2375 1522 2384 ’

290 2512 309 2551 ι
331 2487 392 2553 hoc
406 2486 519 2555 eodem
541 2486 641 2556 dubio
666 2485 790 2578 pluries
813 2485 916 2565 datia;
933 2510 970 2553 ac
991 2485 1129 2577 proinde
1153 2485 1347 2553 affirmative
1362 2506 1436 2551 res—

288 2618 307 2657 «
329 2592 456 2684 pondit.
488 2593 598 2683 (Libro
622 2594 660 2657 21
680 2592 905 2679 Decretorum,
929 2593 1050 2683 pagina
1077 2596 1152 2679 131,
1181 2592 1215 2659 in
1236 2612 1339 2659 consu
1355 2591 1433 2658 Ale·

290 2724 307 2765 1
331 2698 492 2789 riensi.)»

336 2832 353 2870 n
379 2804 432 2874 Ad
461 2806 647 2874 instantiam
678 2806 828 2898 Episcopi
855 2806 1073 2875 vercellensis
1098 2804 1298 2897 supplicatur
1323 2803 1436 2871 decla-
1522 2824 1524 2835 ·

291 2937 309 2977 u
332 2912 439 2979 rari...
460 2914 493 2977 1ο
516 2913 570 2979 An
590 2911 722 3003 quaudo
740 2910 935 2980 Ordinarins
962 2910 1131 3003 suspendit
1151 2910 1294 3002 aliquem
1320 2910 1437 2999 vigore

289 3046 308 3085 ι
330 3020 443 3111 eapitis
461 3018 559 3109 primi
575 3018 726 3087 sessionis
743 3022 783 3085 11
804 3018 855 3109 (de
871 3019 1140 3109 deformatione),
1155 3027 1302 3086 teneatur
1320 3017 1437 3109 expri-

291 3152 309 3192 u
332 3150 420 3195 mere
438 3126 593 3195 delictum
616 3135 647 3193 et
666 3150 798 3195 causam
817 3127 1041 3219 suspensionis
1063 3128 1126 3219 ipsi
1145 3150 1213 3213 reo,
1231 3126 1258 3193 si
1273 3124 1363 3194 illam
1378 3124 1437 3214 ju-

289 3260 307 3299 «
330 3233 487 3301 dicialiter
505 3242 590 3323 petat
605 3285 658 3319 ...‚
675 3234 775 3303 Sacra
788 3235 1007 3324 congregatio
1078 3231 1244 3325 respondit
1266 3231 1307 3301 ad
1326 3254 1435 3323 quoss-

289 3367 306 3408 «
331 3355 414 3423 tum,
434 3340 657 3429 Ordinarium,
675 3344 702 3409 si
719 3342 895 3433 suspendat
914 3341 1055 3434 aliquem
1077 3342 1189 3432 vigore
1206 3340 1320 3432 capitis
1334 3341 1435 3430 primi

290 3476 308 3515 1
330 3450 481 3517 sessionis
497 3453 537 3515 11
561 3448 613 3540 (de
636 3450 902 3540 deformatione),
919 3472 987 3519 non
1011 3450 1113 3517 teneri
1133 3448 1317 3540 exprimere
1333 3445 1436 3514 delic-

289 3584 306 3622 1
330 3566 399 3623 tum
412 3580 469 3625 seu
480 3578 609 3625 eausam
619 3558 841 3647 suspensionis
851 3558 914 3649 ipsi
925 3580 992 3643 reo,
1002 3556 1059 3625 sed
1068 3566 1195 3624 tantum
1206 3554 1436 3644 SediAposto-

290 3691 308 3729 1
332 3664 415 3749 lica,
432 3663 474 3731 ad
490 3686 590 3753 quam
607 3685 681 3731 reus
694 3686 862 3732 recursum
878 3663 1039 3732 habuerit.
1059 3690 1075 3727 s
1098 3664 1148 3752 (ln
1162 3663 1245 3731 libro
1258 3666 1296 3729 17
1311 3661 1437 3729 Decre-

286 3779 408 3857 torum,
439 3769 517 3838 lolio
543 3774 605 3836 169
632 3794 651 3837 1
674 3780 766 3859 tergo
790 3780 821 3838 et
844 3770 1068 3861 sequentibus,
1093 3770 1155 3837 sub
1184 3770 1236 3837 die
1261 3772 1302 3836 21
1325 3770 1437 3836 martii

291 3880 402 3969 1613.)

328 3986 366 4053 ln
381 3986 464 4053 libro
485 3988 502 4050 7
521 3986 745 4072 Decretorum,
770 3986 848 4053 iulio
869 3989 909 4052 89
931 3994 1071 4075 atsrgo,
1088 3986 1250 4076 reperitur
1261 3984 1436 4073 responsio

289 4155 376 4219 pensis
389 4156 492 4218 patebat
507 4154 540 4204 ad
552 4155 780 4219 Metropolitanum
793 4156 1004 4221 appellationis
1017 4169 1080 4205 vero
1093 4153 1232 4219 appellatio
1242 4153 1293 4203 ista
1301 4152 1334 4203 de
1344 4152 1435 4205 medio

288 4234 394 4297 tollitur,
406 4234 538 4299 majorque
552 4233 660 4297 proinde
682 4238 794 4299 potestas
809 4234 945 4299 Episcopis
956 4234 1088 4285 tribuitur.
