3050 4984
333 518 393 582 556
706 537 882 586 missurus
906 539 945 584 mr
966 538 1100 586 muretus.

328 665 441 722 vocato
454 658 580 724 loanne
598 660 656 738 N.‚
675 661 777 725 turin
796 668 916 726 nostroe
939 659 1130 745 episcopalis
1147 659 1282 744 publico
1303 662 1470 739 nuntiari

326 766 532 848 praemissam
559 766 745 832 citationem
767 769 981 850 consipnaoit,
1003 777 1035 833 et
1056 769 1161 852 jussit
1182 776 1220 833 nt
1248 768 1407 833 eamdem
1428 768 1471 832 do

329 873 418 935 mino
436 871 576 938 Andron
588 873 621 937 N
623 921 645 953 .,
662 875 877 957 personaliter
895 875 948 940 oel
969 874 1061 940 domi
1085 876 1187 941 solita
1200 875 1422 941 moinnom's
1434 879 1472 940 in

330 980 470 1044 tonaret.
489 981 557 1061 (ini
575 980 680 1046 dictos
697 983 832 1046 nuntius
845 983 894 1048 ad
904 1001 957 1048 me
974 985 1162 1048 asinarium
1176 1001 1341 1062 reomsrts,
1356 984 1471 1062 retuli,

328 1104 362 1150 se
383 1087 524 1169 praefato
541 1087 682 1153 Andreas
702 1089 736 1153 N
737 1137 758 1170 .,
785 1091 1013 1172 personaliter,
1029 1099 1135 1175 prout
1154 1092 1190 1156 in
1211 1091 1391 1170 mandato,
1407 1095 1474 1155 cilo·

330 1194 449 1258 tionem
470 1194 647 1277 intimasse,
663 1197 756 1280 eopia
771 1197 894 1262 relr'cto.
911 1200 994 1263 Aeto
1008 1206 1087 1262 sunt
1098 1199 1165 1264 tao
1179 1199 1232 1263 die
1304 1201 1430 1263 mensis

329 1319 454 1366 anno...
479 1337 518 1350 —
542 1303 615 1387 Epo
632 1305 688 1383 N.‚
711 1306 902 1390 episcopalis
925 1308 1028 1371 ouria
1048 1309 1193 1386 nuntius,
1219 1307 1359 1388 asfirrno
1380 1315 1418 1370 ut
1432 1325 1473 1370 su·

325 1427 399 1492 pra.
415 1445 456 1456 -
470 1410 544 1493 Epo
564 1412 598 1475 N
600 1459 620 1490 .,
655 1412 801 1478 Virorias
822 1415 993 1496 generalis.
1018 1450 1057 1461 -
1081 1414 1155 1498 Ego
1178 1415 1234 1492 N.‚
1258 1417 1470 1480 noluerim.»

327 1517 384 1585 lile
405 1525 514 1586 autem
535 1541 706 1611 processus
723 1520 898 1611 sigillatur,
914 1529 946 1592 et
962 1521 1103 1591 mittitur
1122 1523 1163 1591 ad
1181 1521 1334 1614 judiuem
1351 1523 1412 1614 qui
1423 1545 1471 1591 re-

327 1624 522 1695 missoriales
538 1625 636 1696 dedit.

847 1801 868 1891 5
890 1800 946 1870 111.

330 1957 423 2008 Forma
434 1957 565 2010 relerendi
576 1959 604 2010 in
616 1961 692 2024 aeus,
702 1961 809 2026 quaudo
815 1961 898 2027 judex
915 1962 1007 2015 alienas
1027 1963 1147 2016 dioeuosis
1166 1961 1322 2016 relationem
1338 1963 1373 2014 de
1388 1975 1472 2014 exne

591 2041 662 2094 tione
675 2042 819 2094 litterarum
833 2043 1045 2096 remissurialium
1058 2043 1208 2097 transmisit.

372 2234 387 2266 «
402 2209 549 2277 Fuerunt
567 2221 677 2278 autem
692 2215 871 2297 premissae
896 2215 1009 2280 littera
1033 2215 1268 2279 remissoriales
1292 2217 1473 2280 eremari

330 2316 551 2395 demandotae;
579 2319 619 2383 de
639 2338 704 2404 qao
724 2329 756 2385 et
772 2321 963 2386 relationem
983 2321 1169 2406 juridicam
1187 2323 1309 2406 recepit
1330 2340 1472 2387 revereri-

330 2424 390 2487 dns
415 2425 469 2503 N.‚
497 2425 643 2492 Vicorius
662 2428 836 2511 generatis,
858 2446 932 2511 qna
959 2437 1006 2492 est
1031 2430 1150 2493 tenoris
1177 2432 1343 2512 sequentis
1368 2429 1472 2494 videti·

329 2539 378 2595 oet
389 2552 399 2594 .·
411 2555 426 2592 ι)
443 2533 544 2614 (stibi
559 2533 720 2600 inseratur
733 2536 964 2600 documentum
979 2535 1186 2618 praecedentis
1199 2537 1428 2620 paragraphi.

762 2821 905 2893 CAPUT
927 2822 1032 2892 XXII.

416 3017 521 3064 ronna
544 3015 741 3083 namuurum,
767 3016 1169 3083 summasunmna,
1195 3017 1251 3062 seu
1275 3017 1388 3064 ιιιιιιτ

493 3125 745 3191 praemarenus,
771 3125 824 3180 our
847 3125 938 3179 rusius
960 3125 1133 3172 sussurim
1156 3125 1305 3172 excussu.

374 3356 391 3396 a
406 3330 475 3398 Etsi
489 3330 524 3398 iu
538 3329 644 3399 causis
656 3329 879 3400 criminalibus
892 3329 933 3398 ud
949 3329 1169 3399 defensionem
1183 3329 1243 3398 Rei
1258 3328 1409 3397 absentis
1420 3328 1471 3396 ud·

327 3437 505 3505 mittendus
525 3461 591 3506 nou
613 3437 654 3505 sit
670 3443 861 3528 procurator
879 3437 926 3527 (ut
948 3436 985 3504 in
1007 3437 1078 3526 lege
1101 3439 1345 3519 Aenesatorem,
1375 3437 1415 3505 ff.
1438 3435 1471 3504 a

326 3545 442 3614 Publio
452 3544 591 3635 judie),
608 3553 779 3612 esttamen
795 3542 1015 3612 admittendus
1029 3541 1070 3610 ud
1084 3541 1307 3611 excusandam
1323 3545 1401 3635 ejus
1416 3545 1470 3611 ab·

326 3653 478 3721 sentiam.
496 3678 513 3717 s
531 3651 715 3743 (Megalius,
728 3650 849 3718 Praeis
863 3649 971 3732 crim„
986 3671 1056 3741 cup.
1079 3654 1130 3736 15,
1145 3671 1179 3720 11.
1198 3648 1267 3738 36.)

370 3760 434 3831 Vel
446 3782 523 3828 reus
545 3781 613 3826 sese
634 3781 691 3848 per
711 3767 956 3849 procuratorem
972 3766 1106 3829 excusat
1131 3765 1204 3854 aute
1222 3757 1378 3848 elapsum
1399 3782 1471 3852 per-

324 3867 520 3959 emptorium
542 3866 735 3953 terminum,
748 3863 894 3955 judicem
911 3885 1046 3934 monens
1070 3863 1110 3933 de
1125 3863 1236 3933 lutura
1249 3886 1312 3932 sua
1328 3865 1471 3936 wuda

324 3976 366 4045 ob
390 3973 523 4067 aliquod
544 3969 828 4064 impedimentum,
854 3979 885 4040 et
909 3971 1172 4063 prorogationem
1200 3969 1336 4040 termini
1359 3981 1471 4065 postu-

322 4081 394 4151 lans
412 4109 419 4149 :
435 4081 489 4151 vel
504 4087 575 4173 post
589 4078 735 4170 elapsum
749 4079 1007 4171 peremptorium
1021 4077 1212 4146 terminum.

367 4194 407 4258 ln
411 4187 524 4281 priori
537 4209 625 4269 casn,
640 4184 756 4276 judex,
775 4185 905 4255 attentis
920 4183 1160 4276 impedimentis
1176 4205 1266 4254 areo
1283 4187 1468 4278 propositis,

322 4298 349 4368 si
380 4320 418 4370 aa
439 4292 644 4378 rationabilia
667 4292 845 4381 existimet,
871 4293 966 4364 debet
985 4291 1247 4385 prorogationem
1273 4293 1468 4386 postulatum
