3050 4984
555 530 630 576 rans
652 530 797 577 smenon.
1178 515 1241 577 435

103 674 121 712 r
143 646 231 736 gulis
244 646 390 717 locorum
408 648 589 717 Ordinariis
611 652 645 718 in
661 651 731 719 suis
747 652 925 739 respective
939 650 1142 739 dicecesihus,
1160 675 1238 744 per·-

104 780 121 817 r
144 776 224 823 sona
235 754 347 846 aliqua
361 755 480 825 idonea
493 756 644 846 eligetur,
656 765 700 844 et,
716 757 744 823 si
757 756 831 825 fieri
843 766 958 847 potest,
973 781 1015 826 ex
1030 759 1241 830 ecclesiastico

103 889 122 925 c
144 870 242 946 coetu,
258 863 343 953 juris
362 862 496 931 scientia
521 864 643 953 puriter
663 871 695 931 et
719 863 795 932 vitae
816 865 974 954 probitate
993 865 1140 957 praedita,
1165 890 1240 961 quae

103 994 120 1033 r
144 969 429 1037 matrimoniorum
445 969 596 1037 defensor
611 970 852 1057 nominabitur;
868 994 943 1039 cum
964 972 1113 1041 facultate
1134 984 1242 1044 tamen

103 1102 122 1139 r
144 1098 215 1143 eam
227 1074 459 1166 suspendendi,
481 1076 533 1144 vel
553 1076 756 1161 removendi,
772 1076 800 1143 si
820 1075 908 1166 justa
927 1099 1024 1146 cansa
1040 1078 1194 1165 adfuerit,
1210 1088 1242 1149 et

102 1207 122 1247 r
144 1180 361 1251 substituendi
381 1181 480 1251 eliam
505 1204 599 1272 aeque
616 1182 767 1251 idoneam
781 1190 812 1251 et
826 1182 940 1253 iisdem
962 1184 1173 1275 qualitatibus
1186 1210 1242 1255 or-

102 1314 122 1352 «
144 1297 274 1374 natam;
297 1288 385 1379 quod
407 1288 502 1357 etiam
524 1289 597 1356 lieri
621 1282 739 1381 poterit
758 1289 1023 1381 quotiescumque
1042 1314 1178 1382 persona
1200 1295 1242 1363 ad

100 1421 119 1459 r
143 1395 427 1465 matrimoniorum
442 1395 661 1464 defensionem
676 1396 847 1482 destinata,
857 1420 931 1465 curu
944 1420 978 1465 se
989 1400 1112 1469 oceasio
1123 1401 1243 1490 agendi

100 1528 121 1567 a
143 1502 310 1587 obtulerit,
326 1504 388 1572 erit
401 1503 546 1591 legitime
560 1502 728 1594 impedita.
747 1530 764 1567 s

143 1608 291 1677 Puncrcrr
306 1610 346 1677 ll.
364 1647 408 1662 -
425 1609 586 1693 Quisnam
600 1609 642 1677 sit
661 1609 809 1701 defossor
823 1612 1031 1681 matrimonii
1048 1613 1081 1680 in
1101 1616 1241 1685 secunda

98 1717 271 1798 instantes,
290 1729 385 1784 cetra
400 1720 561 1787 ftomam?
575 1756 619 1769 -
636 1722 667 1784 1.
683 1716 719 1786 Si
733 1716 835 1808 judex
858 1719 1009 1787 secundae
1024 1720 1184 1793 instantiae
1200 1726 1241 1791 sit

96 1822 380 1913 Metropolitanus,
389 1822 593 1892 veanntius
602 1822 822 1913 Apostolicus,
837 1823 889 1891 rel
900 1823 1077 1915 Episcopus
1090 1826 1239 1914 vicinior,

96 1930 301 1999 matrimonii
321 1929 471 1997 defensor
493 1929 590 1999 debet
612 1953 682 1998 esse
704 1929 758 1996 ille
778 1927 864 1997 idern
883 1952 980 2021 quern
1002 1931 1058 1998 isti
1076 1930 1242 2003 Ordinarii

95 2036 298 2129 deputarunt
314 2064 322 2105 ε
339 2040 366 2104 si
381 2060 498 2129 nempe
510 2036 613 2128 judex
626 2037 777 2107 oecundae
793 2036 956 2105 instantiae
969 2038 1011 2106 sit
1022 2039 1242 2131 Metropolita-

95 2168 175 2230 nus,
196 2146 347 2214 defensor
368 2146 565 2215 matrimonii
581 2146 636 2215 ille
650 2146 724 2232 erit,
747 2168 844 2237 quem
866 2144 952 2212 idem
974 2146 1242 2239 Metropolitanus

94 2275 158 2343 pro
173 2276 234 2321 sua
254 2252 382 2323 diocesi
403 2253 570 2322 constituit
588 2280 595 2319 ε
613 2254 641 2321 si
654 2253 835 2345 Episcopus
851 2252 1000 2341 vicinior,
1017 2254 1071 2322 ille
1092 2256 1243 2327 defensor

94 2360 299 2427 matrimonii
310 2362 384 2445 erit,
401 2382 498 2450 quem
513 2359 601 2428 idem
616 2360 796 2451 Episcopus
812 2360 977 2427 constituit
993 2360 1028 2427 in
1049 2383 1108 2429 sua
1120 2364 1241 2454 pariter

94 2466 230 2536 dioecesi
247 2492 255 2533 ε
273 2467 301 2534 si
314 2488 393 2535 vero
406 2467 548 2535 Nuntius
569 2466 775 2557 Apostolicus
791 2468 834 2555 (et
855 2466 940 2535 idem
956 2490 975 2533 a
990 2467 1116 2537 fortiori
1130 2469 1242 2538 dicen-

93 2573 180 2641 dum
198 2572 239 2641 de
262 2570 383 2663 Legato
401 2572 614 2663 Apostolico),
635 2572 691 2641 ille
714 2572 915 2641 matrimonii
935 2572 1138 2644 defensorem
1153 2586 1238 2665 aget,

93 2682 154 2773 qui
168 2680 209 2748 ad
229 2680 265 2749 id
279 2680 376 2749 officii
392 2679 491 2749 fucrit
505 2681 548 2748 ab
568 2680 680 2749 eodem
703 2680 826 2750 Nuntio
847 2678 899 2748 vel
920 2680 1040 2771 legato
1056 2682 1240 2775 deputatus,

92 2788 204 2880 quoad
220 2789 386 2878 regionem
400 2788 434 2855 in
447 2810 513 2879 qua
523 2786 785 2878 jurisdictionem
799 2787 956 2857 obtinent.

139 2900 173 2962 2.
186 2894 223 2965 Si
235 2896 337 2988 judex
348 2893 499 2963 secundus
511 2895 674 2962 instantiae
689 2894 888 2963 ordinariam
898 2894 1158 2987 jurisdictionem
1175 2922 1241 2969 non

90 3003 226 3090 habeat,
251 3002 306 3070 sed
333 3004 375 3069 sit
390 3001 561 3070 dumtaxat
580 3001 833 3088 commissarius,
855 3003 907 3070 cui
932 3000 1031 3071 Sedes
1055 3006 1240 3095 Apostoliea

90 3108 335 3177 terminandam
348 3130 478 3176 causam
492 3107 715 3193 demandavit,
733 3106 882 3177 defensor
897 3110 1098 3178 matrimonii
1111 3114 1174 3180 erit
1186 3115 1239 3184 ille

89 3218 195 3300 idem,
217 3216 276 3307 qui
291 3216 484 3283 constitutus
505 3215 608 3283 estab
629 3214 803 3283 Ordinatio
822 3215 980 3302 dioeoesis,
1005 3217 1040 3283 in
1060 3240 1126 3309 qua
1143 3242 1239 3289 causa

90 3321 246 3392 secundae
260 3322 422 3390 instantiae
434 3321 609 3412 judicanda
624 3332 682 3389 est.
699 3322 750 3389 En
766 3322 984 3393 Benedictinae
998 3326 1239 3398 constitutionis

88 3431 194 3499 verba
217 3456 224 3496 :
251 3455 270 3495 r
289 3428 326 3498 Si
345 3428 448 3519 juder
469 3430 504 3495 in
530 3428 672 3496 secunda
692 3428 846 3496 instantia
871 3428 933 3497 fuit
956 3429 1236 3523 Metropolitanus,

93 3567 112 3603 α
136 3545 195 3606 aut
209 3537 302 3605 Sedis
318 3537 511 3626 Apostolieae
524 3535 552 3603 N
556 3535 678 3621 nntius,
693 3545 750 3603 aut
762 3535 942 3628 Episcopus
955 3537 1104 3627 vicinior,
1123 3543 1236 3610 matri-

93 3675 112 3713 a
137 3644 242 3714 monii
261 3644 412 3712 defensor
430 3644 483 3729 sit,
509 3644 567 3733 qui
585 3641 627 3709 ab
650 3642 730 3733 ipsis
746 3642 845 3710 fuerit
869 3642 1053 3734 deputatuS,
1077 3650 1236 3737 quemad-

92 3780 111 3820 «
137 3753 272 3821 modum
286 3751 365 3842 ipsis
383 3750 539 3840 deputare
561 3748 766 3834 mandamus,
791 3758 827 3817 ut
848 3772 922 3841 quae
936 3774 956 3817 a
971 3752 1065 3821 nohis
1086 3758 1236 3847 superius

91 3888 110 3925 a
134 3860 311 3927 constituta
331 3868 409 3925 sunt
430 3878 584 3946 peragere
607 3856 718 3946 possit.
744 3856 781 3923 Si
799 3864 907 3924 autem
921 3857 1024 3949 judex
1040 3859 1075 3927 in
1093 3865 1235 3935 secunda

91 3998 111 4033 ι
134 3965 358 4034 instantiacrit
364 3962 466 4055 judex
476 3962 731 4048 commissarius,
741 3962 920 4032 ouiaScde
930 3965 1118 4057 Apostolica
1129 3992 1236 4042 causas

91 4102 110 4139 r
134 4073 277 4162 cognitio
287 4069 480 4139 demandata
491 4070 545 4155 sit,
558 4078 591 4137 et
603 4070 660 4160 qui
671 4069 816 4137 tribunal
829 4079 860 4138 et
870 4069 1130 4161 jurisdictionem
1142 4078 1234 4146 ordi-

90 4211 110 4248 «
136 4180 260 4248 nariam
277 4200 342 4245 non
354 4177 481 4262 habeat,
494 4186 526 4245 et
540 4186 709 4267 propterea
721 4184 827 4245 careat
840 4176 1007 4247 defensore
1019 4182 1232 4273 matrimonii,

92 4316 112 4359 r
136 4288 292 4357 volamus
307 4294 343 4353 nt
360 4284 417 4353 illo
432 4283 600 4351 defensore
616 4283 816 4350 matrimonii
832 4293 951 4371 utatur,
968 4286 1026 4375 qui
1042 4291 1235 4365 constitutus
