3050 4984
533 452 609 501 rans
631 452 776 500 secuml.
1161 434 1222 498 339

87 578 231 659 soiuuio,
253 577 380 646 licitatm
399 588 445 645 est
467 578 628 669 Episcopo
652 575 803 643 omittere
825 572 926 642 ctiam
947 575 1168 664 somtolitotes
1189 576 1225 645 in

88 685 267 754 summario
277 683 405 775 judicio
421 684 625 753 neccuosios.
643 719 688 735 -
702 682 788 750 Nam
802 703 843 749 ex
860 682 957 749 modo
983 683 1138 772 probatis,
1160 706 1226 751 non

88 800 213 861 tenetur
225 792 417 882 Episcopus,
433 790 512 859 dum
533 790 646 879 vigore
663 788 779 879 eapitis
794 787 893 878 primi
909 789 1062 857 sessionis
1079 793 1118 857 ll
1146 790 1228 858 Tri·

89 898 228 967 dentinae
243 897 361 989 synodi
375 896 530 988 procedit,
548 918 604 964 reo
620 917 719 987 quem
736 894 906 985 suspendit
930 916 1061 965 cansam
1088 918 1227 987 suspen-

89 1004 187 1072 sionis
203 1004 424 1077 manilestare;
447 1026 526 1093 ergo
544 1026 564 1071 a
578 1002 704 1071 fortiori
720 1023 786 1069 uon
801 1007 930 1069 tenetur
943 1000 1010 1069 litis
1021 1003 1229 1072 contestatio-

88 1133 161 1179 nem
185 1112 366 1197 admittere,
395 1133 454 1179 nec
481 1132 538 1179 reo
562 1132 630 1177 sese
653 1107 849 1177 defendendi
875 1108 1002 1198 copiam
1027 1108 1144 1194 famae,
1167 1132 1228 1178 nec

88 1218 194 1307 ipsum
208 1220 324 1304 citare;
341 1240 415 1309 qnae
429 1216 539 1286 omnia
551 1217 585 1285 in
600 1215 724 1307 judicio
737 1214 1025 1283 etiamnummario
1034 1216 1156 1307 requiri
1169 1240 1226 1285 su-

88 1346 146 1415 pra
170 1325 233 1393 tuit
258 1326 442 1417 probatum.
460 1324 548 1413 Ergo
572 1322 708 1391 clericus
723 1344 764 1391 ex
780 1321 955 1390 informata
974 1323 1170 1392 conscientia
1185 1324 1227 1391 ab

88 1430 246 1522 Episcopo
270 1452 330 1499 suo
355 1452 545 1521 suspensus,
572 1430 713 1497 inaniter
737 1427 903 1518 objiceret,
928 1450 962 1497 se
977 1450 1037 1496 nec
1050 1430 1226 1516 monitum,

88 1560 145 1609 uec
155 1538 305 1607 auditum
321 1536 438 1617 fuisse;
456 1536 507 1605 vel
523 1536 658 1604 omissas
675 1534 775 1603 luisse
801 1534 973 1625 cujuslibet
985 1535 1112 1627 judicii,
1130 1538 1228 1606 etiam

89 1645 270 1730 summarii,
287 1644 513 1713 substantiales
536 1652 568 1711 et
591 1666 610 1710 a
632 1643 708 1734 jure
729 1642 902 1733 requisitas
925 1642 1144 1712 formalitates.
1162 1643 1227 1713 Sed

88 1752 121 1817 in
146 1774 223 1821 casu
250 1752 382 1842 injustae
409 1750 642 1841 suspensionis,
669 1750 766 1817 unica
790 1750 819 1815 ei
835 1756 922 1838 potet
943 1750 984 1817 ad
1009 1751 1228 1841 repellendam

87 1859 244 1948 injurium
269 1860 335 1941 via,
352 1878 504 1925 recursus
530 1878 648 1946 nempe
677 1856 719 1923 ad
734 1854 852 1923 Sedem
868 1855 1098 1946 Apostolieaur.
1116 1856 1229 1949 Neque

87 1964 229 2033 clamitet
243 1966 459 2035 exorbitarea
477 1964 551 2054 jure
573 1962 711 2031 naturali
728 1970 848 2029 tantam
874 1962 1087 2031 Praelatorum
1103 1965 1137 2031 in
1150 1966 1229 2034 sul>-

87 2070 172 2139 ditos
186 2080 388 2162 potestatem,
404 2092 540 2161 eamque
555 2077 664 2160 utpote
680 2068 899 2159 tyrannicam,
917 2090 977 2160 pro
987 2070 1085 2137 noxia
1097 2082 1129 2137 et
1145 2073 1231 2140 mala

86 2200 154 2244 esse
170 2177 370 2264 hahendam3
399 2179 477 2269 quia
492 2186 569 2245 tunc
591 2176 796 2243 damnatione
812 2176 846 2241 in
861 2175 952 2243 hulla
964 2177 1138 2245 Auctorem
1150 2178 1233 2267 fidei

86 2294 202 2351 contra
217 2282 411 2351 Pistoriense
424 2281 673 2351 conciliabulum
686 2282 751 2349 lata
760 2289 847 2350 certo
863 2281 1059 2352 involvetur.
1078 2284 1119 2351 Et
1133 2292 1230 2355 caste-

87 2393 221 2481 roquin,
238 2391 267 2457 si
282 2391 362 2457 bene
377 2388 555 2480 perpendat
570 2388 747 2457 indicatum
765 2410 916 2457 recursus
929 2388 970 2456 ad
984 2388 1107 2480 Papam
1120 2412 1229 2460 reme-

86 2496 196 2581 dium,
223 2496 395 2587 perspiciet
420 2517 459 2563 eo
488 2493 684 2563 sufficienter
710 2495 819 2562 maeri
845 2516 1061 2587 quecumque
1087 2498 1122 2566 iu
1143 2496 1231 2567 dicta

85 2604 326 2695 Episcoporum
340 2611 495 2694 potestate
520 2601 588 2692 juri
613 2602 753 2671 naturali
775 2604 937 2673 contrarie
958 2603 1063 2672 videri
1087 2614 1228 2697 possent.

85 2712 170 2779 Cum
185 2711 288 2796 enim,
306 2710 390 2777 tacto
403 2730 551 2794 recursu,
567 2717 713 2777 teneatur
727 2708 905 2803 Episcopus
917 2710 1054 2780 Summo
1065 2712 1230 2802 Pontifici,

84 2840 142 2887 seu
159 2817 386 2887 Cardinalium
403 2814 654 2905 Congregationi
669 2816 710 2883 ud
726 2816 787 2885 hoc
801 2839 822 2884 a
834 2816 924 2906 Papa
937 2817 1112 2908 depututae,
1127 2819 1232 2889 ratio·

85 2946 142 2993 nes
174 2924 398 3015 suspensionis
429 2922 600 3007 deducere,
628 2944 739 2991 coram
770 2923 831 2993 hoe
866 2924 1021 2992 tribunali
1059 2936 1234 2996 recurrunt

85 3034 212 3119 omnia,
231 3054 306 3124 quae
321 3031 361 3098 ad
378 3030 560 3120 legitimum
572 3028 733 3120 judicium
750 3032 932 3099 necessaria
944 3054 985 3099 ex
998 3032 1073 3121 jure
1091 3034 1233 3104 naturali

84 3140 223 3229 probari
240 3146 388 3229 possunt.

130 3248 321 3316 Peoaosrrro
350 3244 452 3312 Vlllt.
481 3282 525 3295 —-
539 3248 579 3311 ln
593 3244 759 3311 sententiis
774 3266 815 3311 ec
829 3244 1011 3335 informato
1025 3248 1229 3332 conscientia,

79 3362 192 3436 potest
205 3352 399 3433 Episcopus,
415 3352 445 3413 st
464 3352 553 3427 vetit,
575 3350 793 3431 formalitates
811 3350 977 3415 ordinarit
988 3352 1041 3415 oet
1057 3358 1236 3419 summaria·

83 3462 216 3542 judicii
227 3478 268 3523 en
285 3466 350 3521 toto
367 3458 421 3521 vet
432 3475 473 3520 cu
479 3466 574 3539 purte
588 3456 753 3534 adnitere,
768 3458 867 3521 modo
880 3459 915 3520 tn
924 3458 1062 3538 suenda
1075 3465 1234 3526 sententia

83 3570 267 3651 exprimat,
298 3583 331 3628 se
358 3582 456 3645 opere
482 3564 594 3645 otpore
619 3566 735 3645 cupitis
766 3571 781 3627 l
812 3566 961 3627 sessionis
987 3571 1025 3628 tt
1055 3566 1235 3631 Tridentini

83 3675 229 3744 concilii.
247 3711 292 3725 —
309 3672 393 3741 Nam
409 3671 581 3739 concilium
597 3670 838 3756 Tridentinum,
856 3672 938 3739 siout
955 3671 1150 3764 Episcopum
1167 3697 1233 3743 non

81 3783 265 3869 adstringit
289 3780 331 3847 ud
343 3778 513 3869 judiciales
537 3778 763 3865 formalitates,
781 3779 826 3846 ita
850 3800 909 3845 nec
928 3794 987 3847 'eas
1015 3781 1157 3859 inhibet;
1174 3784 1232 3851 sed

82 3892 165 3958 dicit
183 3888 318 3956 firmam
335 3886 405 3954 tore
420 3887 627 3971 seutentiam,
644 3883 886 3974 quomodolibet
900 3908 974 3953 eam
989 3887 1111 3969 tulerit,
1130 3890 1231 3958 etium

82 3994 431 4086 estro-judicialium·
446 4015 521 4085 quae
548 4008 643 4060 voces
658 4002 847 4082 supponunt
872 4016 964 4084 posse
987 3997 1084 4062 etiam
1107 3996 1233 4086 aliquas

83 4109 136 4173 vel
154 4125 274 4171 ornnes
286 4102 401 4191 judicii
417 4102 541 4167 formas
555 4100 713 4167 adhiberi.
732 4100 773 4166 Et
787 4101 827 4167 de
841 4103 1007 4168 sententiis
1022 4104 1233 4192 quomodoli-

84 4216 134 4283 tu
153 4210 306 4307 prolatis,
320 4232 357 4276 ae
369 4216 600 4299 consequenter
617 4207 657 4273 de
669 4208 836 4274 sententiis
848 4209 946 4274 etiam
956 4219 1027 4299 post
1043 4210 1163 4281 tornius
1175 4214 1232 4307 ju.
