3050 4984
292 460 354 525 tto
666 483 841 528 suessanus
863 482 902 527 na
924 482 1057 528 tantan.

294 628 311 667 a
335 603 457 671 frustra
471 603 652 695 appelletur
670 604 752 695 (lege
766 606 808 672 Si
822 605 998 697 expressim
1015 608 1067 689 19,
1084 612 1117 673 et
1129 605 1201 695 lege
1213 608 1268 673 Ea
1281 626 1431 673 comana

295 735 311 773 a
336 713 390 796 23,
417 709 452 777 ff.
479 709 519 779 de
534 711 835 803 Appellationibus‚·
859 712 931 801 lege
944 710 1037 780 lllod
1052 714 1084 799 1,
1098 720 1131 779 et
1155 711 1380 805 sequentibus,
1396 710 1428 778 d.

295 844 312 883 a
337 819 419 899 Oura
432 820 592 887 sententio
603 819 672 887 siue
680 818 901 910 appellatione
911 818 1067 901 rasciad.,·
1084 818 1156 906 lege
1165 822 1288 887 Latum
1301 828 1336 885 et
1349 840 1429 909 seq,

294 950 310 988 a
333 948 361 991 e.
381 924 517 1007 Quando
530 947 708 1015 prouocare
729 948 793 993 nou
807 938 854 993 cst
869 926 1025 1015 neccsse);
1044 926 1144 1015 idque
1170 947 1212 993 ex
1233 924 1359 1015 duplici
1381 948 1432 993 ra-

295 1058 311 1097 a
334 1032 420 1099 tione
443 1060 450 1099 :
474 1056 542 1100 ano
560 1041 619 1118 est,
635 1031 714 1123 quia
730 1032 899 1124 partulam
922 1033 1115 1101 seutentiam
1131 1032 1230 1100 laesus
1245 1032 1431 1100 remedium

294 1165 311 1205 a
335 1138 541 1208 ordinarium
562 1139 603 1208 ad
624 1163 742 1208 manus
767 1140 875 1224 habet,
893 1139 1041 1209 videlicet
1065 1140 1232 1231 pianelam
1257 1141 1430 1219 rrrrllitatis,

293 1273 309 1311 «
332 1270 433 1337 quam
448 1270 559 1316 coram
571 1247 680 1338 judice
696 1270 717 1314 o
733 1271 797 1339 qno
812 1270 992 1339 proponere
1008 1256 1110 1339 potest
1128 1275 1135 1315 :
1153 1248 1271 1328 altaro,
1287 1248 1366 1338 qnia
1377 1270 1432 1338 ap-

295 1380 311 1419 a
335 1354 464 1445 pallatio
478 1356 670 1423 senteutiam
687 1356 778 1447 prins
792 1356 892 1424 latam
918 1355 1100 1446 suspendit,
1119 1366 1150 1423 et
1165 1354 1206 1423 ad
1220 1378 1295 1423 eam
1309 1355 1433 1423 rescin-

295 1486 311 1525 α
335 1459 474 1528 dandam
491 1461 612 1547 tendit;
627 1460 715 1551 quod
732 1470 841 1530 antem
856 1462 987 1529 nullum
1003 1471 1062 1548 est,
1078 1460 1234 1551 suspendi
1249 1468 1282 1527 et
1296 1460 1434 1529 rescindi

294 1594 312 1633 ι(
334 1590 400 1637 non
416 1576 531 1659 potest.
549 1567 672 1637 Addidi
691 1570 817 1637 notorie
832 1570 942 1651 irrito,
959 1592 1037 1639 nam
1053 1570 1088 1637 in
1102 1569 1202 1639 dubio
1218 1568 1257 1636 de
1272 1568 1432 1652 nullitate,

294 1700 311 1739 a
333 1674 522 1743 alternative
547 1676 612 1767 peti
626 1685 744 1767 potest,
761 1683 799 1744 nt
812 1676 971 1743 sententia
993 1675 1175 1744 declaretur
1189 1674 1294 1761 nulla,
1319 1674 1370 1743 vel
1396 1675 1434 1763 (si

296 1808 313 1845 (ι
335 1781 443 1849 valida
461 1782 513 1871 sit)
532 1781 725 1871 corrigatur.
745 1808 761 1847 a
784 1781 1101 1871 (Schmclzgrueber,
1121 1782 1157 1850 iu
1179 1782 1228 1848 tit.
1249 1784 1304 1868 28,
1322 1781 1433 1849 librit
1495 1851 1497 1904 f

293 1888 434 1976 Deerat,
450 1910 483 1956 n.
503 1890 570 1979 17.)
1495 1909 1497 1966 t

334 1996 380 2062 De
396 1996 528 2087 querela
543 1997 700 2065 nullitatis
716 1996 789 2065 vide
804 1996 933 2088 plenius
950 2004 1121 2065 tractatum
1131 1995 1218 2063 infra
1233 1993 1387 2084 (sectione
1402 2000 1435 2081 5,
1495 2083 1496 2088 ἵ

290 2102 392 2194 capite
414 2106 447 2189 2,
472 2104 492 2193 §
521 2102 565 2193 1).
583 2104 632 2171 lbi
657 2103 854 2194 expenditur
868 2104 1006 2195 questio
1026 2126 1069 2171 un
1083 2101 1217 2194 quarela
1231 2101 1272 2169 de
1287 2100 1435 2169 nullitate
1495 2099 1497 2182 l

291 2209 456 2277 sententia
472 2208 592 2279 deferri
605 2210 718 2301 possit,
733 2232 800 2277 non
815 2219 943 2277 tantum
964 2209 1004 2277 ad
1023 2208 1170 2300 judicem
1191 2208 1435 2299 appellationis,
1495 2193 1496 2280 i

291 2316 347 2384 sed
363 2316 516 2384 etiamad
531 2318 711 2407 ipsummet
722 2315 880 2408 judicem,
898 2316 956 2407 qui
969 2318 1164 2385 sententiam
1174 2315 1303 2383 nnllam
1318 2323 1436 2405 protn—
1495 2283 1497 2330 t

289 2422 336 2489 lit.
357 2422 572 2493 Concluditur
587 2433 711 2511 antem,
739 2424 780 2492 oh
805 2424 992 2513 generalem
1015 2445 1089 2514 quae
1116 2421 1320 2512 lfflndudum
1347 2421 1436 2489 (Μ’

289 2530 361 2597 nuit
389 2532 670 2619 consuetudinem,
703 2529 949 2623 proponendam
979 2553 1048 2598 esse
1076 2527 1246 2621 quarelam
1276 2528 1436 2597 nullitatis
1495 2559 1496 2630 p

289 2658 400 2705 eoram
411 2639 519 2729 judice
533 2638 758 2729 appellationis
771 2638 956 2723 dumtaxat,
973 2660 1039 2705 non
1049 2646 1160 2704 autem
1171 2658 1281 2703 coram
1293 2635 1362 2722 illo,
1376 2636 1436 2727 qui
1495 2641 1496 2728 l

289 2744 420 2812 nulliter
433 2745 606 2837 judicarit;
626 2745 779 2837 quamvis
793 2745 890 2837 paulo
909 2744 1109 2836 antiquiores
1128 2743 1317 2823 canonista,
1345 2765 1435 2810 com-

290 2852 431 2918 maniter
457 2851 657 2919 contrarium
682 2852 825 2932 tradant,
851 2859 973 2918 attento
997 2852 1073 2940 jure
1098 2850 1292 2935 communi,
1318 2872 1435 2941 nempe
1495 2861 1496 2938 j

290 2957 427 3049 proponi
443 2958 543 3026 etiam
559 2980 652 3050 posse
677 2958 842 3049 querelam
859 2958 898 3024 de
914 2956 1061 3025 nullitate
1076 2954 1244 3024 sententiae
1259 2978 1371 3025 coram
1380 2956 1435 3046 ju·
1495 2983 1496 3024 3

291 3062 360 3131 dice
374 3062 551 3151 ordinaria,
569 3064 627 3155 qni
642 3065 835 3132 sententiam
853 3064 938 3132 tulit.

334 3170 475 3253 ansrro
503 3177 548 3240 3³.
563 3210 608 3225 -
629 3176 678 3241 An
694 3171 791 3241 detur
810 3171 989 3264 appellatio
1005 3195 1026 3238 a
1051 3170 1300 3261 pronominibus
1323 3184 1436 3239 catra-

285 3278 492 3367 judieioliter
513 3280 626 3360 illotis,
643 3292 673 3347 at
695 3279 866 3371 quoduam
890 3278 1039 3347 tribunal
1057 3279 1099 3346 sit
1124 3290 1201 3346 tunc
1221 3276 1436 3347 adeundam?
1495 3287 1496 3290 ’

289 3424 332 3437 -
345 3385 418 3455 lam
433 3408 533 3478 snpra
550 3388 582 3478 (ᾗ
599 3390 613 3453 1
631 3386 731 3477 hujus
746 3386 872 3477 eapitis)
884 3386 1115 3454 adnotavimus
1128 3385 1310 3476 improprie
1321 3385 1434 3475 appel-

286 3492 442 3561 lationem
453 3493 528 3580 diei,
544 3516 618 3585 quae
631 3496 668 3560 fit
681 3494 722 3561 ab
734 3493 1043 3584 aliqnogravaminc
1053 3501 1146 3561 exne
1154 3492 1315 3583 judicium
1324 3490 1434 3570 illato;

291 3609 322 3667 et
335 3600 453 3668 rectius
466 3601 574 3669 vocari
588 3600 849 3691 provocationem
865 3599 905 3667 nd
920 3622 1065 3667 cansam.
1079 3598 1143 3668 Sed
1153 3622 1362 3690 quocumque
1375 3624 1436 3669 no·
1495 3637 1496 3640 ¹

292 3708 379 3776 mine
394 3716 539 3793 vocetur,
557 3708 668 3795 magni
683 3708 816 3775 interest
832 3708 927 3793 seire,
944 3729 987 3775 an
1006 3706 1169 3797 ejusmodi
1187 3707 1436 3799 appellationem

289 3814 442 3883 concedat
460 3814 515 3905 jus
537 3814 740 3882 canonicum.
759 3815 849 3881 Dum
873 3822 985 3882 autem
1007 3814 1128 3882 dicitur
1141 3836 1213 3883 eam
1230 3835 1344 3881 revera
1356 3836 1436 3882 con·

290 3922 361 3989 cedi
380 3922 548 4013 (utstatim
574 3920 692 3988 dicturi
717 3921 843 4009 sumus)
862 3942 976 3987 sensns
1003 3942 1067 3988 non
1093 3920 1227 3989 estdari
1242 3919 1437 4011 appellatio·
1495 3905 1496 3914 ἵ

290 4052 367 4097 nem
383 4030 424 4097 ab
440 4028 594 4097 omnibus
619 4027 751 4095 omnino
774 4027 899 4095 actibus
919 4027 1250 4118 extra-judicialibus,
1277 4028 1338 4095 hoc
1363 4028 1436 4119 ipsa

292 4136 378 4227 quod
393 4134 673 4226 extra-judiciales
693 4133 780 4202 sint:
797 4145 874 4203 sunt
889 4134 977 4203 enim
1001 4142 1097 4201 certae
1122 4136 1267 4203 materia
1285 4136 1333 4224 (nt
1347 4135 1435 4203 inira

292 4243 519 4334 ostendimus),
543 4242 576 4311 in
593 4240 712 4337 quibus
728 4265 786 4310 nee
799 4240 978 4335 judicialis,
1002 4262 1059 4309 nec
1084 4240 1357 4335 extra-judicialis
1373 4264 1434 4335 ep·
1495 4267 1496 4270 ¹
