3050 4984
303 467 364 533 mn
675 485 853 534 rracrsms
876 487 915 533 nr
936 487 1069 534 marcus.

296 612 419 674 uictum
443 615 474 671 et
499 608 691 690 consessum)
719 608 758 673 de
786 610 932 689 crimine,
962 609 1002 673 od
1028 607 1120 692 quod
1139 607 1206 690 suit
1225 615 1442 691 proeeasatcu,

296 735 412 798 nempe
426 716 469 797 (et
482 715 527 778 ibi
539 714 738 780 describatur
761 715 941 798 delictum);
953 716 1091 797 proinde
1109 715 1256 780 incidisse
1277 716 1313 779 in
1328 733 1444 797 poenas

298 824 381 888 latos
397 824 431 887 in
444 823 545 886 sacris
564 823 741 888 canonibus
762 823 825 905 (vel
847 825 882 886 in
900 825 1018 888 nostris
1035 823 1223 889 dioecesanis
1242 824 1443 887 constitutio

297 932 403 1014 nibus)
430 939 542 995 contra
567 929 757 1012 huiusmodi
779 931 1008 1014 delinquentes.
1040 931 1128 1013 Quia
1153 949 1229 996 uero
1252 929 1362 995 dictus
1390 932 1443 1008 dl,

295 1038 408 1102 solinu
431 1046 477 1102 est
495 1037 681 1120 delinquere
708 1039 742 1101 in
766 1037 828 1102 dac
847 1040 951 1122 specie
978 1039 1097 1118 delicti,
1115 1039 1156 1103 de
1176 1056 1243 1122 qua
1268 1039 1357 1102 aiios
1383 1041 1446 1119 fuit

297 1145 527 1210 condemnatus
543 1144 622 1224 (sive
642 1145 845 1228 exprimatur
858 1145 920 1209 alia
933 1163 974 1210 ax
986 1147 1103 1225 oausis,
1119 1147 1160 1210 ab
1179 1164 1260 1229 quas
1279 1145 1444 1210 ordinaria

295 1271 391 1336 poena
405 1251 518 1334 augeri
533 1251 670 1332 debeat),
687 1251 759 1316 ideo
774 1251 896 1317 dictam
905 1272 1040 1336 poenam
1052 1271 1119 1318 esre
1132 1251 1321 1336 auqendam
1337 1253 1444 1316 deeiu-

296 1379 421 1425 ramus.
443 1358 585 1425 Proinde
610 1357 863 1423 condemnamus
887 1377 962 1424 eum
991 1360 1073 1424 ad...
1092 1360 1140 1441 (Si
1164 1377 1241 1425 vero
1259 1359 1374 1441 potius
1393 1359 1445 1422 mi·

296 1469 426 1533 nuanda
440 1465 492 1546 sit,
506 1467 658 1548 ponatur)
674 1488 681 1528 :
701 1466 789 1547 Quia
802 1485 879 1531 vero
897 1515 958 1532 .....
971 1471 1013 1546 (et
1026 1468 1071 1532 ibi
1083 1467 1286 1550 exprimatur
1304 1467 1445 1531 circum-

297 1576 424 1655 stantia,
439 1593 512 1658 quae
527 1592 630 1658 poenae
651 1574 911 1639 immunitionem
925 1575 1093 1657 postulat);
1106 1574 1178 1639 ideo
1193 1576 1444 1658 temperandm

298 1701 372 1748 cum
398 1682 452 1747 illo
473 1683 660 1767 aliqualiter
680 1700 787 1764 poenae
804 1683 948 1764 riqorem
966 1682 1182 1747 declaramus.
1203 1683 1351 1748 Proinde
1374 1701 1444 1748 aon-

297 1792 488 1856 demnamus
502 1809 577 1855 eum
591 1789 672 1854 ad...
696 1790 748 1854 Ita
769 1789 828 1855 troc
849 1799 880 1854 et
896 1792 988 1857 omui
1002 1792 1132 1856 meliori
1198 1791 1390 1874 (etreliqua
1411 1797 1443 1854 ut

298 1899 420 1982 supra).
436 1923 451 1959 ι

744 2114 887 2185 CAPUT
911 2116 983 2187 LV.

362 2319 466 2367 FORMA
491 2319 667 2366 sanandum
689 2318 849 2384 FERENDAE,
863 2318 987 2373 QUANDO
1010 2319 1196 2366 raoctamwtt
1219 2321 1277 2365 PER
1301 2321 1384 2367 Vlss

594 2435 792 2482 nxcnrrlonts
816 2435 937 2482 CONTRA
960 2435 1144 2482 saturanum.

340 2671 354 2708 u
370 2649 409 2713 In
425 2648 555 2712 nomine
626 2647 677 2728 (ut
691 2664 790 2729 supra
807 2647 911 2728 capita
933 2649 996 2728 ii),
1013 2647 1151 2711 dicimus
1167 2647 1350 2729 probatum
1370 2665 1442 2710 con-

296 2756 460 2821 eludenter
481 2771 649 2819 remanere
675 2773 696 2816 a
723 2754 855 2817 domino
887 2755 942 2832 N.,
971 2763 1149 2838 receptore,
1174 2753 1443 2836 impedimentum

295 2864 497 2943 canonicum,
515 2870 648 2946 propter
669 2861 760 2944 quod
778 2863 894 2924 imtitit
919 2861 1092 2925 dominum
1113 2861 1156 2929 Ν.
1178 2861 1292 2944 repelli
1307 2862 1353 2926 ab
1374 2863 1444 2926 eier-

297 2974 381 3035 tione
404 2970 451 3035 ad
463 2972 653 3054 diqnitatem
669 2969 748 3049 (sive
761 2969 920 3048 osticium3
937 2975 968 3033 et
989 2969 1033 3032 ibi
1050 2971 1253 3052 exprimatur
1265 2968 1322 3033 itta
1336 2971 1442 3051 digni-

295 3085 345 3142 tas
365 3078 415 3143 vet
433 3078 511 3141 illud
531 3078 689 3156 osticium3
711 3077 775 3158 vet)
792 3086 928 3160 propter
947 3077 1038 3159 quod
1059 3078 1175 3141 institit
1193 3077 1369 3142 dominum
1391 3079 1443 3153 N„

296 3185 409 3269 repelli
420 3185 693 3265 aconfirmatione
706 3186 740 3248 in
755 3183 917 3266 diqnitate
984 3184 1065 3264 (sivo
1078 3185 1113 3247 in
1126 3183 1231 3248 officio
1244 3186 1313 3266 ...);
1329 3203 1443 3266 nempe
1495 3266 1496 3269 Ἴ

295 3291 385 3375 quod
401 3292 504 3355 dictus
518 3291 669 3356 dominus
690 3291 746 3370 N„
771 3299 884 3354 contra
902 3309 998 3373 quem
1014 3293 1184 3373 proposita
1208 3292 1275 3372 fuit
1299 3293 1444 3375 exceptio
1495 3274 1496 3297 ¹

293 3403 335 3479 (et
353 3401 397 3463 ibi
420 3399 622 3481 exprimatur
644 3401 769 3464 iactum
794 3399 980 3481 probatum,
1002 3416 1044 3461 ex
1064 3417 1128 3480 quo
1147 3401 1294 3482 sequitur
1310 3418 1382 3464 non
1398 3401 1445 3464 de
1495 3418 1496 3421 ’

295 3507 371 3571 bore
393 3506 465 3570 flori
492 3507 677 3571 electionum
702 3511 760 3569 aut
787 3505 1094 3584 confirmationem);
1123 3524 1165 3569 er
1190 3524 1267 3589 quo,
1296 3507 1349 3572 aa
1371 3527 1442 3571 nor·
1494 3542 1495 3553 κ

295 3634 386 3678 mam
406 3633 575 3678 sacrorum
596 3632 770 3703 curionum,
791 3613 945 3677 dominus
962 3613 1003 3677 N.
1024 3613 1174 3677 redditur
1194 3613 1385 3696 ineliqibilis
1405 3614 1447 3678 ad

292 3723 502 3787 ecclesiastica
518 3721 669 3801 beneficia
683 3721 744 3800 (vel
758 3721 798 3784 ad
814 3721 997 3802 dignitates,
1015 3721 1064 3785 val
1078 3721 1118 3785 ad
1132 3721 1322 3804 praelaturas
1347 3723 1442 3788 accio

294 3831 459 3911 siastioas).
476 3830 652 3911 Propterea
670 3828 875 3893 declaramus
892 3846 958 3892 uon
970 3847 1065 3909 posse
1086 3848 1162 3893 eum
1176 3830 1255 3912 eiiqi
1265 3829 1313 3894 ad
1334 3831 1440 3913 diqni·

293 3947 392 4002 tatem
480 3939 524 4017 (et
543 3935 589 3998 ibi
609 3936 812 4018 exprimatur
830 3936 974 4017 dignitas
994 3937 1035 4000 de
1056 3956 1122 4020 qua
1143 3938 1256 4018 agitur
1278 3939 1360 4003 :vel
1380 3956 1441 4001 non

291 4064 383 4127 posse
397 4044 582 4108 confirmari
602 4043 636 4106 in
659 4044 817 4124 dignitato
834 4090 894 4107 .....
918 4043 946 4107 si
969 4049 1089 4125 agatur
1109 4044 1149 4108 do
1166 4046 1439 4124 confirmatione);

293 4161 324 4217 et
341 4155 371 4215 si
384 4152 533 4235 eliqatur,
550 4151 734 4216 eiectionem
745 4153 818 4233 sore
836 4152 905 4233 ipso
919 4155 1001 4234 jure
1019 4152 1165 4232 nullam;
1179 4160 1210 4215 et
1223 4154 1270 4216 sic
1290 4153 1440 4237 etiqenres

290 4279 352 4346 pro
367 4259 428 4323 dac
445 4261 513 4324 uice
531 4261 592 4342 juo
616 4257 757 4341 eiiqendi
775 4259 843 4340 ipso
858 4261 947 4343 sacto
967 4276 1032 4323 esee
1051 4262 1231 4324 amissuros
1245 4261 1438 4346 pronuntia·
