3050 4984
296 524 358 592 lit
666 544 842 592 rmcrsrus
864 544 903 589 on
925 544 1057 591 moruus.

298 694 316 733 tt
339 667 451 759 sequis
464 667 658 758 conjugalis,
675 668 718 735 ab
729 666 830 735 altero
847 667 909 736 sibi
923 666 1107 736 exhibendo
1128 692 1135 733 ε
1153 672 1186 735 2⁰
1202 666 1334 759 quando
1348 690 1436 737 uxor

298 802 314 842 c
338 775 470 866 proprie
496 774 691 843 authoritate
710 774 894 843 discessito
919 774 1052 861 morito;
1085 772 1142 842 sed
1166 773 1242 843 facti
1272 775 1436 867 pmnitens

297 910 314 947 r
337 880 378 950 ud
392 882 485 950 illum
508 880 615 949 redire
640 881 728 967 vult3
747 903 822 949 nom
850 881 879 949 si
894 882 939 949 itu
967 889 1181 951 revertentem
1203 883 1341 951 moritus
1365 906 1434 951 non

295 1014 313 1053 <r
336 987 481 1077 recipiet,
497 986 651 1078 spoliasse
663 986 753 1055 illum
777 986 981 1073 censebitur;
998 1008 1036 1054 eo
1050 985 1137 1077 quod
1164 985 1254 1054 nulle
1269 988 1434 1055 temeritas

296 1122 314 1162 u
335 1104 393 1163 sut
418 1094 513 1186 culpo
525 1094 674 1185 conjugis
701 1095 847 1185 (excepto
861 1093 1031 1183 adulterio)
1048 1115 1107 1185 per
1121 1114 1155 1161 se
1170 1092 1292 1162 directe
1307 1103 1340 1161 et
1355 1116 1433 1185 per-

296 1227 313 1267 u
335 1210 433 1293 petuo
456 1199 590 1289 deroget
600 1200 670 1291 juri
692 1200 921 1269 matrimoniali
951 1226 959 1267 :
987 1202 1020 1267 3ο
1047 1199 1179 1293 quando
1193 1222 1279 1271 uxor
1294 1201 1434 1293 expulsu

294 1337 312 1375 r
335 1307 466 1401 quidem
481 1316 529 1375 est
546 1331 567 1376 o
584 1307 713 1392 merito,
730 1306 786 1376 sed
806 1307 847 1375 nb
873 1307 934 1376 hoe
958 1316 1067 1397 postes
1082 1317 1262 1393 revocatur,
1280 1320 1433 1377 revocata

293 1444 311 1481 r
333 1424 443 1485 sutem
456 1414 563 1484 redire
577 1436 645 1483 non
661 1414 742 1483 vult.
761 1440 779 1479 n
798 1412 1114 1503 (Schmolzgruebem
1129 1416 1163 1483 in
1177 1415 1226 1483 tit.
1247 1419 1302 1503 tc,
1317 1415 1394 1484 libri
1410 1420 1429 1483 2

290 1525 432 1609 liceret,
449 1545 484 1592 n.
504 1526 574 1609 57.)

331 1632 475 1715 Qumrro
490 1634 538 1697 2⁸.
555 1630 654 1697 -Si
667 1628 810 1697 meritus
822 1650 959 1697 uxorem
974 1628 1146 1721 ecprderit,
1163 1641 1195 1697 ct
1206 1643 1322 1718 postea
1338 1652 1429 1699 reuo-

287 1753 354 1821 cct;
369 1739 437 1807 dec
452 1750 563 1805 cutem
577 1735 682 1804 redire
695 1736 797 1819 nclit,·
814 1748 844 1803 et
858 1736 1100 1828 marituspctat
1115 1758 1147 1805 se
1160 1737 1290 1805 retitui
1304 1737 1340 1806 in
1350 1760 1429 1829 pos·

287 1844 422 1913 sessione
446 1844 558 1912 uxoris
571 1865 658 1926 sum
672 1866 717 1910 cn
736 1842 847 1934 judee
862 1843 1092 1911 ecclesiasticus
1106 1844 1220 1912 debeat
1235 1845 1319 1913 darec
1332 1846 1429 1913 resti-

287 1953 449 2021 tutionem
477 1950 662 2019 decemere?
696 1988 741 2003 -
771 1950 1047 2041 Respondendum
1075 1951 1289 2039 affirmative,
1321 1962 1353 2020 et
1380 1963 1428 2022 est

285 2057 468 2127 communis
482 2057 651 2126 doctorum
674 2058 842 2125 sententio.
865 2056 960 2148 (Vide
975 2057 1277 2148 Schmalzgrueber,
1295 2059 1367 2128 loco
1380 2061 1426 2128 ci·

286 2174 365 2251 toto,
381 2188 414 2232 n.
435 2165 502 2255 ts.)
517 2164 674 2246 Quemvis
686 2164 775 2232 enim
791 2164 825 2231 in
839 2164 911 2233 aliis
927 2164 1080 2251 materiis,
1098 2165 1153 2234 ille
1168 2166 1224 2257 qui
1246 2188 1317 2234 rem
1333 2190 1426 2235 susm

285 2270 430 2363 expellit,
446 2271 556 2339 animo
568 2271 738 2340 emittendi
752 2272 901 2363 ejusdem
927 2272 974 2340 rei
992 2273 1239 2363 possessionem,
1256 2295 1329 2341 enm
1352 2296 1427 2365 pos—

285 2380 460 2448 sessionem
475 2400 589 2447 revers
605 2378 744 2464 emittet,
763 2378 857 2447 aliter
871 2386 981 2447 tomen
1006 2378 1109 2447 currit
1126 2378 1233 2472 quoad
1258 2382 1425 2450 matrimo-

284 2484 390 2551 nium.
418 2483 580 2550 Possessio
603 2504 719 2574 nempe
734 2484 898 2574 reciproce
913 2483 1089 2575 conjugum
1112 2492 1262 2553 naturam
1277 2485 1426 2577 sequitur

283 2592 452 2681 ipsiusmet
468 2588 665 2657 matrimonii
678 2610 720 2655 ex
736 2611 802 2680 quo
815 2588 888 2656 fluit
907 2616 914 2656 :
931 2590 1177 2659 matrimonium
1193 2600 1302 2660 eutem
1313 2594 1426 2684 nequit

281 2720 323 2766 ex
337 2696 405 2765 solo
420 2715 579 2762 consensu
594 2691 736 2772 destrui3
752 2703 785 2762 et
800 2694 876 2761 hinc
886 2704 934 2763 est
947 2693 1035 2786 quod
1045 2718 1150 2786 neque
1165 2696 1251 2764 dicte
1262 2698 1425 2788 posseseio

282 2827 323 2873 ex
339 2802 395 2870 teli
410 2822 568 2870 consensu
583 2800 750 2869 omittetur
769 2830 776 2867 ι
795 2802 882 2870 unde
895 2804 1048 2895 quemvis
1065 2803 1200 2871 maritus
1214 2825 1354 2873 uxorem
1365 2828 1425 2873 ex·
1512 2840 1513 2867 r

282 2912 404 3005 pellens
429 2908 591 2977 renuntiet
618 2909 814 2999 possessioni
839 2930 914 2999 quae
941 2910 1001 2999 ipsi
1031 2911 1195 3001 competit,
1216 2932 1288 2979 eum
1316 2920 1424 2979 tumen

281 3042 347 3088 non
361 3016 497 3103 amittit;
526 3038 563 3083 ac
578 3014 714 3105 proinde
729 3014 861 3106 qnando
877 3024 988 3107 postea
1003 3038 1141 3085 uxorem
1159 3040 1328 3103 revocans,
1347 3041 1425 3110 pos-

281 3127 361 3195 tulat
385 3123 509 3192 restitui
529 3123 564 3188 in
591 3122 806 3213 possessione,
826 3144 891 3191 non
914 3124 994 3213 petit
1008 3124 1097 3215 quod
1118 3125 1239 3211 omisit,
1256 3124 1313 3193 sed
1335 3127 1424 3216 quod
1511 3164 1512 3219 p

282 3254 379 3300 suum
394 3238 451 3299 est.
475 3228 569 3311 Quod
592 3238 700 3297 autem
716 3226 863 3297 diximus
876 3226 916 3296 de
933 3229 1052 3300 morito
1072 3230 1254 3323 expellente
1268 3240 1299 3299 et
1313 3240 1424 3323 postes

281 3344 451 3409 revocante
467 3358 617 3422 uxorem,
635 3334 719 3403 idem
744 3335 920 3405 dicendum
946 3346 994 3406 est
1013 3337 1052 3405 de
1077 3360 1180 3406 uxore
1196 3338 1378 3430 expellente
1392 3348 1423 3407 et

279 3454 390 3537 posteo
405 3452 574 3513 revocante
590 3442 759 3528 moritum,
774 3464 850 3513 eum
865 3444 989 3535 aequnle
1011 3444 1053 3512 sit
1077 3445 1132 3535 jus
1153 3444 1327 3537 utriusque
1342 3468 1423 3515 con-
1510 3518 1511 3523 ,

295 3574 380 3642 ugus.

278 3579 292 3645 J
322 3658 465 3742 qusrro
482 3660 527 3724 3¹.
545 3656 645 3723 -Si
667 3656 751 3724 ulter
773 3658 956 3748 conjupum
971 3671 1089 3726 temere
1099 3656 1246 3749 sopiens,
1264 3671 1296 3725 et
1305 3672 1421 3750 postea

277 3766 414 3847 rediens,
431 3765 473 3832 cd
487 3762 591 3830 altero
607 3785 673 3830 nou
687 3763 878 3854 recipiatur,
898 3778 928 3831 et
938 3777 1035 3857 petat
1053 3764 1260 3855 judicialiter
1273 3788 1306 3833 sc
1328 3768 1422 3834 resti-

277 3874 330 3942 tui
344 3873 379 3940 in
403 3868 596 3962 possessione
610 3869 778 3960 conjuqis;
794 3892 838 3938 cn
855 3869 970 3939 debeat
980 3870 1089 3961 juder
1102 3870 1332 3940 ecclesiasticen
1347 3896 1420 3941 eum

278 3979 517 4048 restitutionem
531 3974 723 4043 decernere?
735 4014 779 4029 -
791 3977 1066 4068 Respondendum
1083 3978 1298 4065 affirmative5
1324 3990 1420 4072 etque

181 4083 185 4090 ’
276 4088 311 4155 id
333 4082 549 4154 communiter
573 4089 683 4150 tenent
709 4082 867 4173 doctores,
892 4086 934 4152 ob
959 4085 1101 4154 rationes
1129 4085 1190 4153 sub
1221 4087 1417 4177 precedenti

276 4192 457 4286 questione
470 4188 644 4280 expositas,
665 4212 741 4281 quse
757 4191 791 4258 in
808 4192 958 4281 praesenti
973 4214 1048 4261 cesu
1065 4193 1199 4263 omnino
1214 4192 1416 4287 applicundre

278 4300 425 4368 redeunt.
