3050 4984
525 500 600 546 rens
622 500 766 546 securos.
1150 480 1208 544 301

70 648 87 685 u
112 622 248 691 emundi
266 636 297 691 et
312 620 402 691 tertii
415 624 541 714 perieris
555 622 659 706 fectis,
676 632 713 689 ut
728 622 858 691 notorie
872 624 952 689 fient
967 623 1003 689 in
1023 642 1142 712 genere
1157 622 1217 689 de·

70 756 88 793 n
113 728 195 815 licti‚
220 752 347 798 necesse
362 740 409 797 est
433 741 468 798 ut
482 730 616 799 notoriae
632 729 696 797 sint
717 730 981 815 circumstantiae,
1003 752 1143 819 querum
1157 728 1219 796 ud·

71 862 89 899 e
113 836 275 905 miniculo
286 846 436 905 staturam
451 838 522 905 brec
537 837 620 905 fecte
635 845 775 920 mutent,
790 845 822 903 et
836 836 920 904 melu
934 835 1130 905 efficiuntur.
1148 836 1218 905 Ne-

72 970 89 1007 o
114 944 162 1009 tio
185 944 357 1034 utriusque
377 953 438 1031 est,
453 945 531 1035 quie
554 943 675 1011 fectum
695 940 897 1034 ponderatur
918 942 1097 1011 secundum
1121 954 1218 1011 netu-

73 1076 91 1114 u
117 1072 190 1117 rem
205 1073 311 1136 suam,
328 1059 358 1119 et
376 1050 437 1119 tale
453 1050 664 1142 praesumitur
679 1049 774 1142 quale
788 1072 808 1116 o
822 1060 940 1117 nutura
952 1072 1011 1116 sue
1026 1057 1085 1117 est.
1105 1076 1122 1113 r

117 1164 150 1225 4.
172 1186 190 1223 o
205 1156 306 1225 Debet
324 1165 470 1226 constare
484 1157 580 1225 etium
605 1154 644 1223 de
666 1157 737 1247 ipso
757 1156 960 1224 notorietete.
983 1156 1066 1224 Nem
1096 1157 1132 1225 in
1157 1159 1218 1228 hoc

75 1294 91 1331 e
116 1266 275 1335 tundetur
297 1287 467 1357 processus
489 1264 523 1332 in
550 1288 646 1333 cause
668 1265 789 1333 notorii
816 1292 824 1331 :
849 1275 1082 1355 consequenter
1102 1272 1216 1352 testes,

75 1402 92 1439 e
115 1373 240 1465 quibus
256 1373 419 1441 notorium
434 1372 556 1441 crimen
573 1372 741 1462 probetur,
758 1372 919 1463 deponere
934 1394 1000 1439 uon
1018 1379 1146 1440 tantum
1161 1374 1220 1441 dc-

75 1506 92 1543 «
116 1479 196 1547 bent
218 1479 256 1547 de
279 1478 350 1568 ipso
370 1478 518 1565 crimine,
539 1476 595 1545 sed
616 1480 712 1545 etiem
728 1478 769 1545 de
790 1478 978 1545 notorietste
998 1477 1114 1569 ipsius;
1131 1480 1219 1569 quod

76 1612 92 1649 e
116 1585 240 1653 scilicet
253 1594 411 1676 presente
426 1594 457 1651 ct
470 1584 665 1675 inspectante
678 1583 812 1675 populo,
830 1582 882 1651 vel
893 1582 1017 1672 majore
1031 1584 1120 1652 iliius
1129 1595 1218 1675 perte

76 1720 92 1758 n
116 1694 159 1759 sit
179 1699 412 1783 perpetratum.
436 1690 472 1759 lu
492 1713 557 1781 que
573 1690 761 1781 probatione
780 1701 872 1758 ceute
891 1691 1026 1758 omniuo
1046 1691 1218 1781 procedere

77 1798 219 1889 «judex
245 1798 356 1885 debet,
378 1820 436 1865 nec
460 1798 568 1865 statim
591 1796 720 1865 credere
740 1797 959 1865 asserentibus
978 1796 1132 1866 delictum
1151 1822 1220 1866 esse

77 1934 94 1971 o
117 1906 284 1974 notorium
295 1932 304 1992 ;
321 1928 396 1973 cum
413 1904 539 1973 notorie
555 1903 705 1971 dicentur
724 1904 838 1987 multu,
855 1926 930 1995 quoe
949 1926 1014 1971 uon
1033 1913 1109 1971 snut
1129 1906 1216 1973 talia.

78 2040 95 2077 n
117 2013 196 2081 Ideo
220 2013 384 2081 honestius
403 2011 569 2101 tutiusque
591 2018 677 2099 eget,
699 2010 726 2077 si
746 2020 1046 2102 quantumcumque
1066 2012 1218 2081 delictum

78 2120 270 2189 «videatur
297 2141 366 2187 esse
396 2118 580 2205 notorium,
605 2140 702 2211 super
729 2117 801 2207 ejus
828 2117 1014 2185 notorietete
1046 2119 1221 2211 recipieto

79 2256 96 2293 u
120 2226 241 2295 vicinis
261 2226 476 2317 depositiones
493 2226 635 2310 testium,
658 2232 816 2317 quotquot
831 2224 944 2293 baberi
959 2225 1129 2294 commodo
1148 2250 1222 2317 pos·

79 2360 96 2399 c
119 2344 198 2403 sunt
218 2358 225 2397 :
249 2334 315 2402 imo
330 2356 397 2401 non
411 2330 504 2400 facile
524 2331 650 2399 omittet
665 2331 769 2423 ipsam
787 2331 885 2397 etiem
905 2331 1090 2399 citationem
1105 2342 1136 2399 et
1151 2356 1221 2401 mo—

80 2470 96 2505 u
120 2441 279 2510 nitiouem
295 2441 360 2525 rei;
383 2448 418 2507 ut
440 2442 484 2505 ite
502 2437 665 2506 reliberet
687 2438 812 2529 (judex)
827 2461 847 2505 e
863 2438 1005 2529 periculo
1026 2445 1142 2528 poene,
1167 2442 1220 2507 cui

80 2548 213 2632 «alias,
237 2547 382 2638 deposito
408 2544 524 2631 officio,
549 2544 631 2613 foret
653 2545 833 2629 obnoxius,
860 2545 889 2611 si
908 2543 1080 2635 judiciario
1106 2545 1220 2615 ordine

81 2678 187 2723 enon
214 2654 401 2739 observato,
431 2652 472 2719 ed
499 2652 800 2719 condemnationem
831 2659 863 2717 et
891 2651 1112 2719 executionem
1143 2675 1219 2743 pro·
1258 2684 1263 2691 ·

82 2790 98 2829 tt
120 2761 226 2830 cessit.
249 2788 265 2825 >r

599 3006 619 3097 ς
643 3006 700 3075 iv.

80 3184 142 3241 Quid
158 3186 244 3236 iecere
264 3184 344 3251 possit
362 3190 405 3235 out
418 3185 511 3235 debent
525 3183 605 3249 jrrder
619 3184 809 3235 ecclesiasticus
823 3182 849 3233 in
863 3184 906 3233 itlu
921 3184 1017 3234 notorii
1031 3186 1128 3249 specie,
1144 3200 1220 3250 quum

250 3274 380 3325 constituit
394 3273 564 3339 deprehensio
580 3274 754 3337 delinquentis
769 3273 796 3322 in
813 3273 929 3337 tlugrenti
945 3272 1048 3323 delicto.

130 3538 145 3573 α
168 3511 230 3579 Vel
245 3532 320 3578 reus
334 3508 492 3599 delinquit
505 3508 540 3574 in
554 3516 727 3597 conspectu
740 3506 843 3597 ipsius
853 3506 973 3596 judicis
989 3530 1048 3598 pro
1066 3510 1221 3579 tribunuii

86 3645 104 3681 n
125 3616 275 3703 sedentis,
290 3624 346 3684 eut
359 3616 438 3682 elias
454 3612 711 3705 jurisdictionem
729 3614 927 3698 exercentis3
946 3614 996 3681 vel
1013 3638 1033 3681 a
1049 3617 1218 3704 ministris,

86 3750 102 3785 u
126 3725 291 3793 autetiam
305 3724 346 3790 ab
362 3722 445 3807 aliie,
463 3722 507 3788 ite
522 3729 670 3812 repertus
685 3719 816 3788 ducitur
831 3720 872 3787 ed
885 3720 1040 3810 judicem.

130 3858 146 3897 o
168 3832 206 3899 Si
218 3832 380 3921 primum,
398 3828 438 3895 sd
455 3827 658 3919 punitionem
682 3827 782 3912 illius,
805 3836 957 3918 tanquam
980 3830 1097 3897 notorii
1117 3829 1223 3898 delin-

88 3962 105 4001 «
126 3940 252 4028 quentis
266 3937 438 4028 procedere
447 3934 550 4026 judex
564 3933 677 4001 ordine
690 3933 775 4023 juris
787 3956 852 4001 non
866 3934 1035 4003 observato
1044 3944 1164 4026 potest3
1177 3939 1222 4006 ite

90 4068 107 4107 c
128 4053 162 4111 ut
176 4066 234 4111 nec
246 4066 410 4135 processu,
428 4064 486 4108 nec
502 4041 690 4131 probatione
705 4063 788 4130 opus
801 4041 842 4107 sit
858 4068 866 4107 :
884 4042 963 4131 quia
978 4052 1123 4133 aspectus
1132 4044 1222 4133 judi·

90 4152 172 4219 ocis
198 4150 322 4219 inducit
346 4150 408 4241 ipsi
430 4148 615 4217 evidentem
642 4146 865 4240 probationem
892 4149 999 4239 quoad
1027 4148 1222 4219 decisionem

90 4282 107 4321 e
130 4278 232 4325 conse
251 4258 332 4349 (lege
352 4255 481 4325 Eadem
498 4260 531 4341 2,
548 4252 626 4322 tide
646 4252 768 4335 reete·
783 4253 910 4342 -lege
929 4254 970 4321 si
987 4256 1221 4348 implicarit,
