3050 4984
477 551 483 563 -
555 524 629 572 runs
652 524 797 572 secunus.
1178 503 1239 567 355

102 646 192 740 quod
224 648 436 739 privationem
464 648 629 715 fruetuum
655 646 805 715 beneficii
833 666 941 713 secum
969 666 1033 713 nou
1062 644 1171 711 trabit.
1193 643 1244 710 En

104 756 211 847 ipsius
226 755 351 825 verbs:

154 861 296 930 alnnixi
312 861 387 931 huic
400 862 566 931 sententie
587 859 681 929 dictes
703 860 812 930 Sacrae
831 858 1100 951 congregationis
1118 859 1246 951 (nempe

106 995 127 1034 o
150 969 238 1060 quod
259 970 358 1060 possit
378 969 557 1060 Episcopus
579 990 620 1036 ex
640 967 817 1036 informate
838 966 1032 1036 conscientie
1051 966 1247 1057 suspendere

109 1102 127 1141 α
150 1099 170 1143 e
191 1076 347 1167 susceptis
371 1075 556 1161 ordinibus,
582 1073 861 1165 dignitatibusque
879 1083 911 1142 et
930 1072 1100 1163 gradibus,
1121 1095 1247 1141 necnon

107 1208 127 1247 s
150 1182 358 1271 bonoribus),
374 1182 485 1273 plures
503 1182 599 1249 etiem
625 1180 865 1267 existimarunt,
883 1198 976 1271 posse
990 1178 1187 1271 Episcopum
1207 1201 1248 1247 ex

107 1314 127 1353 a
149 1288 324 1359 informata
348 1288 542 1357 conscientie
569 1286 768 1379 suspendere
791 1310 812 1355 s
832 1284 990 1355 benefimo
1015 1312 1023 1353 :
1047 1285 1146 1378 idque
1172 1286 1250 1376 quia

107 1422 126 1459 ι
150 1396 209 1464 obi
223 1397 332 1484 agitur
342 1395 382 1463 de
398 1395 609 1486 suspensione
624 1394 666 1462 ab
681 1393 837 1462 exercitio
849 1393 974 1462 ordinis
989 1394 1140 1484 suscepti,
1157 1393 1249 1461 vide-

107 1528 127 1568 «
150 1512 206 1571 tur
225 1502 323 1570 simul
342 1502 397 1591 agi
413 1500 454 1571 de
474 1502 685 1593 suspensione
708 1524 727 1569 s
749 1498 918 1586 beneficio,
939 1507 976 1569 ut
998 1522 1067 1591 prs
1090 1499 1252 1569 referunt

108 1636 127 1673 s
151 1610 247 1677 cerda
260 1608 329 1695 illa,
346 1609 477 1699 estqui
489 1632 510 1675 o
525 1609 594 1676 suis
603 1607 783 1690 ordinibus,
796 1629 851 1675 seu
864 1605 1030 1699 prodicus,
1044 1606 1097 1674 vel
1108 1604 1252 1696 dipmto-

110 1744 128 1783 e
150 1718 237 1785 tiburs
252 1715 471 1785 ecclesiasticis
488 1716 592 1805 suerit
606 1736 785 1807 suspensus.

156 1850 173 1887 a
188 1824 309 1893 Contru
318 1822 374 1889 alii
384 1823 419 1889 in
431 1831 554 1891 essunt
563 1822 728 1913 opinione,
739 1830 776 1891 ut
785 1821 966 1913 Episcopus
1026 1844 1065 1889 ex
1077 1820 1251 1889 informata

109 1958 127 1995 a
151 1930 347 1999 couscientia
357 1928 554 2021 suspendere
566 1952 624 1997 nec
633 1928 791 1997 valestab
802 1929 957 1997 exercitio
968 1928 1116 1997 beneficii
1130 1928 1251 2021 (confer

109 2064 127 2103 a
152 2038 226 2107 Vsu
241 2038 432 2129 Espenium‚
450 2035 489 2104 de
507 2037 666 2117 Coenus,
683 2058 753 2126 cep.
771 2039 825 2116 103
839 2036 1015 2123 Altaserre,
1030 2036 1144 2106 eodem
1160 2042 1246 2103 trec-

110 2172 128 2210 «
152 2152 235 2231 tatu,
250 2166 284 2211 n.
303 2148 335 2231 2,
351 2142 475 2235 disput.
496 2146 550 2229 ll,
567 2166 638 2234 esp.
659 2142 703 2231 l).

157 2279 175 2317 ι
195 2252 240 2319 At
261 2251 346 2319 dicta
366 2250 581 2340 Congregetio
601 2250 756 2318 sustinuit
775 2251 1032 2341 suspensionem,
1054 2273 1152 2342 qnam
1172 2250 1251 2343 Epi-

110 2385 128 2425 α
153 2380 270 2448 scopus
290 2380 331 2425 ex
348 2357 524 2425 iulormsts
537 2356 732 2425 conscientie
747 2354 911 2425 inflixerat
930 2357 971 2425 sb
990 2357 1143 2426 exercitio
1162 2379 1251 2426 curse

110 2490 129 2529 s
157 2465 203 2555 (in
218 2463 413 2553 Sagonensi,
430 2467 471 2529 25
486 2462 573 2555 junii
590 2461 731 2553 1625)...

156 2569 309 2639 «Adhuc
325 2570 468 2639 decisum
490 2568 578 2637 baud
599 2579 658 2657 est,
681 2590 723 2637 en
747 2569 924 2661 Episcopus
942 2570 1138 2661 suspendere
1156 2579 1252 2662 queat

109 2704 128 2743 c
153 2700 194 2745 ex
207 2678 380 2747 informata
395 2678 591 2745 conscientie
605 2700 624 2745 e
639 2676 813 2765 benefici03
831 2676 887 2745 sed
903 2677 1008 2746 solnm
1025 2677 1168 2747 decisum
1188 2687 1248 2763 est,

111 2810 129 2849 a
154 2806 247 2876 posse
269 2785 466 2875 suspendere
486 2806 527 2851 er
548 2783 724 2852 informate
744 2784 940 2852 conscientie
959 2784 999 2853 eb
1017 2784 1172 2853 exercitio
1192 2785 1250 2853 be-

111 2917 130 2957 c
155 2891 277 2977 neficii;
302 2915 376 2983 qum
397 2891 566 2982 suspensio
587 2890 811 2982 pertulisset,
836 2913 895 2959 nee
915 2890 1074 2960 fructibus
1093 2892 1246 2985 privat.»

111 2998 282 3089 (Ferraris,
309 3020 387 3067 voce
415 2998 601 3088 Susperuio,
633 2997 770 3067 srticulo
796 3001 826 3084 l,
851 3020 989 3066 numero
1012 3002 1028 3066 8
1053 3006 1083 3067 et
1112 3022 1249 3091 sequen-

107 3104 224 3195 tibus.)

155 3210 218 3279 Sed
234 3234 339 3303 neque
356 3212 453 3298 mihi,
470 3212 578 3281 Secrae
591 3211 861 3301 Congregetionis
881 3211 1016 3281 Consilii
1037 3212 1248 3282 resolutiones

107 3316 284 3403 evolventi,
307 3319 484 3410 quidquem
506 3320 648 3387 occurrit
669 3341 710 3387 ex
732 3341 797 3410 quo
817 3321 962 3409 rigorose
985 3341 1045 3410 pro
1065 3321 1115 3388 vel
1136 3330 1248 3390 contre

107 3425 220 3493 dirimi
242 3426 380 3517 questio
399 3427 514 3493 velent.
536 3426 621 3494 Hinc
640 3448 838 3517 supponens,
855 3449 929 3495 cum
951 3426 1088 3518 praefato
1106 3427 1248 3497 Ferrarii

107 3542 309 3621 annotatore,
336 3554 404 3601 rem
431 3533 576 3601 nondum
599 3533 697 3601 luisse
721 3555 872 3625 expresse
890 3534 1042 3621 decisam,
1062 3535 1142 3625 quid
1167 3558 1247 3626 pro-

106 3638 250 3708 bsbilins
260 3638 411 3708 videatur
424 3662 463 3708 ex
479 3648 569 3708 textu
586 3640 656 3730 ipso
669 3639 869 3707 Tridentium
881 3639 1010 3731 synodi,
1026 3642 1247 3731 generslibus-

107 3768 174 3839 que
184 3746 268 3837 juris
284 3747 465 3838 principiis,
482 3770 542 3839 pro
561 3768 654 3839 posse
668 3746 854 3815 enucleabo.

156 3854 196 3921 ll.
213 3854 346 3922 Duabus
365 3854 544 3922 rationibus
560 3860 666 3945 posset
685 3854 758 3944 quis
778 3852 936 3945 Episcopo
950 3855 1115 3924 vindicare
1129 3854 1247 3925 dictem

106 3968 299 4053 potestatem
320 3982 362 4029 er
384 3961 558 4029 informata
577 3960 770 4028 couscientia
788 3982 808 4028 a
825 3961 981 4030 beneficio
1000 3963 1244 4054 suspendendi:

106 4068 217 4160 primo
233 4067 363 4154 scilicet,
385 4068 462 4159 quis
480 4075 567 4135 certo
589 4073 693 4158 potest
715 4066 893 4159 Episcopus
912 4090 953 4136 ex
971 4068 1146 4139 informate
1168 4096 1248 4141 con-

108 4174 244 4244 scientia
263 4174 459 4265 suspendere
478 4172 519 4241 sb
542 4172 661 4259 officio,
685 4181 716 4241 et
735 4176 903 4265 suspensio
925 4176 967 4242 ab
989 4176 1093 4246 officio
1114 4202 1249 4271 suspen-

109 4283 236 4351 sionem
256 4304 276 4349 e
294 4280 450 4351 beneficio
472 4304 579 4350 secum
602 4278 744 4347 traheret
767 4306 774 4346 :
797 4280 951 4369 secundo,
976 4284 1053 4374 quis
1076 4293 1214 4376 potestas
1233 4312 1252 4357 a
