3050 4984
529 447 605 494 snos
626 445 772 494 amusos.
1154 424 1218 491 495

76 589 113 634 n.
132 566 220 658 ibi).
240 565 291 635 Ad
310 589 450 660 quarm
471 589 619 638 normam
637 579 832 658 presentem
855 564 1148 650 accommodantes,
1165 587 1219 633 cs-

77 696 153 741 sum
169 675 399 764 particularem
414 675 652 764 figurabimus;
668 683 706 741 nt
719 674 768 741 sic
784 673 890 762 magis
903 672 1114 740 determinate
1128 692 1218 763 pers·

77 780 217 871 picistur
230 782 396 874 quomodo
409 791 576 852 accusator
587 805 682 851 suum
694 781 841 850 libellum
855 781 1049 848 concinnare
1061 780 1173 871 possit.

122 943 148 1010 Ι.
166 942 203 1012 Si
214 952 381 1012 accusator
395 945 473 1014 boni
487 945 608 1037 publici
625 945 745 1014 intuitu
760 954 899 1031 secusot,
916 941 1058 1012 formula
1068 941 1141 1011 talis
1151 963 1221 1010 esse

78 1049 199 1140 poterit
215 1077 223 1116 :

121 1231 136 1266 c
152 1207 269 1272 Caram
283 1209 458 1274 reverendo
477 1213 600 1274 Ioanne
621 1213 791 1288 Seuerino,
807 1207 1077 1276 deserendissimi
1089 1208 1222 1273 Ambia-
1270 1249 1273 1256 Δ

76 1316 187 1377 nensis
201 1315 357 1398 Episcopi
376 1316 524 1398 qenerali
549 1318 689 1396 Vicario,
703 1325 870 1400 comparet
886 1317 1078 1381 Franciscus
1093 1316 1219 1394 Zelata,

75 1439 145 1484 non
164 1422 238 1485 adia
253 1421 305 1484 uel
321 1425 483 1506 passione,
495 1442 553 1487 nec
574 1427 685 1488 animo
709 1423 945 1498 calumniandi,
961 1422 1021 1486 sed
1036 1427 1129 1505 jcuto
1152 1423 1221 1487 zelo

75 1528 245 1609 reliqionis
272 1528 400 1607 ductus,
426 1538 464 1594 ut
487 1530 634 1595 videlicet
655 1532 773 1596 delicta
804 1535 839 1594 in
866 1548 931 1594 uno
954 1529 1081 1612 publice
1105 1531 1223 1610 punita

76 1634 162 1697 alios
186 1653 207 1698 a
231 1635 445 1718 delinquendo
471 1647 629 1718 terreant;
643 1638 806 1702 et'caram
827 1638 882 1700 illa
903 1646 1032 1701 accusat
1057 1636 1222 1700 Andream

75 1740 121 1803 N.
145 1741 383 1824 presbyterum,
407 1747 441 1806 in
461 1743 620 1826 parocbia
643 1743 686 1808 N.
715 1746 855 1809 ciuitatis
882 1745 923 1806 N.
950 1744 1124 1821 uicarium,
1154 1753 1223 1806 tan-

73 1865 178 1930 quam
197 1849 436 1927 scandalasum,
458 1850 613 1915 haereseos
635 1860 816 1932 suspectum
844 1861 874 1913 et
897 1851 1039 1934 crapula·
1065 1849 1221 1915 deditum.

73 1955 174 2019 Ponit
187 1957 287 2019 etiam
301 1966 470 2020 acmuator
481 1967 513 2021 et
526 1957 603 2022 dicit
617 1977 732 2022 oerum
746 1977 813 2022 esse
828 1979 838 2018 :

119 2085 135 2118 a
157 2069 187 2124 1.
212 2062 310 2142 Quod
327 2062 432 2128 dictus
458 2065 606 2128 Andreas
626 2065 666 2127 N.
689 2074 789 2128 uestes
811 2065 981 2129 saecubtres
1000 2064 1093 2147 apud
1114 2083 1147 2129 se
1169 2065 1224 2129 lta·

76 2170 164 2246 beat,
179 2170 282 2252 iisque
293 2172 427 2234 vestitus
438 2180 536 2236 noctu
549 2171 661 2254 epredi
673 2172 784 2236 soleat.

118 2300 135 2331 «
154 2280 186 2338 2.
212 2273 310 2354 Quod
326 2278 374 2340 sic
393 2279 526 2341 vestitus
545 2280 635 2341 uisus
653 2279 696 2341 sit
721 2278 851 2359 inqredi
875 2279 1010 2343 doenum
1034 2277 1223 2362 puellarum

71 2381 295 2465 perditarum,
319 2402 392 2466 quas
418 2387 474 2449 uia
501 2386 542 2449 N.
573 2404 711 2450 numero
733 2385 765 2446 N
769 2435 774 2445 .
803 2385 951 2449 babitare
978 2394 1171 2465 noscuntur;
1193 2395 1224 2448 et

76 2489 158 2553 item
169 2492 259 2555 uisus
271 2493 316 2556 sit
326 2491 502 2570 multoties,
515 2492 603 2557 dicta
619 2493 716 2556 domo
729 2491 852 2575 eqredi.

122 2619 138 2656 s
152 2602 181 2659 3.
201 2597 300 2677 Quod
310 2597 362 2661 die
376 2603 395 2660 5
409 2600 494 2662 maii
501 2600 671 2680 presentis
684 2600 776 2676 anni,
798 2599 879 2663 dum
899 2599 1053 2664 Ambiani
1071 2602 1105 2663 in
1120 2599 1225 2664 diuer-

74 2705 166 2768 sario
183 2704 224 2767 N.
241 2723 316 2768 cum
334 2704 531 2787 quibusdam
545 2705 769 2786 familiaribus
786 2707 854 2769 suis
867 2706 1051 2788 prandium
1071 2717 1221 2784 sumeret,

74 2811 162 2874 inter
175 2811 243 2874 alia
255 2811 456 2877 sacerdotem
470 2811 656 2876 dedecentia
677 2813 810 2890 dicerit,
826 2831 905 2875 vcra
919 2812 1138 2876 existimanda
1158 2831 1224 2877 non

73 2936 144 2981 esse
171 2918 293 2996 onmia,
321 2936 394 3001 quse
422 2918 547 2982 ultimis
574 2919 700 2983 sareulis
723 2918 862 2983 tradidit
882 2919 1024 2982 Ecclesia
1046 2918 1224 2999 catholicas

73 3025 308 3108 melioremque
328 3027 400 3106 sore
423 3025 631 3107 disciplinam
654 3045 722 3108 qua
745 3026 871 3089 licitum
891 3025 1111 3089 sacerdotibus
1133 3027 1226 3107 ficret

74 3133 339 3196 matrimonium.
1224 3165 1227 3172 ·

122 3245 184 3302 «a.
202 3240 300 3320 Quod
310 3257 394 3324 sape
404 3241 494 3305 cistas
504 3250 550 3305 est
563 3242 683 3307 ebrius.
958 3301 959 3304 ,

124 3369 140 3404 a
165 3353 196 3410 5.
224 3346 324 3426 Quod
352 3347 404 3410 die
427 3354 446 3411 3
471 3351 671 3432 septembris,
696 3358 872 3432 postquam
893 3367 989 3414 mane
1016 3353 1223 3434 qentaculum

76 3462 276 3535 sumpserat,
287 3455 422 3519 missam
436 3455 619 3520 celebravit.

125 3582 142 3620 u
157 3561 213 3625 Aa
223 3579 296 3644 quae
306 3563 341 3625 in
350 3561 477 3643 judicia
492 3563 634 3644 lepitime
650 3563 834 3645 probanda,
853 3565 912 3627 sub
929 3583 1028 3648 paena
1042 3565 1223 3631 calumnia·

78 3667 208 3733 toribus
228 3668 346 3746 debita,
378 3688 411 3732 se
436 3669 530 3751 affut
555 3679 587 3733 et
610 3670 784 3735 subscribit
796 3661 983 3736 'accmaton
1006 3675 1110 3739 Instat
1124 3677 1225 3757 proin

78 3786 120 3840 ut
142 3775 267 3839 libellus
289 3784 472 3858 acceptetur
494 3785 526 3840 et
545 3786 644 3858 prosu
657 3778 749 3859 juris
769 3777 977 3860 procedatur,
999 3791 1225 3864 compertaque

78 3884 221 3946 veritate
249 3885 503 3965 propositorum,
531 3902 607 3947 reus
637 3887 740 3966 juata
760 3885 850 3966 juris
882 3894 1024 3950 tenorem
1051 3890 1221 3970 puniatur.

81 3992 194 4072 Atque
217 3989 276 4052 bac
289 3997 321 4052 et
337 3990 428 4052 canni
446 3989 575 4053 meliori
594 3991 702 4068 moda,
717 3999 775 4054 etc.
796 3993 916 4056 Datum
939 3995 991 4057 die
1054 3997 1172 4060 massis

80 4115 211 4161 anna..
228 4096 418 4161 Francisacs
432 4097 460 4160 Z
462 4097 558 4160 elata.
575 4123 590 4153 »

128 4226 147 4292 u
157 4204 377 4270 Direetorium
387 4203 589 4286 probationis
603 4214 635 4269 et
646 4206 868 4270 denominatio
879 4211 1007 4272 testium
1018 4225 1033 4296 ς
