3050 4984
258 439 319 510 102
629 458 804 506 xascrsrue
826 458 865 504 ue
885 455 1019 504 runicua

258 609 276 648 s
298 603 367 650 esse
380 580 603 666 commissum,
619 578 887 672 etquidematali
901 576 1150 670 delinquente...
1168 576 1268 647 Debet
1283 582 1393 645 tamen

258 714 275 753 s
294 687 396 778 judex
411 688 605 780 inquirendo
621 688 665 755 ita
678 710 712 755 ss
723 708 850 776 gerere,
868 693 903 756 ut
916 686 1008 777 prius
1018 693 1141 757 constet
1155 682 1309 754 delictum
1323 703 1393 756 esse

258 820 276 860 «
299 795 521 878 commissum,
536 816 635 888 quam
649 793 724 885 quis
739 792 923 886 deliquerit.
939 821 957 862 s

807 1083 847 1151 11.

254 1249 381 1314 Quomodo
393 1211 513 1302 citandus
527 1253 564 1302 stt
580 1267 647 1316 reus,
663 1255 688 1304 et
704 1254 729 1304 ει·
745 1252 874 1306 tmusauo
888 1255 941 1304 etot
954 1252 1072 1317 morsum
1086 1265 1144 1304 cvm
1161 1251 1264 1304 testium
1281 1249 1394 1307 somme,

754 1346 895 1384 remissive.

297 1502 374 1570 llaec
387 1501 576 1591 singillatim
586 1502 803 1594 expendimus
818 1505 916 1591 infra,
932 1504 1029 1572 telam
1038 1501 1216 1572 criminalis
1227 1521 1396 1594 processus

256 1608 461 1700 exponendo.

796 1802 852 1870 lll.

291 1971 389 2022 Omissa
405 1971 495 2036 aliquo
512 1975 652 2023 mensorio
669 1973 845 2036 ferosellum,
857 1974 881 2023 ri
896 1985 1128 2036 rcmpraermsnon
1144 1970 1280 2031 reclames,
1292 1969 1332 2019 oet
1343 1971 1369 2018 ri

463 2053 559 2102 crimen
578 2055 603 2102 tn
615 2052 719 2116 Juds'cr'o
735 2054 771 2103 sit
787 2054 926 2116 confessus,
943 2049 1040 2102 oclcltt
1054 2065 1190 2116 processus.

299 2248 413 2333 Quoad
436 2271 547 2318 casum
567 2250 628 2319 Rei
649 2249 804 2319 delictum
827 2247 1023 2335 confitentis,
1047 2269 1200 2339 expresse
1223 2247 1402 2319 declaravit

253 2355 525 2446 BoniieciusVIlI
536 2357 616 2448 (cap.
633 2359 664 2442 1,
675 2357 724 2424 tit.
740 2361 772 2443 1,
782 2356 805 2424 l.
822 2361 854 2442 5,
864 2357 899 2423 in
909 2356 940 2445 6)
953 2353 1061 2422 valere
1071 2377 1271 2447 processum,
1281 2379 1403 2448 quam-

253 2463 305 2529 vis
319 2463 439 2531 omissa
451 2463 549 2531 fuerit
564 2462 731 2554 inquisitio
746 2463 787 2532 de
799 2463 924 2554 praevia
939 2461 1038 2549 fama,
1056 2469 1088 2529 et
1098 2459 1228 2532 traditio
1240 2463 1403 2555 capitulo-

255 2591 342 2636 rum.
360 2567 454 2651 Quod
470 2579 578 2637 autem
594 2567 736 2638 decrevit
749 2567 899 2638 Pontifex
912 2566 1020 2660 quaed
1036 2565 1176 2636 duamm
1191 2568 1321 2637 illarum
1332 2569 1404 2639 for-

257 2674 437 2743 malitatum
463 2675 685 2763 omissionem,
705 2676 746 2744 ad
773 2676 909 2745 omissas
932 2683 1066 2743 caeteras
1088 2697 1200 2743 omnes
1220 2677 1405 2745 extendunt
1515 2730 1516 2735 η

255 2781 674 2869 communitercanonistae,
687 2789 724 2852 ut
739 2783 850 2852 videre
862 2789 909 2849 est
919 2779 1007 2875 apud
1023 2778 1232 2851 Reiffenstuel
1242 2781 1289 2873 (in
1298 2783 1348 2851 tit.
1369 2787 1402 2871 1,

255 2887 314 2954 lib.
334 2891 351 2954 5
371 2886 481 2972 Decr.,
496 2911 529 2955 n.
549 2888 641 2979 214).

299 2997 378 3062 Item
404 2994 577 3064 dicendum
605 2995 643 3064 de
668 3019 744 3065 casu
767 2997 935 3086 praesentis
959 3003 991 3064 et
1013 3019 1078 3064 non
1101 2995 1306 3064 reclamantis
1325 2997 1400 3067 Rei.

255 3101 441 3170 Bonifsciue
459 3103 545 3170 enim
562 3103 717 3190 Octavus,
739 3105 847 3172 valere
870 3112 947 3171 tnnc
966 3125 1151 3195 processum
1167 3103 1323 3189 decernit,
1347 3105 1405 3172 irs-

134 3206 136 3214 ’
250 3208 366 3302 famiae
385 3208 593 3299 inquisitione
608 3211 727 3278 omaso
750 3213 831 3303 (cap.
852 3210 975 3276 retati
990 3208 1109 3299 tituli);
1130 3218 1162 3279 et
1181 3209 1220 3277 de
1236 3211 1308 3278 aliis
1328 3211 1403 3279 ior-

255 3315 435 3382 malitatum
458 3316 687 3407 requisiturum
707 3316 939 3385 omissionibus
959 3339 1025 3385 non
1043 3315 1216 3408 loquitnrq
1231 3319 1285 3386 sed
1302 3317 1402 3386 etiam

255 3421 296 3488 ad
315 3420 393 3488 istas
415 3421 605 3490 decretalem
627 3421 864 3490 extendendam
886 3429 995 3489 tenent
1014 3421 1170 3490 ductores.
1196 3420 1278 3504 Qum
1294 3423 1402 3491 inter-

256 3527 404 3618 pretatio,
428 3549 503 3596 cum
529 3528 653 3597 ratione
677 3527 832 3597 fundetur
858 3536 890 3595 et
912 3527 1105 3618 generaliter
1130 3529 1318 3613 invaluerit,
1340 3553 1402 3622 pro

256 3634 372 3724 regule
386 3633 535 3703 habenda
551 3643 610 3703 est.

798 3833 855 3903 lv.

413 4008 448 4052 Aa
465 4003 490 4051 in
506 4001 614 4066 speciali
631 4003 796 4070 r'nqus'rr'tr'ooc
811 4003 980 4055 denuntiator
995 4007 1077 4070 possit
1092 4020 1144 4057 esse
1160 4006 1241 4056 testis.

298 4197 392 4292 Quod
416 4201 505 4278 testis
527 4223 594 4278 esse
622 4200 721 4297 possit
742 4201 809 4294 ille,
835 4202 892 4302 qui
918 4202 1013 4298 prius
1034 4225 1126 4282 reum
1151 4203 1402 4284 denuntiaverat
