3050 4984
538 520 611 567 raus
635 520 779 567 emortus.
1162 502 1224 567 2¹5

93 638 191 709 dum:
215 640 366 711 admissis
390 649 499 711 autem
524 640 686 733 ejusmodi
700 640 863 734 capitulis,
880 640 1226 714 decerniteurumdem

93 769 143 815 reo
157 750 279 839 petenti
302 748 429 839 copiam
457 747 554 835 tradi,
571 756 603 817 et
624 748 730 817 eidem
748 770 804 817 reo
831 748 1009 817 terminum
1025 749 1169 839 assignat
1185 751 1227 820 ad

93 854 208 923 dandos
217 877 294 923 suos
304 854 504 925 defensorios
517 854 686 935 cuticulam
704 878 787 947 quos
800 864 972 947 postquam
983 856 1086 947 judex
1101 860 1224 951 recepit

92 970 120 1029 ct
133 962 277 1047 admisit,
301 962 445 1032 decernit
472 961 642 1054 publicari,
656 971 687 1031 et
701 962 845 1055 publicat
853 985 1039 1055 processum
1048 964 1113 1033 huc
1125 988 1229 1057 usque

91 1076 263 1159 peractum.
282 1068 317 1138 Si
335 1092 410 1139 vero
427 1069 460 1138 iu
477 1069 561 1161 stylo
576 1069 677 1139 curim
692 1090 760 1139 nou
776 1070 819 1137 sit
836 1078 870 1138 ut
885 1069 965 1139 fiant
980 1070 1127 1162 praedicti
1143 1073 1227 1141 arti-

92 1176 163 1263 culi,
181 1176 288 1245 statim
305 1187 375 1268 post
388 1176 574 1245 absolutum
593 1176 641 1244 rei
654 1198 806 1263 examen,
818 1176 971 1269 judexad
985 1200 1154 1269 processus
1169 1202 1229 1271 pu·

90 1282 289 1353 blicatiouem
306 1306 455 1374 gressum
471 1283 556 1353 fucit.

130 1395 160 1459 2.
180 1391 307 1461 Dicitur
329 1400 439 1460 autern
464 1412 636 1481 processus
656 1392 828 1482 offeruimus
841 1400 908 1460 tota
920 1413 958 1459 ea
970 1414 1045 1484 pars
1060 1414 1228 1484 processus

87 1498 273 1585 criminalis,
289 1521 363 1591 ques
380 1498 533 1590 praecedit
550 1497 714 1567 decretum
727 1498 861 1591 judicis,
878 1521 944 1591 quo
958 1521 1014 1568 reo
1029 1502 1155 1591 copiam
1168 1524 1223 1569 ac·

91 1615 195 1675 torum
210 1604 368 1695 concedit,
387 1614 422 1673 ut
436 1628 504 1675 sese
519 1605 693 1675 defendere
709 1604 823 1697 possit.
842 1605 882 1675 Et
898 1614 1032 1676 vocatur
1047 1607 1226 1699 ofsensivus,

90 1712 162 1802 quia
176 1710 239 1781 buc
255 1733 359 1803 usque
375 1714 489 1781 omnia
503 1720 707 1803 peraguntur
718 1721 948 1799 coutrareum,
961 1712 1003 1781 ad
1012 1713 1229 1803 detegendum

90 1841 201 1909 nempe
215 1818 318 1911 ipsius
333 1818 508 1899 delictum;
526 1829 557 1889 et
580 1818 730 1888 nondum
746 1818 788 1887 cd
810 1840 880 1889 sese
902 1818 1142 1889 defendendum
1166 1819 1229 1888 ad-

91 1923 206 1993 missus
217 1932 276 1993 est.

131 2038 159 2100 3.
178 2032 230 2101 Fit
245 2040 353 2101 summ
364 2032 561 2124 publicatio,
584 2030 722 2123 legendo
738 2040 837 2101 totam
853 2032 968 2103 seriem
985 2056 1152 2123 processus
1167 2035 1231 2103 huc

89 2163 186 2232 usquc
201 2140 314 2209 habiti.
337 2168 353 2205 u
368 2139 507 2209 Rutulus
522 2139 700 2227 examinis,
717 2162 777 2208 seu
788 2139 874 2209 dicta
887 2148 919 2208 ct
933 2142 1151 2211 attestationes
1165 2151 1231 2210 tes-

92 2274 106 2312 s
127 2248 209 2317 tium
226 2247 452 2339 praeleguutur
468 2256 500 2316 et
514 2247 733 2338 publicantur.
752 2248 820 2316 Hac
833 2247 1049 2340 publicatione
1061 2248 1156 2337 fucta,
1173 2273 1230 2339 pe-

92 2382 105 2417 e
129 2362 200 2423 tunt
215 2362 323 2447 partes
336 2354 464 2444 copiam
549 2376 654 2445 neque
672 2354 732 2423 hoc
747 2353 812 2422 illis
825 2377 844 2422 a
856 2353 966 2445 judice
983 2356 1097 2445 negari
1112 2364 1226 2446 potest.

92 2461 304 2551 «originalis
325 2471 437 2531 eutem
453 2462 615 2553 scriptura
642 2470 764 2549 manet,
798 2462 851 2529 vel
876 2461 963 2552 apud
990 2462 1149 2555 judicem,
1176 2465 1229 2532 vel

92 2596 106 2633 e
129 2568 228 2663 (quod
245 2569 349 2659 magis
375 2568 473 2637 habet
488 2568 690 2637 consuetudo
717 2575 748 2636 et
758 2567 828 2660 juri
842 2568 1043 2638 conformius
1068 2572 1126 2661 est)
1142 2570 1229 2662 apud

92 2703 106 2741 s
128 2676 310 2756 notarium
336 2685 491 2767 tanquam
506 2675 711 2766 scriptorem.
730 2703 746 2740 u
767 2674 1082 2767 (Scbmnlrgrueber,
1098 2678 1133 2744 in
1147 2677 1229 2747 titu-

88 2783 151 2853 lum
164 2788 221 2871 20,
238 2782 315 2851 libri
331 2788 349 2851 2
367 2782 510 2869 Decret.,
527 2806 561 2851 u.
581 2785 669 2873 116.)

25 2921 26 2940 ¹
128 2890 402 2963 biternecium
419 2913 488 2959 esse
511 2889 640 2981 dejure
662 2891 817 2960 canonico
837 2890 958 2960 dictam
973 2891 1225 2984 publicationem

25 2982 26 2995 ¹
88 3003 240 3070 sustinent
266 2999 455 3084 canonistae,
485 2998 600 3067 saltem
627 2998 734 3090 quoad
757 2998 996 3068 concedendam
1020 3023 1075 3069 reo
1100 3002 1225 3092 copiam

25 3102 26 3141 ³
88 3116 225 3195 actuum,
243 3115 280 3177 nt
293 3128 363 3175 sese
377 3104 550 3175 defendere
565 3107 676 3197 possit.
699 3130 716 3168 u
743 3103 825 3186 Quae
851 3105 1025 3197 publicatio
1049 3108 1105 3198 (ait
1119 3108 1227 3176 Pelle-

91 3242 105 3277 s
126 3216 254 3304 grinus,
270 3224 359 3307 parte
384 3217 416 3301 l,
441 3213 580 3281 sectione
599 3216 651 3301 10,
669 3238 702 3281 n.
725 3213 770 3304 8),
786 3212 821 3280 in
835 3211 1060 3283 criminalibus
1075 3224 1122 3283 cst
1144 3214 1224 3283 adeo

25 3334 26 3349 ¹
91 3321 305 3391 «neccssaria
330 3320 464 3412 dejure
489 3319 656 3407 canonico,
686 3328 733 3406 ut,
758 3321 788 3387 si
812 3321 1026 3407 omitteretur,
1055 3344 1223 3413 processus

25 3415 26 3489 Ϊ
91 3454 105 3491 a
126 3438 208 3497 esset
230 3427 343 3497 nullus
357 3428 427 3518 ipso
440 3427 535 3517 jurc;
564 3427 642 3519 quia
658 3426 824 3496 tolleretur
837 3426 973 3495 facultas
988 3450 1043 3497 reo
1058 3451 1093 3497 se
1107 3428 1222 3499 defen-

90 3560 106 3597 «
126 3535 234 3605 dendi.
252 3534 364 3627 Neque
391 3533 601 3603 condemnari
624 3542 731 3626 posset
747 3534 811 3602 nisi
835 3532 1063 3604 decerneretur
1077 3537 1108 3605 ei
1128 3539 1222 3629 copia

25 3664 26 3675 ¹
89 3667 105 3705 c
126 3664 307 3733 processus,
322 3664 397 3709 cum
413 3640 552 3709 termino
571 3642 769 3732 competenti
792 3637 834 3709 ad
860 3640 1044 3709 faciendum
1069 3665 1145 3711 suus
1159 3644 1221 3711 de-

25 3744 26 3749 ’
89 3749 298 3819 «fensiones.
325 3748 409 3817 Hinc
431 3757 478 3817 est
501 3748 588 3840 quod
616 3748 750 3817 inolevit
776 3747 888 3838 praxis
911 3748 980 3817 fere
1007 3748 1041 3815 in
1070 3750 1222 3818 omuibus

89 3882 104 3921 c
125 3857 236 3944 curiis,
264 3864 300 3925 ut
319 3857 415 3926 unico
428 3865 584 3925 contextu
610 3854 668 3925 list
681 3855 856 3947 publicatio
872 3878 1041 3946 processus
1056 3856 1219 3945 offensivi,

88 3987 104 4025 c
125 3974 156 4032 et
167 3962 341 4033 declaratio
362 3962 449 4054 quod
464 3961 535 4053 ejus
557 3962 649 4054 copia
665 3962 748 4055 parti
773 3961 920 4031 tradatur
927 3988 937 4049 3
966 3984 1035 4031 una
1053 3987 1129 4031 cum
1154 3973 1220 4033 ter-

88 4092 103 4133 e
125 4070 217 4141 mino
231 4068 272 4139 ad
288 4069 451 4139 faciendus
465 4091 540 4138 suas
553 4069 767 4156 defensiones,
792 4069 924 4138 etiamsi
939 4090 1015 4137 reus
1029 4068 1123 4138 illum
1153 4095 1218 4142 non

90 4202 104 4239 t
128 4186 222 4267 petat.
241 4204 258 4242 u

25 4314 26 4317 ¹
131 4288 162 4352 5.
184 4312 201 4351 a
224 4284 281 4354 Est
305 4292 415 4352 autem
442 4280 690 4370 advertendum,
716 4282 804 4373 quod
823 4282 918 4374 copia
937 4303 1104 4373 processus
1117 4284 1223 4355 infor*
