3050 4984
273 483 334 546 oro
786 505 893 551 runnu.

333 637 410 675 scaea
426 624 548 676 emiaeum
561 625 696 690 objiciens,
708 629 734 678 ct
747 625 855 678 meritur
867 625 1055 679 factitationem
1067 631 1146 693 petat,
1156 641 1188 679 cn
1198 630 1232 680 ait
1243 629 1338 681 decer-

333 703 419 757 nenda
440 704 587 756 restitutio?
620 742 1337 760 ..................
1373 715 1419 760 tut

302 786 319 850 g
331 787 363 836 11.
378 786 415 836 De
429 785 560 837 actoribus
576 791 602 838 at
615 788 722 838 tortione
735 787 904 840 admittendis
919 788 962 839 vel
980 788 1131 854 rejiciendis
1144 789 1172 840 in
1183 789 1267 841 caucia
1278 805 1336 842 ma·

332 865 522 918 trimodiaiibuu
542 902 1337 922 ....................
1375 876 1420 921 teu

303 948 412 1009 ouactio
425 950 460 996 ic.
475 946 596 1006 Quianem
609 961 687 1012 agero
700 949 786 1000 valcat
798 949 832 1000 ad
851 947 1047 1014 impediendum
1060 949 1252 1002 mavimcninm
1269 963 1339 1002 non·

333 1027 394 1078 dum
406 1027 520 1078 initum?
537 1064 1338 1082 ....................
1375 1037 1421 1082 tae

303 1109 413 1170 (iunctio
422 1109 460 1157 θ’.
470 1107 531 1167 Quia
541 1107 642 1161 admitti
654 1108 748 1160 debeat
757 1109 791 1160 ad
800 1109 943 1175 petendum
952 1109 1102 1172 dicuntum,
1111 1111 1196 1175 quoad
1207 1110 1340 1165 cohabita·

334 1188 431 1239 tionem
443 1192 469 1239 at
482 1192 566 1238 torum
580 1188 735 1242 dumtaxat?
752 1225 1340 1243 ...............
1376 1195 1422 1241 iti

304 1271 414 1332 Qunctio
427 1271 462 1317 ει.
472 1267 582 1327 Quinem
592 1269 619 1319 in
630 1268 730 1334 judicio
744 1273 833 1334 petere
842 1270 945 1334 possint
954 1273 984 1321 ut
991 1269 1184 1322 matrimonium
1194 1271 1343 1322 declaretur

334 1349 455 1398 nuilumi
489 1383 1340 1401 .....................
1378 1355 1423 1400 tte

304 1431 414 1493 Qumtio
429 1429 466 1478 t'.
481 1427 590 1487 Quinam
605 1429 638 1480 ub
652 1429 801 1480 accusanda
813 1429 972 1481 matrimonii
983 1429 1101 1481 nullitate
1115 1429 1260 1496 repellendi
1269 1432 1343 1482 aintt
1379 1437 1420 1480 tut

305 1511 416 1572 micetio
436 1509 474 1560 δ’.
492 1509 604 1568 Quidum
627 1513 703 1560 tcatm
725 1509 895 1562 admittentur
914 1509 947 1560 ud
968 1509 1152 1576 deponendum
1173 1511 1205 1562 dc
1222 1511 1342 1563 nullitate

334 1587 502 1651 matrimoni,
514 1588 542 1638 in
555 1587 621 1638 tacic
640 1587 765 1640 Ecuieaioe
778 1588 925 1639 contractit
959 1625 1341 1640 ..........
1379 1594 1424 1639 tet

304 1671 414 1735 Qunctio
426 1669 463 1719 θ’.
478 1667 612 1728 Quodnam
627 1668 661 1719 nii
676 1671 780 1734 umpue
790 1669 859 1720 intra
876 1667 956 1733 quod,
971 1669 1015 1733 qui
1029 1669 1185 1720 matrimonii
1195 1669 1342 1720 nullitntcm

334 1755 448 1814 mouent,
462 1748 547 1800 audin
560 1747 676 1800 debeat?
710 1786 1342 1800 ................
1379 1755 1424 1800 tec

304 1834 378 1900 gui.
393 1833 430 1882 Dc
444 1843 536 1882 norma
547 1828 708 1894 procedendi
722 1843 738 1880 c
752 1829 894 1881 Itcnedioto
908 1829 963 1880 xiv
975 1833 1069 1881 statuta
1081 1829 1108 1880 in
1120 1829 1206 1881 caucia
1218 1829 1345 1882 nuliitatia

335 1910 495 1964 matrimonii
497 1945 1341 1960 .....................
1378 1915 1421 1960 tit

306 1995 431 2046 Punctum
444 1991 464 2040 I.
478 1990 515 2041 Ite
531 1988 714 2044 constituendo
735 1989 761 2040 in
783 2003 937 2054 unaqueque
955 1989 1063 2042 dimccei
1083 1990 1239 2042 matrimonii
1253 1991 1345 2042 deten-

337 2087 395 2126 aoru
413 2104 1345 2123 .......................
1383 2077 1426 2122 tut

305 2155 429 2206 Punctum
451 2151 485 2202 II.
508 2149 630 2210 Quisnam
654 2150 688 2202 ait
709 2150 831 2202 detenaor
851 2151 1008 2202 matrimonii
1028 2151 1056 2202 in
1076 2153 1191 2204 secunde
1213 2151 1346 2212 munuc.

338 2237 412 2286 extro
425 2231 551 2282 nonunt
584 2263 1345 2284 ...................
1385 2237 1429 2283 4³5

307 2316 431 2367 Punctum
442 2311 488 2362 III.
500 2309 621 2368 Quianam
635 2310 669 2360 sit
681 2309 804 2361 deIanaor
816 2310 985 2372 matrimonii,
999 2311 1103 2375 quando
1116 2324 1194 2362 cauca
1211 2311 1347 2362 matrimo-

338 2393 412 2446 nIaIIe
425 2394 512 2442 Rome
522 2389 664 2455 iudIccnda
676 2391 734 2441 cnr
754 2426 1349 2442 ...............
1387 2397 1430 2442 auc

308 2478 431 2528 Punctum
443 2473 455 2522 I
460 2471 487 2522 V.
499 2470 634 2530 Quodnam
653 2469 686 2521 eit
706 2469 821 2521 officium
839 2470 982 2522 detenentia
998 2471 1180 2522 matrimoniii
1214 2509 1220 2522 .
1255 2509 1262 2521 .
1297 2510 1303 2521 .
1340 2508 1348 2522 .
1388 2478 1430 2522 tta

308 2557 431 2608 Punctum
450 2554 477 2602 V.
491 2553 531 2603 In
550 2556 576 2602 et
589 2553 717 2616 quatenus
733 2551 766 2602 cd
785 2563 922 2616 proceeaua
935 2551 1052 2602 valorem
1064 2565 1172 2604 ncceacc
1189 2553 1222 2602 sit
1234 2551 1350 2603 interve-

339 2635 396 2686 nim
416 2633 578 2684 deteneorcm
590 2630 749 2682 matrimonii
751 2667 1345 2683 ...............
1388 2639 1431 2684 tce

310 2719 434 2768 Punctum
451 2714 492 2764 VI.
507 2714 575 2774 Quot
588 2713 752 2777 requiruntur
766 2712 905 2764 sententiar
916 2711 1067 2764 contormea
1081 2713 1114 2763 dc
1127 2713 1244 2766 nullitate
1255 2715 1350 2765 matri-

341 2796 432 2856 monii,
443 2797 472 2845 ut
481 2793 593 2844 liberum
607 2791 640 2844 eit
651 2793 805 2858 conjugibus
815 2793 848 2843 ad
861 2807 942 2844 norea
953 2793 1056 2858 nupdua
1070 2793 1229 2845 couvoiurct
1255 2832 1262 2844 .
1298 2833 1305 2844 .
1342 2835 1350 2846 .
1390 2801 1433 2846 itt

311 2881 434 2930 Punctum
453 2874 505 2925 VII.
521 2876 559 2925 In
578 2875 605 2924 ct
624 2873 693 2924 unda
713 2873 868 2925 aolvcndmn
887 2874 1113 2925 matrimoniorum
1131 2873 1262 2926 deienaori
1283 2875 1351 2927 eain·

343 2958 434 3009 riumt
467 2989 1351 3006 ......................
1391 2963 1433 3007 III

311 3042 435 3091 Punctum
453 3036 518 3086 VIII.
533 3034 691 3094 Quibusnam
710 3033 737 3084 in
756 3035 840 3085 caucia
859 3034 1093 3086 matnmouiuiibna
1111 3035 1280 3088 obeorrandar
1298 3036 1353 3089 aint

343 3115 930 3180 Benedictimecouedtntioniodiapoeitioneai
964 3153 1349 3168 ..........
1389 3124 1431 3170 itt

314 3203 439 3253 Punctum
452 3197 496 3247 IX.
514 3198 553 3247 In
567 3196 734 3248 Benedictina
748 3196 899 3247 constitutio
917 3195 1081 3248 observanda
1094 3197 1171 3247 utinm
1187 3197 1223 3247 eit
1234 3196 1262 3246 in
1276 3209 1352 3258 caau,

345 3294 396 3346 quo
409 3277 567 3330 matrimonii
579 3277 682 3327 nuIIitaa
696 3275 802 3328 eridane
812 3290 859 3327 aea
870 3275 974 3327 notoria
988 3275 1100 3327 existuit
1134 3313 1351 3328 ......
1392 3283 1433 3329 iti

317 3363 440 3413 Punctum
452 3358 483 3410 X.
499 3359 538 3408 An
556 3369 590 3408 ax
602 3356 773 3408 Benedictine
785 3355 968 3407 constitutione
986 3360 1119 3420 aequatur,
1128 3356 1184 3422 jam
1200 3369 1255 3408 non
1272 3369 1354 3421 ponae

348 3455 439 3493 ennena
448 3436 651 3489 matrimoniales
662 3452 709 3503 per
718 3437 828 3488 formam
841 3437 977 3488 summarii
987 3436 1081 3501 iudicii
1099 3437 1225 3503 expediri.
1259 3475 1266 3488 .
1304 3475 1311 3486 .
1347 3477 1354 3488 .
1394 3445 1436 3490 itt

318 3527 333 3590 ς
345 3524 387 3575 Ν.
402 3523 439 3572 De
452 3531 545 3571 norma
562 3517 667 3584 speciali
680 3516 840 3582 procedendi
854 3517 881 3568 in
893 3531 971 3569 cenae
983 3517 1107 3569 nullitatiu
1118 3531 1153 3568 ex
1165 3517 1356 3584 inpedimento

348 3601 507 3670 impotentiae
509 3634 1357 3650 .....................
1396 3605 1438 3651 tu·

318 3687 333 3750 g
346 3685 379 3734 V.
393 3683 430 3732 Dc
444 3679 523 3730 modo
536 3675 664 3729 servando
678 3675 763 3741 quoad
777 3676 982 3741 diepeneationea
995 3677 1154 3729 matrimonii
1164 3678 1212 3729 reti
1223 3691 1278 3730 non
1290 3692 1359 3730 con-

351 3761 471 3816 summati
475 3793 1358 3811 ......................
1398 3765 1438 3810 tut

322 3846 392 3912 §Vt
403 3845 500 3894 Normu
513 3838 702 3890 informationis
716 3837 853 3903 capiendae
868 3837 900 3888 de
913 3842 980 3890 otatn
993 3839 1078 3890 libero
1092 3853 1193 3903 coram,
1205 3840 1250 3905 qui
1269 3841 1362 3891 matri-

352 3925 468 3976 monIum
483 3921 548 3972 inire
558 3919 651 3970 volunt
682 3953 1359 3971 .................
1398 3927 1440 3972 cca

325 4009 447 4060 Punctum
460 4005 482 4054 I.
498 3999 688 4052 Premittuntur
701 3973 1081 4052 hacdcrocmanutadecretu
1096 4000 1274 4053 ecclesiastice
1307 4041 1315 4052 .
1350 4037 1360 4051 .
1397 4007 1439 4054 tat

323 4090 447 4140 Punctum
466 4083 499 4132 II.
513 4079 675 4146 Expenditur
685 4080 816 4144 quodnam
833 4093 866 4130 cx
882 4080 1020 4144 praemiasia
1034 4080 1146 4132 decretis
1161 4082 1204 4147 jue
1217 4093 1363 4134 commune

324 4169 506 4303 Puecrcltutmrlii.
517 4200 561 4294 tn
572 4196 734 4306 anquatenus
748 4195 897 4306 eimsrmm'
904 4199 947 4308 ina
959 4197 1106 4294 communic·
1113 4241 1258 4294 hodiedum
1267 4201 1363 4310 masere·
1399 4167 1439 4213 m

356 4324 514 4380 censendum
534 4323 568 4374 sit
600 4358 1360 4376 ...................
1398 4329 1438 4376 na
