3050 4984
283 489 345 551 322
657 504 834 552 raimerus
856 506 894 552 or
916 505 1049 553 morum.

280 656 297 693 a
320 630 459 699 obtentae
473 651 493 697 a
507 626 764 719 bletmpolitano.
782 654 799 692 s
817 626 931 719 (Libro
947 630 987 694 37
1007 626 1231 709 Dscratornm,
1255 622 1332 691 iolic
1351 624 1418 689 711
1517 657 1518 670 .

279 744 416 824 atergo,
432 734 492 803 snb
511 734 641 803 rubrica
656 735 839 803 Sernienst's
859 732 1076 827 suspensionis
1096 744 1129 799 et
1150 728 1418 822 irreqularitatis

279 850 311 910 ct
324 843 385 910 sub
397 842 449 911 die
465 845 507 909 20
524 840 704 911 decembris
720 844 832 934 1087.)

323 949 474 1041 Quinque
489 948 674 1041 praemissas
688 949 920 1019 declarationes
938 971 1009 1019 esse
1021 946 1224 1017 authenticas
1235 952 1322 1013 carto
1340 942 1424 1011 mibi

277 1065 484 1141 constat;sas
496 1056 617 1148 quippe
632 1056 667 1124 in
687 1059 910 1149 manuscripto
922 1056 1120 1142 authentico,
1138 1054 1192 1123 cui
1205 1053 1318 1121 titulus
1328 1050 1426 1120 Libri
1517 1101 1518 1108 .

277 1162 479 1232 decretorum
503 1166 616 1231 Sana
645 1165 913 1256 Conprepationia
943 1163 1094 1245 Consilii,
1125 1162 1206 1231 meis
1226 1161 1296 1251 ipse
1317 1157 1425 1227 oculis

276 1268 355 1355 vidi,
372 1277 470 1361 atque
484 1268 560 1337 inde
574 1272 709 1361 propria
722 1294 821 1340 manu
836 1270 1039 1361 transcripsi.

321 1376 359 1445 ln
373 1384 461 1446 tomo
477 1381 494 1443 5
512 1376 668 1445 Thesauri
681 1378 930 1460 resolutionem,
946 1378 1066 1469 pagina
1082 1380 1137 1461 31,
1157 1374 1219 1443 snb
1239 1373 1291 1441 die
1307 1377 1347 1442 10
1364 1372 1424 1440 de-

278 1483 416 1551 cembris
433 1486 529 1569 1730,
547 1482 593 1550 sic
610 1482 749 1554 babetur
767 1514 774 1552 ι
794 1486 1006 1577 «Episcopus
1025 1482 1232 1575 Capritanus,
1253 1502 1295 1548 ex
1315 1480 1425 1547 musis

280 1617 296 1653 s
320 1589 382 1657 sibi
396 1589 480 1658 notis
498 1599 531 1657 et
551 1589 725 1659 informata
744 1592 952 1677 conscicntia,
974 1588 1183 1659 Franciscum
1201 1586 1362 1674 vassallo,
1386 1610 1426 1654 ac
1517 1619 1518 1646 1

281 1724 296 1759 a
320 1695 500 1764 Sabatbum
516 1693 556 1763 dc
569 1694 747 1788 Stephano,
767 1698 948 1767 sacerdotes
963 1698 1024 1765 sibi
1040 1696 1201 1781 subditos,
1216 1694 1269 1762 dic
1285 1698 1324 1761 11
1335 1692 1426 1785 junii

279 1829 296 1867 a
319 1803 475 1894 praeteriti
490 1825 509 1869 a
523 1802 735 1873 celebratione
750 1806 859 1874 missae
877 1803 1048 1897 suspendit
1061 1826 1162 1896 usque
1172 1802 1214 1871 ad
1224 1824 1342 1872 novam
1355 1799 1427 1868 dis-

281 1936 299 1975 c
322 1908 524 1999 positionem.
542 1910 735 2002 interposita
750 1912 906 2005 peripsos
918 1912 1132 2004 appellatione
1146 1910 1187 1978 ad
1202 1908 1428 1999 Metropolita-

281 2042 299 2081 s
321 2038 413 2100 num,
425 2016 537 2084 eadem
548 2018 640 2087 curia
657 2019 917 2111 metropolitana,
932 2021 993 2087 sub
1006 2018 1058 2086 die
1073 2022 1113 2086 23
1125 2016 1272 2110 ejusdcm
1289 2015 1425 2100 mensis,
1517 2015 1518 2022 ’

281 2146 298 2186 a
320 2121 443 2190 litteras
457 2122 696 2192 inbibitociales
709 2126 867 2195 adversus
879 2127 1007 2195 curiam
1020 2126 1228 2218 Capritanam
1242 2121 1425 2213 expedivit,

280 2230 543 2322 scammisitquc
575 2232 808 2322 appellantium
838 2234 1075 2302 absolutionem
1111 2257 1187 2303 cum
1215 2230 1429 2301 reincidentia

280 2360 297 2401 a
321 2358 537 2427 parmensem
555 2388 608 2423 ...,
626 2338 767 2429 parocho
781 2339 954 2408 Francisco
966 2340 1138 2409 Arcuccic.
1157 2340 1313 2431 Dictaque
1327 2338 1428 2407 abso-

281 2470 297 2506 «
321 2442 443 2510 lutione
458 2444 604 2534 sequenti
620 2443 674 2513 die
698 2444 841 2530 obterrta,
864 2447 926 2515 sub
945 2446 1010 2515 alia
1032 2446 1085 2514 die
1103 2450 1143 2514 30
1159 2445 1306 2538 ejusdem
1327 2466 1428 2512 men·

281 2576 296 2613 a
320 2548 376 2633 sis,
394 2548 492 2619 iidem
504 2550 684 2620 secerdotes
701 2550 735 2618 in
745 2553 880 2621 ecclesia
891 2552 1070 2623 cathedrali
1082 2556 1281 2646 Caprearum
1297 2551 1429 2644 publice

283 2682 299 2719 a
323 2654 568 2724 celebrarunt...

324 2761 434 2831 «Non
458 2764 684 2852 gravabuntur
706 2766 817 2858 itaque
844 2768 1104 2838 Eminentissimi
1126 2769 1240 2837 Patres
1258 2767 1299 2836 ad
1321 2767 1430 2836 inira·

282 2896 298 2933 «
322 2870 441 2960 scripta
455 2868 557 2937 dubia
567 2871 809 2961 sapientissime
823 2875 863 2943 de
881 2898 971 2944 more
984 2875 1180 2967 respondere
1196 2902 1204 2943 ε

321 3008 336 3044 a
352 2992 383 3049 1ο
403 2987 454 3050 An
476 2988 641 3068 suspensio
657 3006 678 3050 a
700 2990 913 3055 celebratione
931 2993 1039 3057 missas
1058 2993 1261 3057 sacerdotum
1290 2991 1432 3057 Vassaili

285 3118 299 3147 s
321 3100 352 3157 et
370 3092 513 3157 Salatlsi
524 3092 563 3156 de
586 3094 764 3177 Stephano,
785 3116 846 3179 per
860 3099 1063 3183 Episcopum
1078 3100 1342 3183 Caprunitanum
1358 3098 1431 3162 latu

283 3223 298 3258 n
318 3218 359 3262 en
374 3200 551 3280 informata
572 3204 780 3283 conscientia,
797 3206 1018 3270 substinemus
1038 3209 1072 3271 in
1093 3226 1181 3271 casu.
1205 3206 1252 3272 Et
1268 3215 1432 3290 qautenus

285 3334 299 3363 a
322 3306 526 3388 affirmative.

325 3438 341 3471 a
356 3418 389 3477 2ο
403 3418 456 3479 An
471 3423 502 3478 et
513 3418 676 3497 quomodo
690 3420 756 3482 sint
769 3420 959 3486 absoluendi
978 3426 1013 3487 in
1026 3443 1114 3488 casu.

327 3548 341 3577 ιι
362 3526 393 3585 3⁰
409 3521 461 3586 An
476 3520 603 3587 licuerit
615 3527 712 3588 curia
726 3528 986 3611 metropolitane
998 3531 1168 3594 succedere
1192 3530 1430 3604 redibitionum

289 3658 302 3687 a
325 3631 437 3712 cipere
462 3630 690 3711 appellationis
716 3634 757 3697 ab
781 3634 894 3699 eadem
922 3638 1141 3719 suspensione,
1164 3645 1277 3701 contra
1301 3640 1431 3701 curium

288 3762 301 3794 a
326 3736 587 3818 Capronitanum
618 3740 881 3823 suffrnpanenrn,
911 3752 944 3806 ot
973 3744 1208 3808 absolutionem
1244 3762 1319 3808 cum
1346 3746 1433 3807 rein·

290 3868 303 3901 a
326 3842 467 3907 sidentia
481 3848 679 3910 committere
693 3848 841 3912 Parasito
859 3852 1017 3914 Arcuccio
1032 3853 1066 3914 in
1080 3868 1194 3915 cusu...
1211 3882 1249 3898 ··—

216 4002 222 4015 ,
328 3964 343 4001 u
361 3940 585 4024 reprimam,
601 3943 806 4025 affirmative.

330 4073 344 4105 a
368 4042 422 4113 Ad
434 4048 622 4127 secundum,
636 4051 773 4115 arbitrio
787 4056 949 4139 Episcopi.

337 4188 350 4213 ιι
369 4155 421 4222 Ad
434 4156 567 4223 tertium
584 4209 635 4238 ...,
655 4160 815 4249 nepotive.
830 4192 847 4225 s
870 4166 910 4231 15
926 4166 1108 4235 decembris
1126 4172 1220 4236 1730.

335 4264 411 4331 ltem
428 4263 460 4329 iu
480 4262 640 4334 Thesauro
655 4267 904 4352 resurrectorum,
921 4281 1009 4340 tomo
1028 4278 1059 4360 7,
1077 4276 1194 4364 pagina
1211 4279 1286 4361 111,
1302 4273 1432 4344 subdis
