3050 4984
250 430 312 494 264
625 448 801 493 ursmarus
824 448 863 493 ns
884 448 1018 494 morare.

245 570 344 638 situm
366 568 491 655 luisset,
517 591 596 637 nram
620 590 678 660 per
696 568 875 637 clausulam
896 570 988 637 omni
1010 570 1232 662 appellatione
1253 584 1398 653 remota,
1490 541 1497 660 l

248 677 437 745 tollerentur
450 676 622 744 dumtaxat
645 675 878 767 appellationes
887 677 1016 767 frivolae
1032 699 1090 745 seu
1107 678 1399 764 frustratoriam
1491 691 1497 760 i

246 808 324 852 vero
338 784 436 851 etiarn
447 783 678 874 appellationes
691 783 866 871 legitimae,
878 783 1043 875 rescripsit
1056 783 1110 851 his
1119 785 1230 852 verbis
1244 812 1252 851 ε
1267 786 1399 870 Quasi-
1491 763 1497 842 i

244 891 322 958 visti
338 904 462 969 retorem,
482 890 615 982 qnando
631 890 800 957 inhibetur
810 891 990 981 appellatio
1006 890 1043 957 in
1060 892 1227 983 rescripto,
1247 894 1400 982 frustra-
1493 905 1497 914 '

248 998 333 1065 toria
350 1010 482 1065 tantum
504 998 646 1065 inlicita
666 996 840 1065 videatur?
863 1000 930 1066 Nos
950 997 1054 1087 iqitnr
1073 998 1288 1079 attendentes,
1306 999 1403 1090 qnod

241 1130 302 1197 per
322 1106 578 1196 appellationem
591 1104 854 1195 frustratoriam,
873 1104 1005 1172 etiamsi
1019 1127 1085 1173 non
1105 1105 1221 1193 (namt
1237 1105 1397 1187 attica,

245 1212 414 1302 nepotinm
435 1234 501 1279 non
522 1210 635 1279 debeat
656 1210 822 1301 impediri,
843 1210 1075 1303 respondemus
1098 1211 1218 1302 :quod
1242 1212 1402 1303 qualibet

242 1319 434 1410 provocatio
461 1318 656 1407 intelligitur
684 1318 853 1398 remoueri,
870 1341 946 1408 qna
972 1341 994 1384 a
1009 1320 1093 1408 jure
1114 1342 1180 1385 non
1205 1318 1402 1410 indulgetur

246 1448 401 1516 expresse.

288 1534 502 1601 ludicandum
528 1542 685 1617 remanet,
709 1532 830 1624 quibus
853 1532 888 1599 in
911 1532 1041 1601 omibus
1063 1533 1239 1624 appellatio
1260 1534 1296 1599 in
1318 1534 1400 1625 jure
1499 1527 1500 1530 ¹

246 1664 390 1733 aepresse
405 1641 610 1709 concedetur.
628 1640 711 1709 Sunt
723 1650 833 1709 autem
847 1648 1019 1731 sequentes
1037 1666 1045 1706 ε

290 1750 415 1829 Primo,
433 1748 460 1815 si
471 1748 573 1839 judex
590 1748 670 1815 nolit
687 1748 828 1840 recipere
844 1748 1068 1839 exceptionem
1082 1749 1394 1836 consanguinitatis,

245 1856 298 1925 vel
311 1857 444 1925 alterius
453 1856 550 1947 justae
566 1878 686 1941 caussa,
703 1856 744 1925 ob
754 1879 853 1947 quam
865 1856 935 1947 ipse
945 1864 1101 1947 tauquam
1114 1864 1284 1947 suspectus
1297 1878 1399 1924 recu·

245 1965 310 2031 sari
325 1986 344 2031 a
365 1973 455 2054 parte
470 1970 585 2055 potest.
605 1963 737 2031 Constat
753 1985 795 2029 ex
812 1962 963 2030 decretali
978 1966 1147 2030 Postremo
1174 1965 1242 2051 (36,
1260 1962 1312 2029 tit.
1335 1967 1395 2049 28,

245 2072 300 2138 lib.
320 2076 338 2138 2
355 2072 511 2160 Deerat),
530 2069 651 2138 tenoris
671 2068 897 2161 hujuscemodi
919 2096 926 2135 :
951 2070 1171 2137 Frotemitoti
1192 2082 1258 2137 tna
1276 2071 1398 2139 litteris

239 2176 454 2271 praesentibus
480 2178 676 2245 intimamus
697 2175 794 2267 quod,
819 2177 849 2243 si
869 2198 972 2244 eausa
985 2176 1088 2243 alieni
1098 2176 1201 2264 faerit
1227 2176 1395 2268 delegata,

245 2288 302 2378 qai
314 2282 571 2373 comanpuinens
580 2283 622 2350 sit
634 2282 734 2363 illins,
749 2282 941 2373 quilitteras
953 2282 1155 2373 impetrauit,
1167 2283 1268 2351 aretin
1282 2282 1399 2351 eodem

244 2393 371 2483 negotio
387 2390 541 2459 advocati
554 2389 662 2481 officio
678 2388 864 2479 defunctos,
882 2389 935 2457 vel
956 2412 997 2456 en
1010 2390 1080 2457 alia
1090 2394 1188 2481 justo
1201 2412 1303 2458 causo
1318 2413 1399 2459 sus-

244 2515 376 2593 peetns;
403 2497 598 2589 hujusmodi
622 2496 791 2587 delegatas
812 2519 878 2564 non
901 2496 1067 2565 immerito
1089 2496 1213 2588 poterit
1235 2500 1395 2579 recusari,

246 2608 397 2701 qrramuis
411 2602 625 2698 appellatione
639 2612 763 2671 remota
773 2604 876 2693 fiterit
890 2603 996 2673 eidem
1009 2606 1178 2695 negotium
1192 2604 1393 2697 delegatum.

293 2713 453 2794 Secundo,
471 2715 499 2779 si
521 2711 622 2803 judex
639 2733 704 2779 non
720 2709 869 2778 admittat
882 2711 1108 2802 exceptionem
1124 2712 1287 2780 citationis
1303 2712 1397 2781 factae

247 2824 286 2891 ad
304 2824 412 2891 locum
427 2842 494 2888 non
508 2831 630 2887 tntum.
648 2818 781 2886 Constat
795 2841 837 2886 ex
851 2817 1003 2885 decretali
1017 2821 1072 2886 Ee
1081 2830 1179 2909 porte
1193 2822 1262 2909 (47,
1276 2819 1317 2887 de
1326 2822 1394 2911 Ap-

244 2930 389 3023 pellat).

295 3038 410 3116 Tertio,
435 3035 462 3101 si
482 3056 534 3102 res
549 3033 647 3124 petita
669 3034 702 3099 in
725 3030 838 3099 libello
862 3054 927 3099 non
943 3030 1132 3119 designetur
1159 3031 1195 3097 in
1210 3033 1316 3122 specie
1336 3055 1396 3101 seu

244 3144 467 3229 determinate,
481 3151 513 3209 et
524 3139 626 3231 judex
643 3160 710 3207 uon
723 3136 846 3206 deleret
862 3137 958 3227 parti,
974 3138 1058 3204 hanc
1072 3136 1322 3205 determinatam
1333 3139 1392 3206 de·
1501 3218 1503 3234 μ

246 3253 460 3344 signationem
488 3248 673 3339 postulanti.
703 3246 836 3314 Constat
867 3267 909 3311 ex
939 3242 1091 3312 decretali
1121 3245 1394 3335 Sipnifienntibns

250 3366 318 3451 (49,
335 3359 375 3428 de
391 3353 696 3449 Appellationidns).

292 3470 432 3551 Quarto,
450 3463 478 3529 si
505 3460 641 3551 spoliato
654 3458 792 3547 deneget
817 3457 1066 3525 restitutionem.
1093 3457 1226 3525 Constat
1240 3456 1394 3525 decretali

247 3580 303 3645 Ea
312 3568 536 3663 conquestione
550 3570 618 3655 (ll),
632 3565 672 3634 de
687 3566 800 3633 Restit.
818 3562 978 3656 spoliat).

294 3680 426 3765 Quinto,
445 3676 472 3743 si
488 3694 667 3763 gravamen
687 3669 920 3761 propterquod
935 3669 1118 3761 appellatur
1139 3668 1182 3736 sit
1206 3669 1393 3751 notorium·
1501 3709 1502 3770 p

245 3790 323 3882 quia
338 3788 426 3877 Papa
442 3803 507 3851 nou
523 3788 672 3848 censetur
693 3778 837 3869 posuisse
858 3777 1040 3847 clausulam
1056 3777 1149 3845 omni
1172 3777 1395 3869 appellatione
1501 3773 1503 3856 l

248 3908 385 3974 remota,
415 3889 534 3958 nisiex
558 3886 825 3977 presumptione,
852 3884 940 3976 quod
968 3882 1137 3973 delegatus
1151 3884 1193 3951 ab
1208 3884 1279 3974 ipso
1292 3883 1394 3975 judex
1501 3861 1503 3890 ¹

247 4022 456 4095 processurus
475 3996 517 4063 sit
532 3995 604 4061 siue
619 3992 739 4083 injusto
755 3991 965 4081 gravamine3
983 4012 1059 4081 quae
1074 3990 1294 4081 praesumptio
1309 4003 1394 4059 stare

249 4110 363 4201 nequit
376 4102 507 4198 quando
524 4121 702 4192 gravamen
717 4108 764 4166 est
778 4099 955 4167 notorium.
977 4095 1074 4187 (Vide
1089 4096 1230 4184 glossam
1247 4096 1282 4165 in
1309 4098 1391 4167 cita·
1501 4129 1502 4196 3

248 4225 318 4285 tuni
336 4223 433 4309 caput
446 4212 501 4278 Ea
515 4206 749 4298 conparatione,
773 4208 825 4292 10,
844 4203 884 4272 de
897 4204 1011 4273 Restit.
1028 4202 1174 4293 spoliet.)
1501 4203 1502 4222 ¹
