3050 4984
532 552 606 598 rans
629 552 775 599 smuana.
1158 533 1222 598 265

122 673 238 754 Scato,
267 680 383 764 putant
409 684 566 765 praeterea
592 672 739 741 doctores
761 674 991 761 communiter,
1022 697 1081 765 par
1101 673 1222 742 dictam

82 777 258 848 clausulam
275 802 339 849 non
355 781 506 872 impediri
521 780 783 873 appellationem,
802 782 837 848 in
856 782 899 848 iis
914 781 1067 851 omnibus
1082 783 1221 867 casibus,

82 907 138 975 pro
160 886 281 977 quibus
305 888 551 979 appellationem
574 890 651 978 jura
674 910 826 979 expresse
849 888 1047 976 concedunt,
1072 892 1223 982 quamvis

83 1014 144 1060 nou
161 992 294 1081 addant,
313 1017 381 1063 non
399 995 548 1063 obstante
568 995 657 1086 qood
673 1018 772 1063 cansa
790 997 961 1064 commissa
975 997 1019 1064 cit
1033 1020 1111 1065 cnm
1130 998 1225 1066 claci·

82 1100 170 1179 sala,
201 1102 293 1169 omni
316 1102 537 1193 appellatione
562 1114 699 1169 remota.
730 1100 827 1191 (Vide
851 1102 1161 1193 Sohmalzgrueber,
1188 1104 1222 1173 in

84 1206 127 1272 lit.
149 1210 203 1291 28,
221 1206 277 1273 lib.
297 1210 316 1274 2
334 1208 475 1293 Deerat,
494 1230 528 1274 n.
549 1207 617 1297 30.)

123 1320 157 1381 2·
172 1314 310 1395 Quando
330 1314 475 1384 clausula
493 1314 586 1383 omni
605 1316 826 1408 appellatione
845 1330 988 1398 remota,
1012 1316 1148 1409 impedit
1164 1340 1223 1409 ap·

82 1422 296 1513 pellationem,
314 1444 385 1491 eam
402 1444 467 1491 uon
480 1422 617 1514 impedit
630 1423 737 1514 quoad
749 1422 900 1493 effectum
912 1424 1149 1510 devolutivum,
1165 1426 1222 1493 sed

83 1529 184 1619 quoad
208 1530 438 1619 suspensivum
462 1536 599 1597 lautum.
617 1530 750 1599 Constat
766 1553 808 1597 ex
827 1531 925 1598 citata
936 1530 1089 1599 decretali
1104 1535 1223 1599 Pasto-

83 1636 157 1704 ralis
173 1636 240 1725 (53,
260 1635 299 1705 dc
314 1637 454 1728 Appell.)
476 1664 483 1703 :
507 1660 582 1705 nam
598 1638 662 1722 ibi,
682 1647 854 1728 postquam
870 1636 1046 1706 declaravit
1063 1640 1223 1707 lnnoceu-

83 1744 141 1810 tius
155 1744 201 1811 111
215 1766 273 1835 per
288 1743 406 1811 dictam
423 1744 601 1813 clausulam
617 1744 686 1812 tolli
702 1744 950 1836 appellationem
963 1768 1094 1814 omnem
1107 1745 1223 1836 injure

83 1871 222 1939 capressc
237 1872 301 1917 nou
310 1872 507 1938 concessam,
521 1852 612 1920 addit
626 1879 632 1918 :
649 1850 718 1919 Sed
724 1852 753 1919 si
767 1852 937 1943 appellans
948 1853 1051 1940 (nent
1064 1860 1222 1942 praealtas

84 1958 211 2045 injuste,
223 1979 405 2047 precamen
418 1956 612 2051 lcnjasmodi
621 1980 682 2049 per
696 1960 897 2050 superiorem
908 1959 1031 2050 poterit
1040 1959 1218 2028 emendari.

83 2064 128 2131 Ex
149 2064 269 2154 quibus
286 2065 396 2133 verbis
414 2064 560 2154 legitime
586 2066 744 2151 infertur,
760 2087 854 2156 posse
872 2073 1045 2156 gravatum
1067 2063 1109 2134 ad
1123 2088 1224 2156 supe-

83 2172 196 2240 riorem
213 2172 355 2263 judicem
371 2172 565 2262 confugere3
583 2194 641 2265 per
658 2174 744 2241 huuc
761 2194 839 2241 vero
856 2172 996 2241 rescindi
1012 2195 1106 2264 posse
1127 2176 1220 2265 prio-

83 2280 123 2346 ris
136 2281 341 2349 senteutiam.
358 2282 441 2350 Cum
456 2290 565 2349 lamen
579 2282 621 2350 ob
636 2282 815 2350 clausulam
830 2281 924 2348 omni
935 2280 1154 2371 appellatione
1169 2303 1222 2348 re-

83 2400 179 2468 mota,
194 2388 298 2479 judex
314 2411 335 2454 a
355 2411 421 2478 qao
437 2411 502 2456 non
516 2398 663 2457 tencatur
682 2389 889 2479 appellationi
908 2388 1047 2472 deferre,
1069 2397 1159 2478 gesta
1180 2389 1221 2455 ab

83 2494 147 2583 ipso
161 2502 235 2585 post
249 2494 499 2585 appellationem
516 2496 752 2586 interpositam,
771 2518 836 2563 non
852 2503 928 2562 sunt
941 2496 1013 2585 ipso
1027 2495 1100 2585 jure
1115 2494 1219 2579 irrita,

83 2602 133 2669 sed
148 2610 275 2670 tautum
293 2624 349 2693 per
362 2601 504 2693 judicem
521 2601 568 2669 ad
580 2624 676 2693 poem
692 2602 922 2670 resciudibilia.

125 2712 155 2775 3⁰
170 2708 324 2778 Clausala
337 2709 508 2800 praedicta,
526 2708 625 2777 afficit
646 2718 772 2777 tantum
791 2708 1041 2801 appellationem
1054 2731 1075 2776 a
1089 2716 1222 2777 senten-

81 2816 122 2882 tia
140 2816 321 2907 definitiva,
339 2817 373 2883 in
393 2838 490 2884 causa
509 2816 680 2908 principali
702 2817 927 2907 pronuntiata,
945 2838 1010 2883 uon
1029 2824 1138 2884 autem
1160 2839 1221 2907 ap-

82 2922 262 3012 pellationes
273 2924 314 2991 ab
328 2924 594 2993 interlocutoriis.
613 2922 711 3014 (Vide
728 2923 1031 3013 Schmalzgrueber,
1046 2925 1082 2991 iu
1093 2923 1142 2991 tit.
1162 2928 1218 3009 28,

82 3028 132 3097 lib.
149 3036 167 3097 2
186 3032 326 3115 Decret,
343 3054 377 3097 n.
397 3033 464 3120 at.)
482 3030 575 3099 Unde
588 3053 626 3097 ea
640 3030 786 3098 clausula
804 3029 1043 3114 nonobstante,
1063 3031 1220 3121 appellari

83 3138 192 3223 poterit
210 3137 252 3205 ab
275 3138 538 3223 interlocutoriis,
560 3139 657 3205 etiam
678 3137 786 3227 quoad
807 3136 953 3205 ellectum
976 3138 1219 3227 suspensivum,

83 3242 158 3311 iniis
170 3245 312 3329 casibus,
328 3244 363 3311 in
378 3245 498 3335 quibus
512 3243 636 3335 dejure
651 3246 819 3312 communi
829 3252 916 3334 patet
924 3244 1031 3335 quoad
1046 3252 1221 3335 utrumque

82 3352 225 3421 effectum
243 3352 418 3443 appellatio
434 3354 474 3419 ab
489 3352 680 3443 hujusmodi
695 3352 863 3420 sententiis
877 3352 1139 3420 interlocutoriis.

120 3463 150 3525 4⁰
165 3459 325 3541 Quamvis
339 3458 424 3525 diota
444 3458 588 3527 clausula
606 3459 742 3548 praelato
765 3458 862 3527 modo
882 3457 1131 3549 appellationem
1153 3459 1222 3526 im-

83 3566 192 3651 pediat,
216 3589 283 3633 non
299 3576 407 3635 tamen
423 3566 582 3657 impedire
596 3565 755 3633 censenda
772 3575 820 3634 est
837 3566 1118 3656 supplicationem,
1136 3567 1219 3657 peti-

83 3670 234 3739 tionemve
250 3672 461 3741 restitutionis
476 3672 510 3739 in
530 3672 707 3760 integrum,
724 3682 755 3739 et
771 3672 835 3739 alia
851 3672 1005 3739 remedia.
1021 3671 1220 3763 Hujusucodi

82 3779 159 3843 enim
175 3778 331 3863 clausula,
348 3786 457 3869 utpote
468 3778 537 3869 juri
558 3780 724 3846 communi
745 3777 919 3866 derogans,
936 3778 1044 3845 stricte
1060 3778 1218 3867 interpre-

83 3884 170 3951 tanda
184 3894 242 3953 est.
265 3884 408 3975 (Videsis
421 3884 725 3973 Schmalzgrueher,
743 3885 839 3952 citato
854 3884 951 3971 loco.)

123 3994 152 4055 5⁰
171 3991 217 4059 Ex
231 3992 325 4059 dictis
345 4000 442 4081 patet,
458 4016 558 4083 quam
580 3992 742 4059 immerito
758 3991 858 4059 Sedes
878 3991 1065 4081 Apostolica
1084 3991 1218 4080 injusti·
1247 3988 1250 3992 ’

84 4092 132 4160 tia
153 4096 377 4182 insimuletur,
405 4122 447 4166 ex
477 4120 516 4167 eo
544 4098 631 4190 quod
662 4120 776 4165 causas
802 4097 999 4188 qcundoque
1027 4096 1217 4187 judicandas

86 4206 252 4273 conrmittat
265 4228 340 4273 cum
352 4204 437 4273 dicta
451 4206 607 4291 clausula,
626 4204 717 4272 omni
729 4204 951 4295 appellatione
966 4215 1110 4284 remota,¹
1125 4206 1218 4293 quasi

88 4314 153 4377 tuuc
176 4312 358 4383 innocentia
380 4314 470 4388 omni
494 4312 689 4387 defensionis
712 4314 868 4409 prasidio
889 4312 1103 4401 destituatur,
1128 4322 1160 4381 et
1182 4313 1218 4383 iu
