<?xml version="1.0" encoding="UTF-8"?>
<!DOCTYPE html PUBLIC "-//W3C//DTD XHTML 1.0 Transitional//EN"
    "http://www.w3.org/TR/xhtml1/DTD/xhtml1-transitional.dtd">
<html xmlns="http://www.w3.org/1999/xhtml" xml:lang="en" lang="en">
 <head>
  <title>
</title>
<meta http-equiv="Content-Type" content="text/html;charset=utf-8" />
  <meta name='ocr-system' content='tesseract 3.04.00' />
  <meta name='ocr-capabilities' content='ocr_page ocr_carea ocr_par ocr_line ocrx_word'/>
</head>
<body>
  <div class='ocr_page' id='page_1' title='image "./tractatusdejudi00goog_0030.png"; bbox 0 0 3050 4984; ppageno 0'>
   <div class='ocr_carea' id='block_1_1' title="bbox 280 464 1047 543">
    <p class='ocr_par' dir='ltr' id='par_1_1' title="bbox 280 464 1047 543">
     <span class='ocr_line' id='line_1_1' title="bbox 280 464 1047 543; baseline 0.014 -13"><span class='ocrx_word' id='word_1_1' title='bbox 280 464 322 531; x_wconf 79' lang='lat'>22</span> <span class='ocrx_word' id='word_1_2' title='bbox 656 492 831 539; x_wconf 81' lang='lat' dir='ltr'>rnucruras</span> <span class='ocrx_word' id='word_1_3' title='bbox 853 493 892 539; x_wconf 84' lang='lat' dir='ltr'>oa</span> <span class='ocrx_word' id='word_1_4' title='bbox 912 494 1047 543; x_wconf 76' lang='lat' dir='ltr'>moreris.</span> 
     </span>
    </p>
   </div>
   <div class='ocr_carea' id='block_1_2' title="bbox 280 610 1422 815">
    <p class='ocr_par' dir='ltr' id='par_1_2' title="bbox 280 610 1422 815">
     <span class='ocr_line' id='line_1_2' title="bbox 280 610 1422 715; baseline 0.017 -40"><span class='ocrx_word' id='word_1_5' title='bbox 280 630 338 700; x_wconf 89' lang='lat' dir='ltr'>per</span> <span class='ocrx_word' id='word_1_6' title='bbox 364 610 519 702; x_wconf 82' lang='lat' dir='ltr'>applicari</span> <span class='ocrx_word' id='word_1_7' title='bbox 547 614 653 703; x_wconf 88' lang='lat' dir='ltr'>potuit</span> <span class='ocrx_word' id='word_1_8' title='bbox 679 614 730 683; x_wconf 92' lang='lat' dir='ltr'>vel</span> <span class='ocrx_word' id='word_1_9' title='bbox 754 615 890 703; x_wconf 90' lang='lat' dir='ltr'>eudem,</span> <span class='ocrx_word' id='word_1_10' title='bbox 923 616 974 685; x_wconf 86' lang='lat' dir='ltr'>vel</span> <span class='ocrx_word' id='word_1_11' title='bbox 998 617 1116 688; x_wconf 68' lang='lat' dir='ltr'>ambis</span> <span class='ocrx_word' id='word_1_12' title='bbox 1142 642 1201 691; x_wconf 90' lang='lat' dir='ltr'>seu</span> <span class='ocrx_word' id='word_1_13' title='bbox 1224 623 1422 715; x_wconf 76' lang='lat' dir='ltr'>aequivalens</span> 
     </span>
     <span class='ocr_line' id='line_1_3' title="bbox 280 717 1057 815; baseline 0.014 -31"><span class='ocrx_word' id='word_1_14' title='bbox 280 738 394 813; x_wconf 72' lang='lat' dir='ltr'>pana,</span> <span class='ocrx_word' id='word_1_15' title='bbox 413 727 445 788; x_wconf 88' lang='lat' dir='ltr'>et</span> <span class='ocrx_word' id='word_1_16' title='bbox 458 717 520 791; x_wconf 90' lang='lat' dir='ltr'>boc</span> <span class='ocrx_word' id='word_1_17' title='bbox 533 728 661 791; x_wconf 89' lang='lat' dir='ltr'>tantum</span> <span class='ocrx_word' id='word_1_18' title='bbox 676 722 729 794; x_wconf 83' lang='lat' dir='ltr'>lex</span> <span class='ocrx_word' id='word_1_19' title='bbox 746 721 876 793; x_wconf 82' lang='lat' dir='ltr'>tubanis</span> <span class='ocrx_word' id='word_1_20' title='bbox 895 724 1057 815; x_wconf 72' lang='lat' dir='ltr'><strong>exigebat.</strong></span> 
     </span>
    </p>
   </div>
   <div class='ocr_carea' id='block_1_3' title="bbox 838 1010 879 1081">
    <p class='ocr_par' dir='ltr' id='par_1_3' title="bbox 838 1010 879 1081">
     <span class='ocr_line' id='line_1_4' title="bbox 838 1010 879 1081; baseline -0.024 0"><span class='ocrx_word' id='word_1_21' title='bbox 838 1010 879 1081; x_wconf 87' lang='lat'>11.</span> 
     </span>
    </p>
   </div>
   <div class='ocr_carea' id='block_1_4' title="bbox 464 1183 1232 1251">
    <p class='ocr_par' dir='ltr' id='par_1_4' title="bbox 464 1183 1232 1251">
     <span class='ocr_line' id='line_1_5' title="bbox 464 1183 1232 1251; baseline -0.001 -14"><span class='ocrx_word' id='word_1_22' title='bbox 464 1184 626 1249; x_wconf 70' lang='lat' dir='ltr'>ammaum</span> <span class='ocrx_word' id='word_1_23' title='bbox 641 1184 748 1235; x_wconf 77' lang='lat' dir='ltr'>tattonis</span> <span class='ocrx_word' id='word_1_24' title='bbox 761 1183 805 1235; x_wconf 82' lang='lat' dir='ltr'>tea</span> <span class='ocrx_word' id='word_1_25' title='bbox 811 1187 892 1249; x_wconf 85' lang='lat' dir='ltr'>prout</span> <span class='ocrx_word' id='word_1_26' title='bbox 904 1186 931 1236; x_wconf 84' lang='lat' dir='ltr'>tn</span> <span class='ocrx_word' id='word_1_27' title='bbox 937 1186 1002 1251; x_wconf 75' lang='lat' dir='ltr'>jum</span> <span class='ocrx_word' id='word_1_28' title='bbox 1016 1186 1125 1237; x_wconf 79' lang='lat' dir='ltr'>Romano</span> <span class='ocrx_word' id='word_1_29' title='bbox 1137 1186 1232 1250; x_wconf 68' lang='lat' dir='ltr'>nipast.</span> 
     </span>
    </p>
   </div>
   <div class='ocr_carea' id='block_1_5' title="bbox 265 1375 1507 4373">
    <p class='ocr_par' dir='ltr' id='par_1_5' title="bbox 265 1375 1511 4147">
     <span class='ocr_line' id='line_1_6' title="bbox 319 1375 1417 1469; baseline 0.001 -25"><span class='ocrx_word' id='word_1_30' title='bbox 319 1375 444 1459; x_wconf 84' lang='lat' dir='ltr'>Primo,</span> <span class='ocrx_word' id='word_1_31' title='bbox 472 1382 599 1445; x_wconf 88' lang='lat' dir='ltr'>certum</span> <span class='ocrx_word' id='word_1_32' title='bbox 628 1384 676 1445; x_wconf 87' lang='lat' dir='ltr'>est</span> <span class='ocrx_word' id='word_1_33' title='bbox 703 1376 848 1467; x_wconf 78' lang='lat' dir='ltr'>viguisse</span> <span class='ocrx_word' id='word_1_34' title='bbox 875 1377 963 1469; x_wconf 90' lang='lat' dir='ltr'>apud</span> <span class='ocrx_word' id='word_1_35' title='bbox 993 1377 1173 1464; x_wconf 85' lang='lat' dir='ltr'>Romanoa,</span> <span class='ocrx_word' id='word_1_36' title='bbox 1202 1386 1235 1445; x_wconf 88' lang='lat' dir='ltr'>ct</span> <span class='ocrx_word' id='word_1_37' title='bbox 1257 1377 1292 1445; x_wconf 92' lang='lat' dir='ltr'>in</span> <span class='ocrx_word' id='word_1_38' title='bbox 1315 1378 1417 1447; x_wconf 85' lang='lat' dir='ltr'>Justi·</span> 
     </span>
     <span class='ocr_line' id='line_1_7' title="bbox 276 1483 1418 1577; baseline 0.003 -25"><span class='ocrx_word' id='word_1_39' title='bbox 276 1486 392 1552; x_wconf 89' lang='lat' dir='ltr'>nianea</span> <span class='ocrx_word' id='word_1_40' title='bbox 412 1483 640 1575; x_wconf 78' lang='lat' dir='ltr'><strong>compilatione</strong></span> <span class='ocrx_word' id='word_1_41' title='bbox 661 1484 818 1553; x_wconf 78' lang='lat' dir='ltr'><strong>sancitam</strong></span> <span class='ocrx_word' id='word_1_42' title='bbox 842 1483 977 1577; x_wconf 86' lang='lat' dir='ltr'>reperiri</span> <span class='ocrx_word' id='word_1_43' title='bbox 1001 1484 1129 1553; x_wconf 89' lang='lat' dir='ltr'>talionis</span> <span class='ocrx_word' id='word_1_44' title='bbox 1149 1506 1293 1576; x_wconf 79' lang='lat' dir='ltr'>panum.</span> <span class='ocrx_word' id='word_1_45' title='bbox 1320 1486 1418 1577; x_wconf 86' lang='lat' dir='ltr'>(Vide</span> 
     </span>
     <span class='ocr_line' id='line_1_8' title="bbox 275 1589 1417 1682; baseline 0.003 -24"><span class='ocrx_word' id='word_1_46' title='bbox 275 1591 381 1680; x_wconf 81' lang='lat' dir='ltr'>legem</span> <span class='ocrx_word' id='word_1_47' title='bbox 404 1589 616 1673; x_wconf 83' lang='lat' dir='ltr'>Lidcliorum,</span> <span class='ocrx_word' id='word_1_48' title='bbox 636 1599 667 1660; x_wconf 89' lang='lat' dir='ltr'>et</span> <span class='ocrx_word' id='word_1_49' title='bbox 683 1592 724 1660; x_wconf 89' lang='lat' dir='ltr'>Si</span> <span class='ocrx_word' id='word_1_50' title='bbox 737 1592 801 1674; x_wconf 89' lang='lat' dir='ltr'>cui,</span> <span class='ocrx_word' id='word_1_51' title='bbox 824 1590 860 1661; x_wconf 85' lang='lat' dir='ltr'>ff.</span> <span class='ocrx_word' id='word_1_52' title='bbox 886 1590 926 1661; x_wconf 84' lang='lat' dir='ltr'>de</span> <span class='ocrx_word' id='word_1_53' title='bbox 945 1589 1231 1674; x_wconf 84' lang='lat' dir='ltr'>Accusationidus;</span> <span class='ocrx_word' id='word_1_54' title='bbox 1244 1630 1290 1645; x_wconf 91' lang='lat'>-</span> <span class='ocrx_word' id='word_1_55' title='bbox 1308 1592 1417 1682; x_wconf 74' lang='lat' dir='ltr'>legem</span> 
     </span>
     <span class='ocr_line' id='line_1_9' title="bbox 274 1696 1418 1787; baseline 0.001 -21"><span class='ocrx_word' id='word_1_56' title='bbox 274 1697 427 1766; x_wconf 85' lang='lat' dir='ltr'>ultimum</span> <span class='ocrx_word' id='word_1_57' title='bbox 443 1696 483 1766; x_wconf 87' lang='lat' dir='ltr'>de</span> <span class='ocrx_word' id='word_1_58' title='bbox 507 1697 780 1781; x_wconf 67' lang='lat' dir='ltr'>decusationibus,</span> <span class='ocrx_word' id='word_1_59' title='bbox 804 1699 839 1766; x_wconf 91' lang='lat' dir='ltr'>in</span> <span class='ocrx_word' id='word_1_60' title='bbox 862 1698 987 1777; x_wconf 83' lang='lat' dir='ltr'>codice;</span> <span class='ocrx_word' id='word_1_61' title='bbox 1003 1734 1049 1751; x_wconf 91' lang='lat'>-</span> <span class='ocrx_word' id='word_1_62' title='bbox 1070 1707 1103 1766; x_wconf 90' lang='lat' dir='ltr'>et</span> <span class='ocrx_word' id='word_1_63' title='bbox 1127 1697 1236 1787; x_wconf 77' lang='lat' dir='ltr'>legem</span> <span class='ocrx_word' id='word_1_64' title='bbox 1259 1702 1292 1786; x_wconf 81' lang='lat'>2,</span> <span class='ocrx_word' id='word_1_65' title='bbox 1320 1720 1349 1765; x_wconf 91' lang='lat' dir='ltr'>c.</span> <span class='ocrx_word' id='word_1_66' title='bbox 1378 1698 1418 1767; x_wconf 84' lang='lat' dir='ltr'>de</span> 
     </span>
     <span class='ocr_line' id='line_1_10' title="bbox 274 1804 1416 1896; baseline -0.001 -22"><span class='ocrx_word' id='word_1_67' title='bbox 274 1804 354 1874; x_wconf 86' lang='lat' dir='ltr'>Fide</span> <span class='ocrx_word' id='word_1_68' title='bbox 362 1805 681 1896; x_wconf 77' lang='lat' dir='ltr'>instrumentorum.)</span> <span class='ocrx_word' id='word_1_69' title='bbox 698 1804 833 1875; x_wconf 77' lang='lat' dir='ltr'><strong>Inducta</strong></span> <span class='ocrx_word' id='word_1_70' title='bbox 845 1814 894 1875; x_wconf 89' lang='lat' dir='ltr'>est</span> <span class='ocrx_word' id='word_1_71' title='bbox 908 1816 1019 1873; x_wconf 86' lang='lat' dir='ltr'>autem</span> <span class='ocrx_word' id='word_1_72' title='bbox 1031 1812 1068 1873; x_wconf 92' lang='lat' dir='ltr'>ut</span> <span class='ocrx_word' id='word_1_73' title='bbox 1082 1812 1188 1873; x_wconf 81' lang='lat' dir='ltr'>terrm</span> <span class='ocrx_word' id='word_1_74' title='bbox 1200 1804 1416 1873; x_wconf 87' lang='lat' dir='ltr'>calumniato-</span> 
     </span>
     <span class='ocr_line' id='line_1_11' title="bbox 275 1909 1413 2003; baseline -0.001 -22"><span class='ocrx_word' id='word_1_75' title='bbox 275 1913 367 1981; x_wconf 88' lang='lat' dir='ltr'>ribus</span> <span class='ocrx_word' id='word_1_76' title='bbox 375 1913 575 1982; x_wconf 81' lang='lat' dir='ltr'>incuteretur</span> <span class='ocrx_word' id='word_1_77' title='bbox 587 1940 594 1991; x_wconf 78' lang='grc' dir='ltr'>ς</span> <span class='ocrx_word' id='word_1_78' title='bbox 607 1936 684 1982; x_wconf 89' lang='lat' dir='ltr'>cum</span> <span class='ocrx_word' id='word_1_79' title='bbox 695 1936 762 1999; x_wconf 89' lang='lat' dir='ltr'>eus,</span> <span class='ocrx_word' id='word_1_80' title='bbox 773 1914 802 1982; x_wconf 92' lang='lat' dir='ltr'>si</span> <span class='ocrx_word' id='word_1_81' title='bbox 812 1914 893 1983; x_wconf 85' lang='lat' dir='ltr'>ialso</span> <span class='ocrx_word' id='word_1_82' title='bbox 901 1934 1067 1982; x_wconf 76' lang='lat' dir='ltr'><strong>accusasse</strong></span> <span class='ocrx_word' id='word_1_83' title='bbox 1081 1909 1413 2003; x_wconf 74' lang='lat' dir='ltr'>deprehenderentur,</span> 
     </span>
     <span class='ocr_line' id='line_1_12' title="bbox 274 2018 1413 2112; baseline 0 -25"><span class='ocrx_word' id='word_1_84' title='bbox 274 2018 393 2087; x_wconf 89' lang='lat' dir='ltr'>similis</span> <span class='ocrx_word' id='word_1_85' title='bbox 411 2028 558 2089; x_wconf 90' lang='lat' dir='ltr'>maneret</span> <span class='ocrx_word' id='word_1_86' title='bbox 573 2040 669 2112; x_wconf 87' lang='lat' dir='ltr'>poena</span> <span class='ocrx_word' id='word_1_87' title='bbox 683 2020 865 2108; x_wconf 87' lang='lat' dir='ltr'>subeunde,</span> <span class='ocrx_word' id='word_1_88' title='bbox 879 2044 946 2112; x_wconf 90' lang='lat' dir='ltr'>qua</span> <span class='ocrx_word' id='word_1_89' title='bbox 960 2042 1049 2107; x_wconf 89' lang='lat' dir='ltr'>reas,</span> <span class='ocrx_word' id='word_1_90' title='bbox 1064 2020 1092 2087; x_wconf 88' lang='lat' dir='ltr'>si</span> <span class='ocrx_word' id='word_1_91' title='bbox 1107 2018 1274 2089; x_wconf 89' lang='lat' dir='ltr'>convictus</span> <span class='ocrx_word' id='word_1_92' title='bbox 1288 2018 1413 2105; x_wconf 86' lang='lat' dir='ltr'>fnisset,</span> 
     </span>
     <span class='ocr_line' id='line_1_13' title="bbox 276 2126 1416 2218; baseline -0.001 -22"><span class='ocrx_word' id='word_1_93' title='bbox 276 2127 387 2217; x_wconf 90' lang='lat' dir='ltr'>puniri</span> <span class='ocrx_word' id='word_1_94' title='bbox 403 2126 577 2196; x_wconf 86' lang='lat' dir='ltr'>debuisset.</span> <span class='ocrx_word' id='word_1_95' title='bbox 595 2126 679 2196; x_wconf 88' lang='lat' dir='ltr'>Hinc</span> <span class='ocrx_word' id='word_1_96' title='bbox 691 2128 764 2218; x_wconf 87' lang='lat' dir='ltr'>jure</span> <span class='ocrx_word' id='word_1_97' title='bbox 780 2129 931 2198; x_wconf 88' lang='lat' dir='ltr'>Romano</span> <span class='ocrx_word' id='word_1_98' title='bbox 952 2137 1087 2196; x_wconf 82' lang='lat' dir='ltr'>caatrrm</span> <span class='ocrx_word' id='word_1_99' title='bbox 1103 2133 1182 2213; x_wconf 87' lang='lat' dir='ltr'>erat,</span> <span class='ocrx_word' id='word_1_100' title='bbox 1200 2134 1237 2196; x_wconf 92' lang='lat' dir='ltr'>ut</span> <span class='ocrx_word' id='word_1_101' title='bbox 1251 2135 1416 2195; x_wconf 87' lang='lat' dir='ltr'>accusator</span> 
     </span>
     <span class='ocr_line' id='line_1_14' title="bbox 273 2232 1416 2327; baseline -0.002 -24"><span class='ocrx_word' id='word_1_102' title='bbox 273 2234 421 2303; x_wconf 86' lang='lat' dir='ltr'>libellum</span> <span class='ocrx_word' id='word_1_103' title='bbox 442 2234 672 2319; x_wconf 59' lang='lat' dir='ltr'>subscriberem</span> <span class='ocrx_word' id='word_1_104' title='bbox 692 2258 756 2327; x_wconf 89' lang='lat' dir='ltr'>qua</span> <span class='ocrx_word' id='word_1_105' title='bbox 779 2234 1013 2327; x_wconf 81' lang='lat' dir='ltr'>subscriptione</span> <span class='ocrx_word' id='word_1_106' title='bbox 1034 2256 1130 2302; x_wconf 89' lang='lat' dir='ltr'>suam</span> <span class='ocrx_word' id='word_1_107' title='bbox 1150 2232 1372 2325; x_wconf 75' lang='lat' dir='ltr'>profitebatur</span> <span class='ocrx_word' id='word_1_108' title='bbox 1384 2242 1416 2301; x_wconf 92' lang='lat' dir='ltr'>et</span> 
     </span>
     <span class='ocr_line' id='line_1_15' title="bbox 274 2339 1416 2433; baseline -0.002 -23"><span class='ocrx_word' id='word_1_109' title='bbox 274 2341 469 2433; x_wconf 82' lang='lat' dir='ltr'>agnoscebat</span> <span class='ocrx_word' id='word_1_110' title='bbox 486 2342 724 2410; x_wconf 80' lang='lat' dir='ltr'>accusationem</span> <span class='ocrx_word' id='word_1_111' title='bbox 748 2344 783 2411; x_wconf 91' lang='lat' dir='ltr'>in</span> <span class='ocrx_word' id='word_1_112' title='bbox 803 2341 915 2411; x_wconf 82' lang='lat' dir='ltr'>libello</span> <span class='ocrx_word' id='word_1_113' title='bbox 939 2340 1135 2432; x_wconf 85' lang='lat' dir='ltr'>descriptam</span> <span class='ocrx_word' id='word_1_114' title='bbox 1162 2367 1170 2407; x_wconf 76' lang='grc' dir='ltr'><strong>ε</strong></span> <span class='ocrx_word' id='word_1_115' title='bbox 1194 2347 1226 2407; x_wconf 90' lang='lat' dir='ltr'>et</span> <span class='ocrx_word' id='word_1_116' title='bbox 1249 2339 1416 2410; x_wconf 83' lang='lat' dir='ltr'>dicebatur</span> 
     </span>
     <span class='ocr_line' id='line_1_16' title="bbox 274 2447 1415 2539; baseline -0.001 -21"><span class='ocrx_word' id='word_1_117' title='bbox 274 2450 471 2519; x_wconf 73' lang='lat' dir='ltr'>susbscriiere</span> <span class='ocrx_word' id='word_1_118' title='bbox 489 2449 525 2517; x_wconf 89' lang='lat' dir='ltr'>in</span> <span class='ocrx_word' id='word_1_119' title='bbox 547 2449 681 2529; x_wconf 67' lang='lat' dir='ltr'>cumen,</span> <span class='ocrx_word' id='word_1_120' title='bbox 707 2470 764 2517; x_wconf 92' lang='lat' dir='ltr'>seu</span> <span class='ocrx_word' id='word_1_121' title='bbox 778 2449 931 2539; x_wconf 76' lang='lat' dir='ltr'>profiteri</span> <span class='ocrx_word' id='word_1_122' title='bbox 949 2449 983 2516; x_wconf 88' lang='lat' dir='ltr'>in</span> <span class='ocrx_word' id='word_1_123' title='bbox 1002 2448 1134 2516; x_wconf 80' lang='lat' dir='ltr'>aimen.</span> <span class='ocrx_word' id='word_1_124' title='bbox 1161 2447 1194 2515; x_wconf 91' lang='lat' dir='ltr'>Is</span> <span class='ocrx_word' id='word_1_125' title='bbox 1215 2455 1327 2516; x_wconf 80' lang='lat' dir='ltr'>autan</span> <span class='ocrx_word' id='word_1_126' title='bbox 1346 2458 1415 2517; x_wconf 88' lang='lat' dir='ltr'>erat</span> 
     </span>
     <span class='ocr_line' id='line_1_17' title="bbox 274 2555 1415 2650; baseline -0.003 -24"><span class='ocrx_word' id='word_1_127' title='bbox 274 2556 466 2650; x_wconf 88' lang='lat' dir='ltr'>hujusmodi</span> <span class='ocrx_word' id='word_1_128' title='bbox 486 2555 731 2646; x_wconf 85' lang='lat' dir='ltr'>subscriptionis</span> <span class='ocrx_word' id='word_1_129' title='bbox 751 2555 896 2642; x_wconf 86' lang='lat' dir='ltr'>effectus,</span> <span class='ocrx_word' id='word_1_130' title='bbox 919 2563 957 2625; x_wconf 84' lang='lat' dir='ltr'>ut</span> <span class='ocrx_word' id='word_1_131' title='bbox 975 2578 1017 2623; x_wconf 82' lang='lat' dir='ltr'>ex</span> <span class='ocrx_word' id='word_1_132' title='bbox 1037 2564 1115 2623; x_wconf 91' lang='lat' dir='ltr'>tunc</span> <span class='ocrx_word' id='word_1_133' title='bbox 1137 2565 1302 2625; x_wconf 89' lang='lat' dir='ltr'>accusator</span> <span class='ocrx_word' id='word_1_134' title='bbox 1325 2564 1415 2624; x_wconf 89' lang='lat' dir='ltr'>tene-</span> 
     </span>
     <span class='ocr_line' id='line_1_18' title="bbox 272 2663 1415 2754; baseline 0 -21"><span class='ocrx_word' id='word_1_135' title='bbox 272 2674 363 2734; x_wconf 90' lang='lat' dir='ltr'>retur</span> <span class='ocrx_word' id='word_1_136' title='bbox 377 2664 614 2733; x_wconf 87' lang='lat' dir='ltr'>accusationem</span> <span class='ocrx_word' id='word_1_137' title='bbox 631 2663 781 2754; x_wconf 84' lang='lat' dir='ltr'>persequi</span> <span class='ocrx_word' id='word_1_138' title='bbox 807 2686 910 2754; x_wconf 87' lang='lat' dir='ltr'>usquc</span> <span class='ocrx_word' id='word_1_139' title='bbox 931 2663 973 2730; x_wconf 90' lang='lat' dir='ltr'>ad</span> <span class='ocrx_word' id='word_1_140' title='bbox 996 2664 1205 2743; x_wconf 70' lang='lat' dir='ltr'>senteutiam</span> <span class='ocrx_word' id='word_1_141' title='bbox 1233 2672 1270 2730; x_wconf 90' lang='lat' dir='ltr'>ut</span> <span class='ocrx_word' id='word_1_142' title='bbox 1285 2663 1415 2733; x_wconf 88' lang='lat' dir='ltr'>deberet</span> 
     </span>
     <span class='ocr_line' id='line_1_19' title="bbox 273 2768 1415 2856; baseline 0 -16"><span class='ocrx_word' id='word_1_143' title='bbox 273 2772 397 2841; x_wconf 88' lang='lat' dir='ltr'>interea</span> <span class='ocrx_word' id='word_1_144' title='bbox 411 2771 525 2840; x_wconf 92' lang='lat' dir='ltr'>eodem</span> <span class='ocrx_word' id='word_1_145' title='bbox 550 2769 648 2838; x_wconf 89' lang='lat' dir='ltr'>modo</span> <span class='ocrx_word' id='word_1_146' title='bbox 667 2792 704 2837; x_wconf 88' lang='lat' dir='ltr'>ac</span> <span class='ocrx_word' id='word_1_147' title='bbox 724 2792 802 2839; x_wconf 86' lang='lat' dir='ltr'>reus</span> <span class='ocrx_word' id='word_1_148' title='bbox 825 2768 971 2838; x_wconf 85' lang='lat' dir='ltr'>custodia</span> <span class='ocrx_word' id='word_1_149' title='bbox 993 2768 1149 2856; x_wconf 73' lang='lat' dir='ltr'>detineri,</span> <span class='ocrx_word' id='word_1_150' title='bbox 1167 2778 1199 2838; x_wconf 90' lang='lat' dir='ltr'>ct</span> <span class='ocrx_word' id='word_1_151' title='bbox 1222 2770 1353 2840; x_wconf 86' lang='lat' dir='ltr'>taudem</span> <span class='ocrx_word' id='word_1_152' title='bbox 1380 2780 1415 2841; x_wconf 90' lang='lat' dir='ltr'>ut</span> 
     </span>
     <span class='ocr_line' id='line_1_20' title="bbox 273 2876 1410 2971; baseline 0.001 -24"><span class='ocrx_word' id='word_1_153' title='bbox 273 2902 350 2948; x_wconf 90' lang='lat' dir='ltr'>casu</span> <span class='ocrx_word' id='word_1_154' title='bbox 376 2902 441 2971; x_wconf 86' lang='lat' dir='ltr'>quo</span> <span class='ocrx_word' id='word_1_155' title='bbox 466 2878 548 2947; x_wconf 86' lang='lat' dir='ltr'>falso</span> <span class='ocrx_word' id='word_1_156' title='bbox 575 2886 765 2961; x_wconf 86' lang='lat' dir='ltr'>accusasset,</span> <span class='ocrx_word' id='word_1_157' title='bbox 789 2899 921 2967; x_wconf 74' lang='lat' dir='ltr'>paenam</span> <span class='ocrx_word' id='word_1_158' title='bbox 946 2876 1077 2945; x_wconf 86' lang='lat' dir='ltr'>talionis</span> <span class='ocrx_word' id='word_1_159' title='bbox 1103 2876 1214 2945; x_wconf 86' lang='lat' dir='ltr'>subire</span> <span class='ocrx_word' id='word_1_160' title='bbox 1241 2876 1372 2947; x_wconf 86' lang='lat' dir='ltr'>deberet</span> <span class='ocrx_word' id='word_1_161' title='bbox 1402 2908 1410 2948; x_wconf 75' lang='grc' dir='ltr'><strong><em>ε</em></strong></span> 
     </span>
     <span class='ocr_line' id='line_1_21' title="bbox 275 2980 1415 3076; baseline -0.001 -21"><span class='ocrx_word' id='word_1_162' title='bbox 275 2987 428 3076; x_wconf 81' lang='lat' dir='ltr'>Quisquis</span> <span class='ocrx_word' id='word_1_163' title='bbox 443 2984 498 3054; x_wconf 88' lang='lat' dir='ltr'>ille</span> <span class='ocrx_word' id='word_1_164' title='bbox 513 2997 558 3052; x_wconf 87' lang='lat' dir='ltr'>cst</span> <span class='ocrx_word' id='word_1_165' title='bbox 569 2984 628 3074; x_wconf 87' lang='lat' dir='ltr'>qui</span> <span class='ocrx_word' id='word_1_166' title='bbox 637 2984 759 3052; x_wconf 84' lang='lat' dir='ltr'>crimen</span> <span class='ocrx_word' id='word_1_167' title='bbox 774 2980 927 3064; x_wconf 79' lang='lat' dir='ltr'>intendit,</span> <span class='ocrx_word' id='word_1_168' title='bbox 939 2982 974 3051; x_wconf 89' lang='lat' dir='ltr'>iu</span> <span class='ocrx_word' id='word_1_169' title='bbox 980 2982 1151 3074; x_wconf 86' lang='lat' dir='ltr'>judicium</span> <span class='ocrx_word' id='word_1_170' title='bbox 1160 2984 1282 3067; x_wconf 87' lang='lat' dir='ltr'>ueniat,</span> <span class='ocrx_word' id='word_1_171' title='bbox 1297 3008 1415 3054; x_wconf 84' lang='lat' dir='ltr'>nomm</span> 
     </span>
     <span class='ocr_line' id='line_1_22' title="bbox 270 3088 1507 3181; baseline 0 -20"><span class='ocrx_word' id='word_1_172' title='bbox 270 3093 319 3161; x_wconf 87' lang='lat' dir='ltr'>rei</span> <span class='ocrx_word' id='word_1_173' title='bbox 333 3091 464 3171; x_wconf 86' lang='lat' dir='ltr'>indicet,</span> <span class='ocrx_word' id='word_1_174' title='bbox 483 3088 650 3158; x_wconf 77' lang='lat' dir='ltr'>maculant</span> <span class='ocrx_word' id='word_1_175' title='bbox 672 3090 890 3181; x_wconf 72' lang='lat' dir='ltr'>inscriptionis</span> <span class='ocrx_word' id='word_1_176' title='bbox 909 3089 1065 3181; x_wconf 84' lang='lat' dir='ltr'>arripiat,</span> <span class='ocrx_word' id='word_1_177' title='bbox 1088 3090 1244 3160; x_wconf 74' lang='lat' dir='ltr'>custodia</span> <span class='ocrx_word' id='word_1_178' title='bbox 1256 3092 1414 3161; x_wconf 86' lang='lat' dir='ltr'>similitu·</span> <span class='ocrx_word' id='word_1_179' title='bbox 1506 3091 1507 3094; x_wconf 48' lang='lat'>&#39;</span> 
     </span>
     <span class='ocr_line' id='line_1_23' title="bbox 270 3196 1414 3289; baseline 0 -22"><span class='ocrx_word' id='word_1_180' title='bbox 270 3201 381 3269; x_wconf 86' lang='lat' dir='ltr'>dinem</span> <span class='ocrx_word' id='word_1_181' title='bbox 395 3196 523 3289; x_wconf 73' lang='lat' dir='ltr'>(hadita</span> <span class='ocrx_word' id='word_1_182' title='bbox 533 3196 831 3287; x_wconf 81' lang='lat' dir='ltr'>tameudipnitatis</span> <span class='ocrx_word' id='word_1_183' title='bbox 844 3197 1072 3288; x_wconf 70' lang='lat' dir='ltr'>estimatione)</span> <span class='ocrx_word' id='word_1_184' title='bbox 1080 3198 1239 3289; x_wconf 84' lang='lat' dir='ltr'>patiatur</span> <span class='ocrx_word' id='word_1_185' title='bbox 1254 3225 1265 3266; x_wconf 92' lang='lat'>.·</span> <span class='ocrx_word' id='word_1_186' title='bbox 1278 3222 1335 3268; x_wconf 81' lang='lat' dir='ltr'>rece</span> <span class='ocrx_word' id='word_1_187' title='bbox 1347 3200 1414 3267; x_wconf 88' lang='lat' dir='ltr'>im·</span> 
     </span>
     <span class='ocr_line' id='line_1_24' title="bbox 265 3303 1414 3401; baseline 0.003 -27"><span class='ocrx_word' id='word_1_188' title='bbox 265 3306 423 3401; x_wconf 88' lang='lat' dir='ltr'>punitum</span> <span class='ocrx_word' id='word_1_189' title='bbox 440 3308 510 3395; x_wconf 78' lang='lat' dir='ltr'>sore</span> <span class='ocrx_word' id='word_1_190' title='bbox 525 3304 649 3371; x_wconf 82' lang='lat' dir='ltr'>noverit</span> <span class='ocrx_word' id='word_1_191' title='bbox 673 3303 842 3371; x_wconf 86' lang='lat' dir='ltr'>licentiam</span> <span class='ocrx_word' id='word_1_192' title='bbox 863 3304 1052 3385; x_wconf 87' lang='lat' dir='ltr'>mentiendi,</span> <span class='ocrx_word' id='word_1_193' title='bbox 1074 3327 1151 3373; x_wconf 87' lang='lat' dir='ltr'>cum</span> <span class='ocrx_word' id='word_1_194' title='bbox 1172 3306 1414 3377; x_wconf 82' lang='lat' dir='ltr'>calumniantes</span> 
     </span>
     <span class='ocr_line' id='line_1_25' title="bbox 267 3410 1410 3505; baseline -0.004 -17"><span class='ocrx_word' id='word_1_195' title='bbox 267 3420 314 3489; x_wconf 89' lang='lat' dir='ltr'>ad</span> <span class='ocrx_word' id='word_1_196' title='bbox 326 3414 505 3487; x_wconf 69' lang='lat' dir='ltr'>vitiatam</span> <span class='ocrx_word' id='word_1_197' title='bbox 520 3422 635 3502; x_wconf 87' lang='lat' dir='ltr'>poscat</span> <span class='ocrx_word' id='word_1_198' title='bbox 654 3410 835 3479; x_wconf 85' lang='lat' dir='ltr'>similitudo</span> <span class='ocrx_word' id='word_1_199' title='bbox 849 3411 1004 3502; x_wconf 84' lang='lat' dir='ltr'>supplicii</span> <span class='ocrx_word' id='word_1_200' title='bbox 1025 3412 1107 3501; x_wconf 81' lang='lat' dir='ltr'>(lege</span> <span class='ocrx_word' id='word_1_201' title='bbox 1121 3413 1339 3483; x_wconf 82' lang='lat' dir='ltr'>Accusationis</span> <span class='ocrx_word' id='word_1_202' title='bbox 1357 3421 1410 3505; x_wconf 85' lang='lat'>17,</span> 
     </span>
     <span class='ocr_line' id='line_1_26' title="bbox 270 3514 1413 3611; baseline -0.003 -14"><span class='ocrx_word' id='word_1_203' title='bbox 270 3524 355 3597; x_wconf 89' lang='lat' dir='ltr'>tituli</span> <span class='ocrx_word' id='word_1_204' title='bbox 370 3529 402 3609; x_wconf 86' lang='lat'>2,</span> <span class='ocrx_word' id='word_1_205' title='bbox 417 3519 494 3590; x_wconf 91' lang='lat' dir='ltr'>libri</span> <span class='ocrx_word' id='word_1_206' title='bbox 509 3522 526 3587; x_wconf 87' lang='lat'><strong>9</strong></span> <span class='ocrx_word' id='word_1_207' title='bbox 543 3514 696 3607; x_wconf 86' lang='lat' dir='ltr'>Codicis).</span> <span class='ocrx_word' id='word_1_208' title='bbox 714 3518 755 3587; x_wconf 90' lang='lat' dir='ltr'>Si</span> <span class='ocrx_word' id='word_1_209' title='bbox 768 3518 823 3587; x_wconf 89' lang='lat' dir='ltr'>cui</span> <span class='ocrx_word' id='word_1_210' title='bbox 834 3519 958 3587; x_wconf 85' lang='lat' dir='ltr'>crimen</span> <span class='ocrx_word' id='word_1_211' title='bbox 968 3518 1161 3609; x_wconf 82' lang='lat' dir='ltr'>objiciatur,</span> <span class='ocrx_word' id='word_1_212' title='bbox 1167 3521 1413 3611; x_wconf 78' lang='lat' dir='ltr'>praecedercde·</span> 
     </span>
     <span class='ocr_line' id='line_1_27' title="bbox 270 3624 1413 3721; baseline -0.001 -19"><span class='ocrx_word' id='word_1_213' title='bbox 270 3636 320 3703; x_wconf 83' lang='lat' dir='ltr'>bet</span> <span class='ocrx_word' id='word_1_214' title='bbox 335 3631 370 3699; x_wconf 89' lang='lat' dir='ltr'>in</span> <span class='ocrx_word' id='word_1_215' title='bbox 385 3629 508 3699; x_wconf 77' lang='lat' dir='ltr'>niman</span> <span class='ocrx_word' id='word_1_216' title='bbox 521 3624 714 3717; x_wconf 76' lang='lat' dir='ltr'>subscriptio</span> <span class='ocrx_word' id='word_1_217' title='bbox 729 3652 740 3692; x_wconf 94' lang='lat'><em>:</em></span> <span class='ocrx_word' id='word_1_218' title='bbox 758 3648 831 3716; x_wconf 75' lang='lat' dir='ltr'>qua</span> <span class='ocrx_word' id='word_1_219' title='bbox 845 3648 895 3693; x_wconf 86' lang='lat' dir='ltr'>res</span> <span class='ocrx_word' id='word_1_220' title='bbox 913 3625 960 3694; x_wconf 87' lang='lat' dir='ltr'>ad</span> <span class='ocrx_word' id='word_1_221' title='bbox 977 3626 1014 3694; x_wconf 84' lang='lat' dir='ltr'>id</span> <span class='ocrx_word' id='word_1_222' title='bbox 1026 3627 1158 3695; x_wconf 84' lang='lat' dir='ltr'>macuta</span> <span class='ocrx_word' id='word_1_223' title='bbox 1177 3640 1235 3711; x_wconf 88' lang='lat' dir='ltr'>est,</span> <span class='ocrx_word' id='word_1_224' title='bbox 1257 3652 1296 3697; x_wconf 86' lang='lat' dir='ltr'>ne</span> <span class='ocrx_word' id='word_1_225' title='bbox 1312 3632 1413 3721; x_wconf 78' lang='lat' dir='ltr'>facile</span> 
     </span>
     <span class='ocr_line' id='line_1_28' title="bbox 268 3732 1412 3833; baseline -0.002 -24"><span class='ocrx_word' id='word_1_226' title='bbox 268 3740 340 3833; x_wconf 84' lang='lat' dir='ltr'>quis</span> <span class='ocrx_word' id='word_1_227' title='bbox 357 3735 509 3829; x_wconf 86' lang='lat' dir='ltr'>prosiliat</span> <span class='ocrx_word' id='word_1_228' title='bbox 525 3732 572 3801; x_wconf 86' lang='lat' dir='ltr'>ad</span> <span class='ocrx_word' id='word_1_229' title='bbox 588 3733 837 3814; x_wconf 66' lang='lat' dir='ltr'>mancationem,</span> <span class='ocrx_word' id='word_1_230' title='bbox 855 3754 931 3801; x_wconf 85' lang='lat' dir='ltr'>cum</span> <span class='ocrx_word' id='word_1_231' title='bbox 946 3733 1028 3801; x_wconf 84' lang='lat' dir='ltr'>sciat</span> <span class='ocrx_word' id='word_1_232' title='bbox 1042 3734 1188 3817; x_wconf 83' lang='lat' dir='ltr'>inultam</span> <span class='ocrx_word' id='word_1_233' title='bbox 1202 3736 1265 3803; x_wconf 80' lang='lat' dir='ltr'>sibi</span> <span class='ocrx_word' id='word_1_234' title='bbox 1276 3758 1412 3807; x_wconf 86' lang='lat' dir='ltr'>accusa-</span> 
     </span>
     <span class='ocr_line' id='line_1_29' title="bbox 269 3840 1411 3937; baseline -0.003 -20"><span class='ocrx_word' id='word_1_235' title='bbox 269 3849 391 3917; x_wconf 87' lang='lat' dir='ltr'>tionem</span> <span class='ocrx_word' id='word_1_236' title='bbox 405 3864 470 3911; x_wconf 85' lang='lat' dir='ltr'>non</span> <span class='ocrx_word' id='word_1_237' title='bbox 481 3842 646 3932; x_wconf 74' lang='lat' dir='ltr'>ficturum.</span> <span class='ocrx_word' id='word_1_238' title='bbox 664 3840 789 3907; x_wconf 81' lang='lat' dir='ltr'>Coeant</span> <span class='ocrx_word' id='word_1_239' title='bbox 804 3840 916 3931; x_wconf 86' lang='lat' dir='ltr'>itaque</span> <span class='ocrx_word' id='word_1_240' title='bbox 928 3840 1059 3932; x_wconf 75' lang='lat' dir='ltr'>cmpuli,</span> <span class='ocrx_word' id='word_1_241' title='bbox 1077 3842 1167 3933; x_wconf 82' lang='lat' dir='ltr'>quod</span> <span class='ocrx_word' id='word_1_242' title='bbox 1187 3842 1309 3912; x_wconf 66' lang='lat' dir='ltr'>cmmen</span> <span class='ocrx_word' id='word_1_243' title='bbox 1321 3845 1411 3937; x_wconf 82' lang='lat' dir='ltr'>obji-</span> 
     </span>
     <span class='ocr_line' id='line_1_30' title="bbox 268 3946 1410 4042; baseline -0.003 -18"><span class='ocrx_word' id='word_1_244' title='bbox 268 3955 370 4033; x_wconf 86' lang='lat' dir='ltr'>ciant,</span> <span class='ocrx_word' id='word_1_245' title='bbox 395 3962 425 4019; x_wconf 88' lang='lat' dir='ltr'>et</span> <span class='ocrx_word' id='word_1_246' title='bbox 434 3958 597 4039; x_wconf 76' lang='lat' dir='ltr'>praterea</span> <span class='ocrx_word' id='word_1_247' title='bbox 616 3959 878 4037; x_wconf 84' lang='lat' dir='ltr'>perseveraturos</span> <span class='ocrx_word' id='word_1_248' title='bbox 894 3970 928 4016; x_wconf 84' lang='lat' dir='ltr'>se</span> <span class='ocrx_word' id='word_1_249' title='bbox 946 3946 984 4015; x_wconf 86' lang='lat' dir='ltr'>in</span> <span class='ocrx_word' id='word_1_250' title='bbox 1001 3948 1139 4018; x_wconf 87' lang='lat' dir='ltr'>crimine</span> <span class='ocrx_word' id='word_1_251' title='bbox 1158 3972 1257 4042; x_wconf 87' lang='lat' dir='ltr'>usque</span> <span class='ocrx_word' id='word_1_252' title='bbox 1275 3950 1323 4019; x_wconf 85' lang='lat' dir='ltr'>ad</span> <span class='ocrx_word' id='word_1_253' title='bbox 1334 3976 1410 4021; x_wconf 85' lang='lat' dir='ltr'>sen-</span> 
     </span>
     <span class='ocr_line' id='line_1_31' title="bbox 268 4049 1253 4147; baseline -0.007 -17"><span class='ocrx_word' id='word_1_254' title='bbox 268 4057 416 4129; x_wconf 83' lang='lat' dir='ltr'>tentiam.</span> <span class='ocrx_word' id='word_1_255' title='bbox 438 4052 536 4143; x_wconf 64' lang='lat' dir='ltr'>pege</span> <span class='ocrx_word' id='word_1_256' title='bbox 551 4051 592 4119; x_wconf 88' lang='lat' dir='ltr'>Si</span> <span class='ocrx_word' id='word_1_257' title='bbox 605 4051 659 4118; x_wconf 87' lang='lat' dir='ltr'>cui</span> <span class='ocrx_word' id='word_1_258' title='bbox 674 4055 708 4136; x_wconf 85' lang='lat'>7,</span> <span class='ocrx_word' id='word_1_259' title='bbox 721 4049 769 4119; x_wconf 89' lang='lat' dir='ltr'>tit.</span> <span class='ocrx_word' id='word_1_260' title='bbox 787 4054 820 4137; x_wconf 83' lang='lat'>2,</span> <span class='ocrx_word' id='word_1_261' title='bbox 836 4050 915 4119; x_wconf 92' lang='lat' dir='ltr'>libri</span> <span class='ocrx_word' id='word_1_262' title='bbox 930 4055 971 4120; x_wconf 80' lang='lat'>48</span> <span class='ocrx_word' id='word_1_263' title='bbox 988 4052 1253 4147; x_wconf 86' lang='lat' dir='ltr'>Pandectarum.)</span> 
     </span>
    </p>

    <p class='ocr_par' dir='ltr' id='par_1_6' title="bbox 267 4156 1410 4373">
     <span class='ocr_line' id='line_1_32' title="bbox 312 4156 1410 4251; baseline -0.001 -17"><span class='ocrx_word' id='word_1_264' title='bbox 312 4158 472 4240; x_wconf 87' lang='lat' dir='ltr'>Secundo,</span> <span class='ocrx_word' id='word_1_265' title='bbox 495 4179 610 4247; x_wconf 82' lang='lat' dir='ltr'>poenae,</span> <span class='ocrx_word' id='word_1_266' title='bbox 636 4180 678 4225; x_wconf 84' lang='lat' dir='ltr'>ex</span> <span class='ocrx_word' id='word_1_267' title='bbox 698 4156 773 4248; x_wconf 86' lang='lat' dir='ltr'>jure</span> <span class='ocrx_word' id='word_1_268' title='bbox 793 4158 956 4247; x_wconf 86' lang='lat' dir='ltr'>Romano,</span> <span class='ocrx_word' id='word_1_269' title='bbox 981 4159 1212 4251; x_wconf 85' lang='lat' dir='ltr'>subjiciebatur</span> <span class='ocrx_word' id='word_1_270' title='bbox 1235 4161 1410 4233; x_wconf 85' lang='lat' dir='ltr'>dumtaxat</span> 
     </span>
     <span class='ocr_line' id='line_1_33' title="bbox 267 4264 1408 4373; baseline 0.003 -33"><span class='ocrx_word' id='word_1_271' title='bbox 267 4272 326 4373; x_wconf 82' lang='lat' dir='ltr'>qui</span> <span class='ocrx_word' id='word_1_272' title='bbox 345 4269 444 4339; x_wconf 69' lang='lat' dir='ltr'>suess</span> <span class='ocrx_word' id='word_1_273' title='bbox 462 4276 493 4335; x_wconf 89' lang='lat' dir='ltr'>et</span> <span class='ocrx_word' id='word_1_274' title='bbox 512 4264 620 4339; x_wconf 85' lang='lat' dir='ltr'>volens</span> <span class='ocrx_word' id='word_1_275' title='bbox 644 4264 756 4336; x_wconf 82' lang='lat' dir='ltr'>falsam</span> <span class='ocrx_word' id='word_1_276' title='bbox 781 4266 1020 4337; x_wconf 76' lang='lat' dir='ltr'>assumtionem</span> <span class='ocrx_word' id='word_1_277' title='bbox 1042 4267 1196 4339; x_wconf 85' lang='lat' dir='ltr'>intulerat</span> <span class='ocrx_word' id='word_1_278' title='bbox 1203 4296 1214 4357; x_wconf 82' lang='lat'>3</span> <span class='ocrx_word' id='word_1_279' title='bbox 1240 4290 1306 4339; x_wconf 91' lang='lat' dir='ltr'>nou</span> <span class='ocrx_word' id='word_1_280' title='bbox 1329 4294 1408 4344; x_wconf 88' lang='lat' dir='ltr'>vero</span> 
     </span>
    </p>
   </div>
   <div class='ocr_carea' id='block_1_6' title="bbox 0 0 1530 4984">
    <p class='ocr_par' dir='ltr' id='par_1_7' title="bbox 0 0 1530 4984">
     <span class='ocr_line' id='line_1_34' title="bbox 0 0 1530 4984; baseline 0 1"><span class='ocrx_word' id='word_1_281' title='bbox 0 0 1530 4984; x_wconf 95' lang='lat' dir='ltr'> </span> 
     </span>
    </p>
   </div>
  </div>
 </body>
</html>
