3050 4984
550 514 625 561 rins
651 514 796 562 scomma.
1176 491 1239 555 295

108 632 224 701 notorii
238 633 427 725 procedere3
446 640 479 704 Ρ
495 636 573 728 quid
590 636 694 705 iecere
709 635 810 728 possit
827 641 883 702 eut
895 632 1009 702 debeat
1020 632 1123 724 judex
1136 632 1170 699 in
1185 631 1241 699 illa

108 738 221 809 notorii
236 740 354 832 specie,
375 764 473 833 quem
493 742 658 812 constituit
676 742 889 833 deprehensio
899 738 1118 832 delinquentia
1129 740 1163 807 in
1178 738 1242 806 sse-

106 859 216 935 grente
229 848 359 917 delicto.

631 1084 708 1175 gr.

537 1271 602 1331 Quid
620 1272 652 1323 eit
667 1270 809 1323 notorium.

149 1501 179 1565 1.
195 1498 371 1589 Dupliciter
386 1498 549 1567 notorium
563 1518 632 1565 esse
646 1504 748 1588 potest
762 1495 894 1588 aliquod
909 1494 1063 1566 delictum
1080 1498 1242 1567 :notorie-

108 1613 166 1701 tete
178 1605 262 1697 juris
276 1614 307 1675 et
322 1606 409 1675 iacti.

148 1716 179 1782 2.
204 1712 407 1784 Notorietatc
419 1712 511 1803 juris
532 1710 686 1781 delictum
710 1711 873 1779 notorium
894 1711 1027 1799 dicitur,
1049 1709 1180 1803 quando
1200 1734 1243 1781 ex

106 1818 172 1909 ipso
186 1819 310 1911 judicio
321 1820 495 1890 notorietes
511 1820 551 1887 de
564 1842 602 1887 eo
616 1817 731 1887 delicto
745 1818 853 1886 oritur
867 1845 875 1885 ι
891 1818 978 1910 quod
996 1820 1032 1886 tit
1046 1820 1218 1911 tripliciter
1232 1848 1240 1888 ι

110 1954 124 1989 a
149 1926 260 1995 Ρνίηιο
286 1948 344 2019 per
365 1935 573 2019 spontaneam
592 1924 827 1993 confessionem
845 1925 904 2012 rei,
929 1925 963 1992 in
982 1925 1106 2017 judicio
1125 1925 1243 1994 factem

110 2060 125 2097 c
147 2044 177 2102 et
188 2054 253 2102 non
271 2040 452 2101 revocatam
472 2033 585 2124 (capite
607 2035 717 2101 Vestro
733 2036 766 2118 7,
783 2041 815 2099 et
830 2033 932 2123 cepite
946 2032 1048 2119 finali,
1059 2034 1099 2101 de
1116 2034 1239 2102 Codab.

110 2165 126 2202 c
147 2138 220 2206 cler.
240 2152 272 2205 et
289 2138 390 2220 mul.,·
403 2146 435 2206 et
456 2138 559 2229 capite
577 2139 660 2207 Cum
679 2138 759 2205 olim
784 2142 838 2224 24,
859 2136 898 2205 de
919 2139 1096 2207 Verborum
1117 2140 1245 2231 sipnifi-

110 2272 124 2307 c
147 2245 299 2335 catione).
323 2244 485 2327 Secundo,
509 2267 566 2335 per
582 2244 693 2335 plenas
712 2244 918 2336 probationes
928 2245 1109 2337 judiciales,
1132 2247 1244 2337 quales

111 2362 224 2421 nsunt
247 2352 462 2444 depositiones
489 2349 628 2419 duorum
651 2352 781 2419 testium
808 2352 898 2419 omni
924 2352 1111 2442 exceptione
1140 2351 1243 2443 majo-

110 2490 124 2523 «
149 2483 235 2546 rum,
252 2468 284 2529 et
299 2461 551 2527 instrumentum
573 2458 739 2550 publicum
756 2458 950 2549 productum
965 2460 998 2525 in
1012 2458 1147 2551 judicio,
1164 2459 1244 2551 qui-

109 2594 125 2631 «
149 2568 221 2653 bus,
237 2566 324 2659 quod
346 2568 380 2633 in
395 2588 491 2633 causa
505 2564 693 2633 conclusum
707 2565 777 2657 jem
796 2567 850 2653 sit,
866 2566 985 2657 opponi
1001 2566 1083 2633 nihil
1103 2567 1243 2658 emplius

111 2702 124 2739 u
150 2682 250 2764 potest
273 2673 388 2765 (capite
411 2674 493 2741 Cum
520 2672 600 2740 olim
621 2671 728 2759 citato,
752 2680 783 2739 et
804 2672 876 2760 lege
897 2670 988 2739 finali
1010 2696 1038 2740 c.
1062 2671 1101 2740 de
1120 2674 1244 2742 Probo·

111 2808 126 2847 c
152 2780 316 2871 tionibus).
336 2780 440 2847 Tertio
451 2800 509 2871 per
525 2778 714 2847 sententiam
731 2777 932 2847 definitivam
948 2778 1243 2849 condemnatoriam

110 2915 126 2953 c
149 2887 190 2956 ad
204 2910 347 2978 poenam,
372 2887 422 2955 vel
441 2884 686 2954 declaratoriem
708 2885 867 2973 criminis,
888 2908 963 2977 quae
980 2887 1108 2955 transiit
1123 2887 1156 2955 in
1173 2909 1243 2957 rem

111 3021 126 3059 c
148 2993 334 3085 judicatam.
354 3020 369 3057 o

154 3126 169 3165 c
186 3106 216 3168 3.
230 3100 324 3169 Facti
335 3100 527 3168 notorietotc
543 3096 707 3166 notorium
723 3104 783 3184 est,
800 3097 888 3189 quod
904 3106 1122 3189 perpetratum
1144 3108 1192 3168 est
1208 3101 1244 3169 in

112 3234 127 3273 c
150 3209 249 3278 oculis
270 3206 454 3294 hominum,
470 3214 547 3298 puta
564 3206 661 3274 totius
676 3205 728 3272 vel
744 3203 876 3295 majoris
890 3205 991 3295 pertis
1004 3205 1142 3298 alicujus
1158 3209 1242 3275 vici-

113 3342 128 3379 e
150 3316 224 3405 niae,
235 3314 411 3408 parochiae,
420 3314 559 3402 collegii,
578 3320 654 3399 etc,
669 3319 706 3379 ut
721 3311 789 3379 ulla
805 3312 1069 3400 tergiversatione
1081 3314 1179 3382 celari
1192 3318 1243 3384 vel

111 3444 126 3487 c
150 3424 258 3512 negari
274 3430 422 3514 nequeat.

153 3558 168 3594 c
188 3530 256 3599 Hoc
276 3529 352 3599 iacti
367 3528 531 3597 notorium
548 3528 665 3619 triplex
681 3533 729 3595 est
746 3553 753 3593 :
773 3527 1004 3617 permanentia,
1029 3531 1240 3617 transeuntis,

113 3662 129 3701 c
150 3646 179 3705 et
197 3636 391 3727 interpolati.
418 3635 588 3705 Notorium
602 3635 686 3725 facti
696 3634 919 3725 permanentis
937 3642 996 3720 est,
1014 3636 1102 3727 qnod
1119 3639 1243 3706 notorie

114 3767 174 3813 use
188 3744 320 3813 exhibet
335 3742 449 3831 oculis,
466 3750 497 3811 et
520 3742 594 3809 facti
608 3741 883 3810 continuationem
900 3740 1007 3829 habet,
1025 3752 1062 3810 ut
1077 3743 1111 3811 id
1132 3744 1243 3814 videre

113 3876 127 3913 c
149 3874 258 3920 omnes
274 3852 437 3944 possint...
453 3849 623 3918 Notorium
639 3848 723 3939 facti
736 3847 931 3915 transeuntis
950 3870 1008 3916 seu
1028 3853 1244 3919 momentanei

115 3956 229 4027 cillnd
249 3958 381 4043 dicitur,
402 3957 489 4049 quod
516 3957 551 4024 in
571 3962 742 4046 conspectu
763 3954 876 4046 popuii
900 3956 1010 4044 totius,
1035 3957 1088 4024 vel
1112 3958 1243 4049 majoris

114 4090 129 4129 c
150 4064 234 4135 itlius
254 4066 355 4157 pertis
377 4064 586 4133 commissum
602 4069 662 4146 est,
680 4070 712 4130 et
736 4084 793 4129 nec
812 4062 1086 4132 continuationem
1106 4086 1165 4131 uec
1181 4066 1244 4133 ite-

116 4197 130 4235 α
152 4173 303 4241 rationem
329 4170 404 4239 fecti
434 4170 528 4239 habet
551 4198 558 4237 :
584 4168 679 4262 quale
705 4178 752 4237 est
777 4168 993 4237 homicidium
1018 4179 1181 4262 petreium
1208 4174 1242 4241 in

116 4304 130 4343 c
150 4280 252 4373 platea
273 4287 329 4347 aut
351 4278 422 4347 foro
438 4278 578 4371 publico.
597 4277 769 4346 Notarium
785 4275 925 4372 denique
938 4278 1022 4374 [acti
1040 4278 1242 4375 interpolati,
