3050 4984
549 493 624 542 sess
647 493 793 546 smnnnn
1196 475 1232 542 tt

146 611 234 683 ldem
247 613 461 685 confirmatur
478 637 520 684 ex
540 619 643 710 capite
668 617 819 701 Qualiter
835 628 868 684 et
882 613 1016 708 quanda
1039 614 1107 707 (tt,
1130 615 1180 685 tit.
1204 622 1236 702 1,

102 719 156 788 lib.
175 722 331 814 ibach).
353 722 402 792 lbi
420 724 509 792 euim
528 747 594 793 non
615 725 723 792 miuus
742 723 968 792 universaliter
981 724 1175 810 declaratur,
1197 726 1238 792 sd

103 827 343 920 inquisitorium
361 852 546 921 processum
561 831 757 923 praersquiri
771 830 953 899 infamiam.
969 831 1064 913 Quod
1084 838 1193 900 mmeu
1212 832 1240 898 si

103 956 215 1004 veram
235 958 302 1005 non
320 947 403 1006 esset
422 937 553 1029 mendo
573 937 615 1006 ad
633 937 819 1006 instantiam
842 936 1090 1024 denuntiatoris,
1109 959 1241 1030 plenam

102 1039 207 1110 delicti
224 1046 461 1136 prosequentis,
475 1043 644 1137 inquisitio
659 1043 852 1131 instituitur,
864 1041 900 1112 id
913 1043 1077 1133 legislator
1087 1043 1240 1114 Pontifex

101 1149 360 1238 premonuisset.

144 1256 305 1326 Probatur
321 1263 368 1346 3⁰,
389 1281 430 1326 ee
445 1259 563 1350 plesse.
580 1297 625 1312 -
638 1259 710 1328 Jam
726 1259 788 1326 snb
807 1257 1003 1349 precedenti
1023 1257 1240 1350 propositione

101 1361 215 1452 glossat
233 1364 332 1433 verba
344 1365 529 1451 retulimus,
545 1388 621 1457 quae
636 1365 770 1434 omnino
787 1364 1058 1451 demonstrant,a
1078 1365 1241 1433 veteribus

97 1468 180 1558 juris
200 1471 284 1540 sacri
305 1472 538 1564 interpretibus
558 1473 592 1542 iu
613 1495 711 1540 seusu
732 1493 832 1564 quem
853 1470 1059 1541 defendimus
1080 1471 1241 1540 intellecta

101 1575 196 1646 tunae
219 1577 451 1647 Innocentiena
472 1577 610 1648 decreta.
637 1578 724 1661 Quid
749 1601 866 1670 nempe
888 1578 950 1647 boc
968 1578 1123 1670 loquendi
1144 1581 1239 1648 modo

100 1682 238 1752 clarius?
254 1687 296 1753 Si
312 1709 387 1754 vero
399 1685 556 1778 praeta
564 1685 675 1778 judee
689 1683 736 1752 ad
747 1685 943 1777 petitionem
959 1685 1103 1776 alicujus
1111 1709 1241 1778 moeu-

100 1792 202 1859 rantis
215 1793 458 1883 inquisitionem
476 1845 527 1876 ...,
545 1793 575 1861 si
589 1793 645 1862 ille
662 1793 790 1885 (nempe
808 1795 895 1882 reus}
914 1805 1048 1883 separet
1064 1794 1241 1885 infamiam

95 1898 301 1986 parmense,
315 1913 480 1990 aequasset
486 1896 716 1991 primojudea
731 1909 847 1964 utrum
858 1897 903 1964 sit
913 1897 1136 1987 infamatus...
1150 1898 1241 1969 Alias

97 2025 159 2070 nan
166 2003 340 2095 pracedat,
355 2005 420 2073 nisi
426 2006 542 2096 prima
557 2017 677 2074 constet
690 2003 781 2095 quod
794 2003 838 2071 sit
852 2003 1046 2093 infamatus.

142 2111 297 2201 Objicies.
316 2110 351 2180 Si
363 2135 415 2181 res
430 2113 510 2181 adeo
519 2113 606 2181 clera
617 2111 742 2197 luisset,
756 2109 844 2202 apud
856 2109 1045 2178 subsecutos
1056 2111 1240 2181 canonistas

97 2219 131 2286 iu
150 2221 406 2290 controversiam
425 2243 491 2288 non
513 2217 642 2288 ivisset)
656 2217 861 2310 Respondes,
879 2218 1026 2286 doctores
1047 2217 1120 2286 illos
1142 2222 1241 2288 nimis

96 2325 178 2393 forte
193 2327 368 2395 attendisse
385 2327 426 2394 ad
442 2325 601 2419 quosdam
613 2325 701 2416 juris
716 2325 858 2394 Romani
873 2331 993 2413 textus,
1010 2325 1070 2416 qui
1084 2329 1240 2395 contrarii

96 2433 305 2520 videbantur,
325 2444 356 2502 et
373 2433 414 2502 ad
429 2433 644 2502 tribunalium
662 2431 868 2502 anemurium
886 2431 1029 2522 praxim.
1045 2432 1156 2502 blelius
1175 2456 1239 2502 au-

96 2546 158 2606 tem
182 2537 297 2607 inisset
323 2538 442 2627 dicere,
466 2541 521 2632 jus
546 2538 739 2608 canonicum
761 2540 797 2606 in
822 2538 984 2629 ejusmodi
1008 2540 1142 2607 materia
1163 2561 1239 2608 cum

94 2645 308 2714 sacularibus
319 2645 449 2737 legibus
461 2670 527 2716 non
537 2648 664 2736 integre
673 2644 881 2732 meccedem,
894 2667 993 2737 quam
1001 2644 1130 2714 decreta
1137 2646 1240 2714 eccle-

92 2751 221 2818 siastica
234 2750 275 2818 ad
288 2750 372 2820 hanc
386 2751 649 2822 concordantiam
664 2752 824 2821 violenter
839 2751 978 2820 trahere.

134 2859 324 2928 Pnoeosmo
337 2859 409 2927 111⁸.
425 2899 471 2914 -
487 2860 622 2928 Preciae
637 2859 787 2950 infamia
799 2859 979 2940 necessitas,
998 2859 1034 2927 in
1042 2860 1242 2950 precedenti

87 2965 314 3056 propositione
339 2980 474 3048 asserta,
507 2965 638 3035 uidetur
659 2966 760 3034 etiam
780 2964 999 3047 admittenda,
1022 2968 1155 3057 mando
1181 2968 1239 3036 de-

91 3072 267 3140 nuntiator
282 3085 329 3140 est
340 3073 489 3165 officialis
495 3073 660 3164 publicus,
678 3073 768 3142 umbi
781 3073 905 3163 pratia,
919 3072 1041 3162 meala's
1051 3088 1236 3165 prontotor.

91 3216 133 3229 -
149 3179 189 3246 ld
211 3179 360 3271 qnidam,
375 3190 413 3248 ut
430 3183 702 3272 praemonuimus,
719 3179 823 3270 rejicit
846 3181 1051 3249 communior
1069 3183 1238 3252 doctorum

91 3287 262 3354 sententie.
287 3287 351 3354 Sed
365 3287 489 3378 prima,
512 3288 698 3378 opinionem
712 3309 805 3354 suam
817 3285 902 3377 juris
916 3287 1000 3354 sacri
1012 3289 1156 3356 testim
1171 3312 1238 3358 non

90 3391 243 3460 fundant.
262 3393 416 3483 Allegaut
430 3394 600 3462 dumtaxat
616 3415 715 3460 unam
727 3401 784 3459 aut
799 3394 933 3460 alteram
946 3393 1031 3484 juris
1044 3393 1238 3465 Justiniauei

90 3498 336 3591 dispositionem
348 3525 356 3584 ;
369 3502 535 3592 praeeipue
548 3523 626 3568 vero
637 3501 743 3589 legem
755 3503 773 3564 7
790 3499 910 3568 codicis
924 3502 985 3591 (tit.
999 3501 1039 3567 de
1052 3504 1238 3571 Accusatio·

89 3608 213 3696 nibus),
230 3629 305 3698 quae
321 3609 368 3675 sic
379 3607 475 3675 habet
491 3635 498 3675 :
514 3611 568 3677 Ea
582 3606 713 3698 quidam
728 3627 803 3697 quac
813 3628 876 3697 per
889 3607 1034 3699 officium
1043 3609 1237 3699 presidibus

88 3712 342 3796 denuntiantur,
367 3715 449 3782 citra
467 3714 625 3783 solemnia
643 3713 890 3782 accusationum
906 3737 999 3805 posse
1010 3716 1172 3806 perpendi
1185 3719 1238 3785 in·

88 3823 258 3912 cupidum
269 3845 335 3890 nan
347 3834 404 3891 est.
419 3823 620 3914 Responderi
632 3832 740 3890 autem
755 3831 871 3912 potest,
884 3843 1004 3913 essper
1015 3822 1165 3891 officiales
1176 3847 1236 3915 pu-

87 3929 191 3997 blicos
209 3929 469 4000 denuntiationes
488 3931 648 3999 restrictas
673 3929 774 3996 fuisse
792 3930 834 3997 ad
854 3930 1029 4020 quamdam
1047 3933 1237 4019 graviorum

87 4035 448 4128 flagitiorumspeciem,
459 4060 533 4128 ques
544 4035 731 4127 reipubiicae
743 4035 1051 4127 tranquillitatemin
1065 4038 1237 4107 discrimen

86 4145 292 4212 adduxisset.
313 4141 427 4212 «Ordo
440 4143 658 4234 inquisitionis
671 4143 760 4233 apud
771 4143 936 4211 Romanos
950 4143 1007 4232 (ait
1019 4144 1189 4230 Gamales,
1202 4147 1237 4213 in

90 4279 107 4317 ι
131 4252 182 4320 tit.
202 4256 236 4338 1,
252 4251 311 4318 lib.
333 4256 350 4318 5
370 4253 480 4341 Deam,
497 4273 530 4320 u.
551 4252 583 4340 9)
599 4251 672 4320 talis
690 4259 759 4318 erat
779 4277 787 4318 z
805 4251 1002 4338 lrenarcbae,
1020 4253 1160 4338 (luciosi,
1182 4277 1240 4323 seu

256 4377 289 4424 11.
1063 4368 1083 4422 o
