3050 4984
556 511 630 557 rurs
657 509 802 558 sueonos.
1185 481 1246 559 573

98 630 264 724 prxtensi,
289 645 320 701 et
331 630 416 723 petit
435 630 498 700 sibi
510 653 586 700 cum
602 633 714 725 effectu
727 631 805 702 dari
822 631 986 725 inteqrarn
1001 633 1131 728 copiam
1156 648 1248 706 aeto-

100 761 190 822 rum,
212 737 371 832 appositis
396 737 498 808 etiam
511 760 571 807 suo
595 738 664 808 loeo
678 739 867 809 nominibus
889 741 1033 824 testium,
1050 765 1126 811 cum
1142 743 1249 812 intur·

100 847 161 917 aar
176 861 291 917 contra
317 868 431 916 eorum
446 869 607 939 personas
630 847 786 940 excipere,
800 847 1027 940 protestando,
1046 861 1128 933 eto.‚·
1153 852 1246 920 salva

100 977 226 1048 semper
241 952 412 1024 reserando
424 956 466 1025 N.
480 953 595 1046 judici
607 953 716 1024 debita
730 955 929 1039 reuerentia;
944 956 1029 1025 etsie
1041 957 1143 1027 instat
1154 959 1248 1027 omni

98 1063 231 1132 meliori
251 1063 360 1132 moola.
376 1102 422 1115 -
435 1065 509 1155 Epo
533 1065 591 1146 N„
604 1075 769 1156 patronus
794 1064 876 1155 (sive
892 1066 1109 1156 procurator),
1120 1079 1202 1159 peto
1215 1079 1246 1136 et

100 1171 188 1241 insto
202 1185 240 1240 ut
255 1194 368 1263 supra.

147 1303 165 1344 a
190 1281 266 1361 Oua
275 1278 439 1370 petitione
450 1290 662 1370 presentata,
691 1279 865 1348 mandavit
876 1282 1039 1372 prefatus
1052 1281 1246 1350 reuerendus

104 1386 251 1456 Viearius
272 1386 431 1476 qeneralis
454 1386 584 1478 copiam
605 1397 742 1456 actuum
764 1387 851 1456 dioto
873 1401 1019 1480 patrona
1040 1388 1248 1479 cansionae&

96 1494 200 1562 etiam
214 1515 289 1562 oum
300 1493 431 1562 nomine
445 1493 588 1576 testium,
597 1495 688 1583 saeta
700 1494 797 1587 prius
809 1518 831 1563 a
846 1517 900 1564 reo
914 1495 1143 1578 declaratione,
1157 1497 1247 1588 quod

96 1613 191 1671 testes
204 1600 336 1670 liaberet
344 1623 410 1693 pro
427 1599 571 1693 lepitime
594 1599 715 1683 citans,
732 1601 868 1694 receptis
889 1612 921 1669 et
935 1600 1147 1670 examinatis.
1164 1603 1246 1670 Aeta

95 1721 173 1777 sant
187 1708 255 1778 lexa
268 1707 321 1776 elie
394 1707 512 1775 massis
601 1729 729 1776 anno...
748 1747 794 1760 -
816 1710 890 1798 Epa
906 1709 964 1790 N„
992 1707 1136 1776 Viearius
1148 1731 1244 1800 qene-

96 1815 191 1884 rolis.
208 1853 252 1868 -
267 1817 340 1905 Epo
354 1816 413 1896 N„
428 1813 608 1883 actuarius.
627 1840 644 1878 s

632 2040 716 2132 su.

402 2196 496 2246 Forma
508 2192 679 2260 confignsndi
693 2193 798 2259 copiam
808 2197 935 2246 aetorum.

146 2362 163 2403 a
191 2339 399 2430 Quapropter
419 2337 609 2428 cornipnata
630 2357 695 2428 per
719 2358 774 2404 me
797 2335 988 2405 actuarium
1011 2335 1078 2427 ficit
1097 2339 1241 2429 praefato

95 2443 231 2513 domino
250 2446 308 2527 N„
325 2454 471 2535 patrono
501 2441 581 2534 (sive
606 2440 822 2534 procuratori)
838 2439 1015 2510 memorati
1038 2439 1167 2511 domini
1179 2443 1239 2524 N„

94 2549 192 2643 copia
205 2561 367 2634 aetorum
392 2549 432 2619 cle
445 2548 540 2620 uerbo
558 2547 753 2620 adverbum
777 2547 991 2618 collationato
1014 2560 1045 2617 et
1073 2547 1243 2618 authenti-

94 2669 196 2740 cata‚·
211 2657 269 2749 qui
285 2679 360 2726 earn
375 2657 505 2748 reecpit,
531 2655 593 2724 sibi
606 2667 769 2724 reseruata
786 2654 867 2744 jure
876 2653 1012 2747 petendi
1027 2655 1244 2748 prorepatio-

93 2787 171 2833 nem
186 2763 319 2833 termini
340 2762 522 2854 defuuorii,
547 2763 680 2831 testium
704 2761 931 2854 repetitionem
950 2769 1059 2854 juxta
1083 2762 1243 2831 articulos

93 2869 366 2962 interroqatorios
374 2891 437 2960 per
458 2891 490 2938 se
516 2867 652 2951 dandos,
679 2881 710 2936 et
721 2868 973 2960 fabricationem
987 2869 1066 2937 noui
1073 2891 1243 2961 processus

94 2977 272 3070 defensiui,·
288 2989 443 3068 testesque
453 2998 514 3067 per
532 2975 660 3044 curiam
683 2974 890 3043 examinatos
905 2997 969 3066 pro
985 2974 1129 3066 repetitis
1144 2989 1175 3044 et
1193 2976 1241 3044 le-

93 3086 212 3177 pitime
226 3085 360 3176 receptis
374 3084 490 3153 lsabuit
508 3110 518 3150 :
534 3084 574 3152 de
589 3081 708 3174 quibus
723 3095 755 3150 et
777 3081 915 3173 sinpulis
935 3105 1082 3176 expresse
1100 3096 1146 3152 est
1159 3106 1243 3176 pro-

93 3205 246 3262 testatus.
268 3193 349 3261 Acta
363 3203 439 3260 sunt
465 3191 535 3260 lxo
555 3189 608 3259 elie
680 3189 799 3258 mensis
871 3190 994 3259 anui...
1018 3229 1064 3243 -
1082 3195 1156 3283 Epo
1180 3195 1239 3275 N„

85 3312 267 3393 patronus,
284 3300 413 3391 affirmo
424 3319 574 3367 oeraesse
589 3318 665 3389 poree
677 3319 793 3390 supra.
805 3334 851 3348 -
861 3298 933 3388 Epo
947 3299 1005 3380 N„
1024 3300 1204 3368 actuarius.
1219 3325 1237 3365 s

515 3507 517 3514 ’
611 3509 719 3604 em.

387 3668 480 3718 Forma
493 3665 687 3718 authentieandi
701 3664 805 3731 copiam
818 3667 945 3716 setarum.

140 3823 244 3894 Ponat
258 3821 421 3892 actuarius
431 3820 472 3890 ad
486 3819 605 3889 eneam
621 3819 722 3911 sopire
739 3816 801 3886 hoe
816 3817 913 3887 modo
931 3841 939 3883 ι

144 3955 410 4049 «Suprascripta
425 3955 519 4049 copia
531 3953 600 4045 fuit
613 3952 654 4021 cle
667 3950 762 4021 uerba
778 3949 825 4019 at
838 3950 972 4020 rubum
987 3973 1049 4044 per
1062 3975 1115 4023 me
1128 3955 1237 4047 infra·

93 4062 255 4154 scriptum
267 4086 343 4132 cum
355 4085 415 4132 suo
434 4059 591 4152 oripinali
609 4081 709 4151 penes
725 4079 778 4127 me
789 4057 941 4126 existenti
953 4058 1179 4144 collationato,
1203 4078 1235 4134 et

90 4169 188 4264 plene
201 4169 237 4239 in
249 4169 398 4239 amenius
409 4165 596 4237 coneordat.
613 4169 812 4256 inquorum
829 4162 941 4255 fidem.
958 4203 1003 4218 -
1017 4167 1091 4259 Epo
1104 4171 1163 4253 Ν.,
1180 4193 1236 4241 ae-

96 4275 239 4348 tuarius.
256 4303 273 4344 s
