<?xml version="1.0" encoding="UTF-8"?>
<!DOCTYPE html PUBLIC "-//W3C//DTD XHTML 1.0 Transitional//EN"
    "http://www.w3.org/TR/xhtml1/DTD/xhtml1-transitional.dtd">
<html xmlns="http://www.w3.org/1999/xhtml" xml:lang="en" lang="en">
 <head>
  <title>
</title>
<meta http-equiv="Content-Type" content="text/html;charset=utf-8" />
  <meta name='ocr-system' content='tesseract 3.04.00' />
  <meta name='ocr-capabilities' content='ocr_page ocr_carea ocr_par ocr_line ocrx_word'/>
</head>
<body>
  <div class='ocr_page' id='page_1' title='image "./tractatusdejudi00goog_0098.png"; bbox 0 0 3050 4984; ppageno 0'>
   <div class='ocr_carea' id='block_1_1' title="bbox 279 444 1047 508">
    <p class='ocr_par' dir='ltr' id='par_1_1' title="bbox 279 444 1047 508">
     <span class='ocr_line' id='line_1_1' title="bbox 279 444 1047 508; baseline 0 -2"><span class='ocrx_word' id='word_1_1' title='bbox 279 444 319 506; x_wconf 79' lang='lat' dir='ltr'><strong>to</strong></span> <span class='ocrx_word' id='word_1_2' title='bbox 653 457 830 508; x_wconf 75' lang='lat' dir='ltr'><strong>ursmarus</strong></span> <span class='ocrx_word' id='word_1_3' title='bbox 853 460 892 507; x_wconf 80' lang='lat' dir='ltr'><strong>ns</strong></span> <span class='ocrx_word' id='word_1_4' title='bbox 912 459 1047 508; x_wconf 80' lang='lat' dir='ltr'><strong>sunium.</strong></span> 
     </span>
    </p>
   </div>
   <div class='ocr_carea' id='block_1_2' title="bbox 272 582 1514 1190">
    <p class='ocr_par' dir='ltr' id='par_1_2' title="bbox 272 582 1514 1190">
     <span class='ocr_line' id='line_1_2' title="bbox 274 582 1420 675; baseline 0.002 -25"><span class='ocrx_word' id='word_1_5' title='bbox 274 583 396 652; x_wconf 88' lang='lat' dir='ltr'><strong>tionem</strong></span> <span class='ocrx_word' id='word_1_6' title='bbox 409 583 580 675; x_wconf 80' lang='lat' dir='ltr'><em>specialem</em></span> <span class='ocrx_word' id='word_1_7' title='bbox 594 582 788 673; x_wconf 81' lang='lat' dir='ltr'><strong>regulariter</strong></span> <span class='ocrx_word' id='word_1_8' title='bbox 796 583 1045 675; x_wconf 81' lang='lat' dir='ltr'><strong>praerequiritur</strong></span> <span class='ocrx_word' id='word_1_9' title='bbox 1059 582 1183 674; x_wconf 73' lang='lat' dir='ltr'><strong>praevia</strong></span> <span class='ocrx_word' id='word_1_10' title='bbox 1193 582 1328 652; x_wconf 74' lang='lat' dir='ltr'><strong>infamia</strong></span> <span class='ocrx_word' id='word_1_11' title='bbox 1340 606 1420 675; x_wconf 89' lang='lat' dir='ltr'><strong>pro·</strong></span> 
     </span>
     <span class='ocr_line' id='line_1_3' title="bbox 274 688 1420 782; baseline 0 -24"><span class='ocrx_word' id='word_1_12' title='bbox 274 688 344 782; x_wconf 88' lang='lat' dir='ltr'><strong>prie</strong></span> <span class='ocrx_word' id='word_1_13' title='bbox 361 689 458 778; x_wconf 84' lang='lat' dir='ltr'><strong>diota,</strong></span> <span class='ocrx_word' id='word_1_14' title='bbox 478 698 515 760; x_wconf 91' lang='lat' dir='ltr'><strong>ut</strong></span> <span class='ocrx_word' id='word_1_15' title='bbox 534 690 621 760; x_wconf 86' lang='lat' dir='ltr'><strong>inira</strong></span> <span class='ocrx_word' id='word_1_16' title='bbox 640 691 836 782; x_wconf 80' lang='lat' dir='ltr'>probamus,</span> <span class='ocrx_word' id='word_1_17' title='bbox 854 691 898 759; x_wconf 90' lang='lat' dir='ltr'><strong>ita</strong></span> <span class='ocrx_word' id='word_1_18' title='bbox 916 691 1002 759; x_wconf 88' lang='lat' dir='ltr'><strong>etin</strong></span> <span class='ocrx_word' id='word_1_19' title='bbox 1023 712 1183 782; x_wconf 86' lang='lat' dir='ltr'><strong>casuque</strong></span> <span class='ocrx_word' id='word_1_20' title='bbox 1202 690 1366 759; x_wconf 83' lang='lat' dir='ltr'><strong>Praelatus</strong></span> <span class='ocrx_word' id='word_1_21' title='bbox 1384 691 1420 758; x_wconf 91' lang='lat' dir='ltr'><strong>in</strong></span> 
     </span>
     <span class='ocr_line' id='line_1_4' title="bbox 272 797 1419 891; baseline 0 -25"><span class='ocrx_word' id='word_1_22' title='bbox 272 797 540 866; x_wconf 78' lang='lat' dir='ltr'><strong>communitatem</strong></span> <span class='ocrx_word' id='word_1_23' title='bbox 564 798 706 891; x_wconf 80' lang='lat' dir='ltr'><strong>aliquem</strong></span> <span class='ocrx_word' id='word_1_24' title='bbox 733 797 1002 884; x_wconf 84' lang='lat' dir='ltr'><strong>determinatam,</strong></span> <span class='ocrx_word' id='word_1_25' title='bbox 1029 819 1098 866; x_wconf 89' lang='lat' dir='ltr'><strong>non</strong></span> <span class='ocrx_word' id='word_1_26' title='bbox 1121 804 1231 866; x_wconf 88' lang='lat' dir='ltr'><strong>autem</strong></span> <span class='ocrx_word' id='word_1_27' title='bbox 1255 797 1289 864; x_wconf 93' lang='lat' dir='ltr'><strong>in</strong></span> <span class='ocrx_word' id='word_1_28' title='bbox 1316 805 1419 866; x_wconf 86' lang='lat' dir='ltr'><strong>totam</strong></span> 
     </span>
     <span class='ocr_line' id='line_1_5' title="bbox 274 902 1417 997; baseline 0.001 -26"><span class='ocrx_word' id='word_1_29' title='bbox 274 902 452 992; x_wconf 73' lang='lat' dir='ltr'><strong>diocesim,</strong></span> <span class='ocrx_word' id='word_1_30' title='bbox 469 905 652 995; x_wconf 76' lang='lat' dir='ltr'><strong>generalem</strong></span> <span class='ocrx_word' id='word_1_31' title='bbox 671 903 915 997; x_wconf 76' lang='lat' dir='ltr'><strong>inquisitionem</strong></span> <span class='ocrx_word' id='word_1_32' title='bbox 928 904 1000 973; x_wconf 81' lang='lat' dir='ltr'><strong>vult</strong></span> <span class='ocrx_word' id='word_1_33' title='bbox 1008 903 1216 996; x_wconf 82' lang='lat' dir='ltr'><strong>judicialiter</strong></span> <span class='ocrx_word' id='word_1_34' title='bbox 1234 903 1417 991; x_wconf 75' lang='lat' dir='ltr'><strong>instituere,</strong></span> 
     </span>
     <span class='ocr_line' id='line_1_6' title="bbox 276 1011 1514 1104; baseline 0.002 -26"><span class='ocrx_word' id='word_1_35' title='bbox 276 1033 403 1080; x_wconf 84' lang='lat' dir='ltr'><strong>neeesse</strong></span> <span class='ocrx_word' id='word_1_36' title='bbox 417 1011 478 1080; x_wconf 89' lang='lat' dir='ltr'><strong>erit</strong></span> <span class='ocrx_word' id='word_1_37' title='bbox 493 1025 530 1080; x_wconf 90' lang='lat' dir='ltr'><strong>ut</strong></span> <span class='ocrx_word' id='word_1_38' title='bbox 543 1012 635 1104; x_wconf 90' lang='lat' dir='ltr'><strong>prius</strong></span> <span class='ocrx_word' id='word_1_39' title='bbox 648 1020 736 1082; x_wconf 85' lang='lat' dir='ltr'><strong>certo</strong></span> <span class='ocrx_word' id='word_1_40' title='bbox 751 1012 815 1103; x_wconf 89' lang='lat' dir='ltr'><strong>ipsi</strong></span> <span class='ocrx_word' id='word_1_41' title='bbox 832 1012 1011 1082; x_wconf 85' lang='lat' dir='ltr'><strong>innoteseat</strong></span> <span class='ocrx_word' id='word_1_42' title='bbox 1025 1012 1113 1080; x_wconf 86' lang='lat' dir='ltr'><strong>lama</strong></span> <span class='ocrx_word' id='word_1_43' title='bbox 1125 1011 1166 1080; x_wconf 89' lang='lat' dir='ltr'><strong>de</strong></span> <span class='ocrx_word' id='word_1_44' title='bbox 1179 1011 1314 1104; x_wconf 84' lang='lat' dir='ltr'><strong>patratis</strong></span> <span class='ocrx_word' id='word_1_45' title='bbox 1329 1012 1366 1080; x_wconf 92' lang='lat' dir='ltr'><strong>in</strong></span> <span class='ocrx_word' id='word_1_46' title='bbox 1380 1034 1421 1080; x_wconf 88' lang='lat' dir='ltr'><strong>ea</strong></span> <span class='ocrx_word' id='word_1_47' title='bbox 1513 1092 1514 1095; x_wconf 8' lang='grc' dir='ltr'><strong>Ἴ</strong></span> 
     </span>
     <span class='ocr_line' id='line_1_7' title="bbox 274 1116 1514 1190; baseline -0.002 -3"><span class='ocrx_word' id='word_1_48' title='bbox 274 1119 505 1189; x_wconf 86' lang='lat' dir='ltr'><strong>communitate</strong></span> <span class='ocrx_word' id='word_1_49' title='bbox 518 1119 653 1190; x_wconf 83' lang='lat' dir='ltr'><strong>delictis.</strong></span> <span class='ocrx_word' id='word_1_50' title='bbox 1513 1116 1514 1127; x_wconf 75' lang='grc'>’</span> 
     </span>
    </p>
   </div>
   <div class='ocr_carea' id='block_1_3' title="bbox 821 1379 867 1450">
    <p class='ocr_par' dir='ltr' id='par_1_3' title="bbox 821 1379 867 1450">
     <span class='ocr_line' id='line_1_8' title="bbox 821 1379 867 1450; baseline -0.065 0"><span class='ocrx_word' id='word_1_51' title='bbox 821 1379 867 1450; x_wconf 84' lang='lat' dir='ltr'><strong>V.</strong></span> 
     </span>
    </p>
   </div>
   <div class='ocr_carea' id='block_1_4' title="bbox 325 1573 1371 1734">
    <p class='ocr_par' dir='ltr' id='par_1_4' title="bbox 325 1573 1371 1734">
     <span class='ocr_line' id='line_1_9' title="bbox 325 1573 1371 1644; baseline 0.001 -17"><span class='ocrx_word' id='word_1_52' title='bbox 325 1573 431 1639; x_wconf 80' lang='lat' dir='ltr'><strong>Quaado</strong></span> <span class='ocrx_word' id='word_1_53' title='bbox 447 1577 647 1643; x_wconf 74' lang='lat' dir='ltr'><strong>prareqatrttar</strong></span> <span class='ocrx_word' id='word_1_54' title='bbox 666 1578 788 1640; x_wconf 78' lang='lat' dir='ltr'><strong>infamia,</strong></span> <span class='ocrx_word' id='word_1_55' title='bbox 803 1576 891 1644; x_wconf 73' lang='lat' dir='ltr'><strong>qualit</strong></span> <span class='ocrx_word' id='word_1_56' title='bbox 905 1590 956 1629; x_wconf 80' lang='lat' dir='ltr'><strong>erse</strong></span> <span class='ocrx_word' id='word_1_57' title='bbox 970 1576 1072 1638; x_wconf 80' lang='lat' dir='ltr'><strong>debeat,</strong></span> <span class='ocrx_word' id='word_1_58' title='bbox 1085 1579 1112 1628; x_wconf 80' lang='lat' dir='ltr'><strong>rt</strong></span> <span class='ocrx_word' id='word_1_59' title='bbox 1127 1590 1161 1628; x_wconf 80' lang='lat' dir='ltr'><strong>aa</strong></span> <span class='ocrx_word' id='word_1_60' title='bbox 1178 1580 1296 1643; x_wconf 78' lang='lat' dir='ltr'><strong>oporteat</strong></span> <span class='ocrx_word' id='word_1_61' title='bbox 1312 1591 1371 1628; x_wconf 80' lang='lat' dir='ltr'><strong>eam</strong></span> 
     </span>
     <span class='ocr_line' id='line_1_10' title="bbox 692 1667 993 1734; baseline -0.007 -14"><span class='ocrx_word' id='word_1_62' title='bbox 692 1668 867 1734; x_wconf 76' lang='lat' dir='ltr'><strong>judicialiter</strong></span> <span class='ocrx_word' id='word_1_63' title='bbox 876 1667 993 1734; x_wconf 83' lang='lat' dir='ltr'><strong>probari.</strong></span> 
     </span>
    </p>
   </div>
   <div class='ocr_carea' id='block_1_5' title="bbox 270 1865 1420 4336">
    <p class='ocr_par' dir='ltr' id='par_1_5' title="bbox 271 1865 1420 3464">
     <span class='ocr_line' id='line_1_11' title="bbox 316 1865 1419 1960; baseline 0.002 -26"><span class='ocrx_word' id='word_1_64' title='bbox 316 1867 344 1935; x_wconf 92' lang='lat' dir='ltr'><strong>l.</strong></span> <span class='ocrx_word' id='word_1_65' title='bbox 368 1865 533 1959; x_wconf 81' lang='lat' dir='ltr'><strong>Reqaisita</strong></span> <span class='ocrx_word' id='word_1_66' title='bbox 554 1869 670 1959; x_wconf 82' lang='lat' dir='ltr'><strong>ajuro</strong></span> <span class='ocrx_word' id='word_1_67' title='bbox 691 1867 853 1959; x_wconf 81' lang='lat' dir='ltr'><strong>infamia,</strong></span> <span class='ocrx_word' id='word_1_68' title='bbox 879 1867 1092 1960; x_wconf 75' lang='lat' dir='ltr'><strong>intellipmda</strong></span> <span class='ocrx_word' id='word_1_69' title='bbox 1111 1879 1159 1936; x_wconf 87' lang='lat' dir='ltr'><strong>est</strong></span> <span class='ocrx_word' id='word_1_70' title='bbox 1176 1867 1318 1960; x_wconf 71' lang='lat' dir='ltr'><strong>infamia</strong></span> <span class='ocrx_word' id='word_1_71' title='bbox 1340 1880 1419 1936; x_wconf 85' lang='lat' dir='ltr'><strong>orta</strong></span> 
     </span>
     <span class='ocr_line' id='line_1_12' title="bbox 275 1973 1420 2068; baseline 0 -26"><span class='ocrx_word' id='word_1_72' title='bbox 275 1973 317 2042; x_wconf 85' lang='lat' dir='ltr'><strong>ab</strong></span> <span class='ocrx_word' id='word_1_73' title='bbox 335 1974 492 2057; x_wconf 75' lang='lat' dir='ltr'><strong>honestia,</strong></span> <span class='ocrx_word' id='word_1_74' title='bbox 508 1997 575 2044; x_wconf 81' lang='lat' dir='ltr'><strong>aaa</strong></span> <span class='ocrx_word' id='word_1_75' title='bbox 593 1998 615 2044; x_wconf 92' lang='lat' dir='ltr'><strong>a</strong></span> <span class='ocrx_word' id='word_1_76' title='bbox 635 1976 804 2044; x_wconf 78' lang='lat' dir='ltr'><strong>malevolis</strong></span> <span class='ocrx_word' id='word_1_77' title='bbox 822 1987 878 2044; x_wconf 85' lang='lat' dir='ltr'><strong>:et</strong></span> <span class='ocrx_word' id='word_1_78' title='bbox 895 1977 1028 2068; x_wconf 65' lang='lat' dir='ltr'><strong>iusuper</strong></span> <span class='ocrx_word' id='word_1_79' title='bbox 1045 1998 1119 2067; x_wconf 76' lang='lat' dir='ltr'><strong>qam</strong></span> <span class='ocrx_word' id='word_1_80' title='bbox 1136 1975 1183 2043; x_wconf 84' lang='lat' dir='ltr'><strong>ad</strong></span> <span class='ocrx_word' id='word_1_81' title='bbox 1199 1997 1294 2044; x_wconf 81' lang='lat' dir='ltr'><strong>aures</strong></span> <span class='ocrx_word' id='word_1_82' title='bbox 1314 1998 1420 2066; x_wconf 81' lang='lat' dir='ltr'><strong>sape-</strong></span> 
     </span>
     <span class='ocr_line' id='line_1_13' title="bbox 273 2081 1419 2174; baseline 0.003 -27"><span class='ocrx_word' id='word_1_83' title='bbox 273 2081 379 2164; x_wconf 83' lang='lat' dir='ltr'><strong>riaris,</strong></span> <span class='ocrx_word' id='word_1_84' title='bbox 397 2104 464 2150; x_wconf 81' lang='lat' dir='ltr'><strong>aaa</strong></span> <span class='ocrx_word' id='word_1_85' title='bbox 475 2083 586 2164; x_wconf 83' lang='lat' dir='ltr'><strong>semel,</strong></span> <span class='ocrx_word' id='word_1_86' title='bbox 604 2082 757 2174; x_wconf 72' lang='lat' dir='ltr'><strong>sedsaepe</strong></span> <span class='ocrx_word' id='word_1_87' title='bbox 770 2084 967 2173; x_wconf 81' lang='lat' dir='ltr'><strong>peremerit.</strong></span> <span class='ocrx_word' id='word_1_88' title='bbox 981 2083 1089 2151; x_wconf 86' lang='lat' dir='ltr'><strong>-Ita</strong></span> <span class='ocrx_word' id='word_1_89' title='bbox 1101 2104 1253 2173; x_wconf 84' lang='lat' dir='ltr'><strong>expresse</strong></span> <span class='ocrx_word' id='word_1_90' title='bbox 1269 2082 1419 2151; x_wconf 81' lang='lat' dir='ltr'><strong>decrevit</strong></span> 
     </span>
     <span class='ocr_line' id='line_1_14' title="bbox 273 2189 1417 2282; baseline 0 -24"><span class='ocrx_word' id='word_1_91' title='bbox 273 2191 479 2260; x_wconf 86' lang='lat' dir='ltr'><strong>Innocentius</strong></span> <span class='ocrx_word' id='word_1_92' title='bbox 499 2191 560 2277; x_wconf 87' lang='grc' dir='ltr'><strong>ΠΙ,</strong></span> <span class='ocrx_word' id='word_1_93' title='bbox 584 2191 688 2282; x_wconf 83' lang='lat' dir='ltr'><strong>eapite</strong></span> <span class='ocrx_word' id='word_1_94' title='bbox 714 2190 867 2274; x_wconf 80' lang='lat' dir='ltr'><strong>Qualiter</strong></span> <span class='ocrx_word' id='word_1_95' title='bbox 886 2202 916 2259; x_wconf 90' lang='lat' dir='ltr'><strong>et</strong></span> <span class='ocrx_word' id='word_1_96' title='bbox 939 2190 1071 2282; x_wconf 82' lang='lat' dir='ltr'><strong>quando</strong></span> <span class='ocrx_word' id='word_1_97' title='bbox 1094 2190 1160 2281; x_wconf 72' lang='lat'><strong>(24,</strong></span> <span class='ocrx_word' id='word_1_98' title='bbox 1182 2190 1235 2257; x_wconf 90' lang='lat' dir='ltr'><strong>tit.</strong></span> <span class='ocrx_word' id='word_1_99' title='bbox 1258 2193 1289 2277; x_wconf 90' lang='lat'><strong>1,</strong></span> <span class='ocrx_word' id='word_1_100' title='bbox 1310 2189 1369 2258; x_wconf 87' lang='lat' dir='ltr'><strong>lib.</strong></span> <span class='ocrx_word' id='word_1_101' title='bbox 1396 2196 1417 2258; x_wconf 80' lang='lat'>5</span> 
     </span>
     <span class='ocr_line' id='line_1_15' title="bbox 272 2297 1418 2391; baseline 0 -25"><span class='ocrx_word' id='word_1_102' title='bbox 272 2297 413 2389; x_wconf 90' lang='lat' dir='ltr'><strong>Deoret.)</strong></span> <span class='ocrx_word' id='word_1_103' title='bbox 431 2325 438 2367; x_wconf 79' lang='grc' dir='ltr'><strong>ι</strong></span> <span class='ocrx_word' id='word_1_104' title='bbox 457 2299 499 2368; x_wconf 88' lang='lat' dir='ltr'><strong>Si</strong></span> <span class='ocrx_word' id='word_1_105' title='bbox 506 2321 570 2390; x_wconf 80' lang='lat' dir='ltr'><strong>per</strong></span> <span class='ocrx_word' id='word_1_106' title='bbox 584 2298 762 2368; x_wconf 83' lang='lat' dir='ltr'><strong>clamarem</strong></span> <span class='ocrx_word' id='word_1_107' title='bbox 776 2311 807 2367; x_wconf 88' lang='lat' dir='ltr'><strong>et</strong></span> <span class='ocrx_word' id='word_1_108' title='bbox 819 2300 951 2389; x_wconf 77' lang='lat' dir='ltr'><strong>samam</strong></span> <span class='ocrx_word' id='word_1_109' title='bbox 968 2297 1015 2366; x_wconf 86' lang='lat' dir='ltr'><strong>ad</strong></span> <span class='ocrx_word' id='word_1_110' title='bbox 1031 2320 1128 2366; x_wconf 84' lang='lat' dir='ltr'><strong>aures</strong></span> <span class='ocrx_word' id='word_1_111' title='bbox 1143 2298 1321 2391; x_wconf 79' lang='lat' dir='ltr'><strong>superioris</strong></span> <span class='ocrx_word' id='word_1_112' title='bbox 1335 2321 1418 2388; x_wconf 84' lang='lat' dir='ltr'><strong>per-</strong></span> 
     </span>
     <span class='ocr_line' id='line_1_16' title="bbox 273 2403 1418 2498; baseline -0.001 -24"><span class='ocrx_word' id='word_1_113' title='bbox 273 2406 406 2488; x_wconf 85' lang='lat' dir='ltr'><strong>amerit,</strong></span> <span class='ocrx_word' id='word_1_114' title='bbox 426 2429 489 2474; x_wconf 84' lang='lat' dir='ltr'><strong>aon</strong></span> <span class='ocrx_word' id='word_1_115' title='bbox 504 2405 636 2498; x_wconf 82' lang='lat' dir='ltr'><strong>quidem</strong></span> <span class='ocrx_word' id='word_1_116' title='bbox 649 2428 670 2473; x_wconf 92' lang='lat' dir='ltr'><strong>a</strong></span> <span class='ocrx_word' id='word_1_117' title='bbox 688 2405 855 2474; x_wconf 81' lang='lat' dir='ltr'><strong>malevolis</strong></span> <span class='ocrx_word' id='word_1_118' title='bbox 870 2418 901 2474; x_wconf 91' lang='lat' dir='ltr'><strong>et</strong></span> <span class='ocrx_word' id='word_1_119' title='bbox 919 2404 1097 2486; x_wconf 79' lang='lat' dir='ltr'><strong>maledia&#39;s,</strong></span> <span class='ocrx_word' id='word_1_120' title='bbox 1114 2404 1172 2474; x_wconf 79' lang='lat' dir='ltr'><strong>sed</strong></span> <span class='ocrx_word' id='word_1_121' title='bbox 1183 2429 1205 2473; x_wconf 93' lang='lat' dir='ltr'><strong>a</strong></span> <span class='ocrx_word' id='word_1_122' title='bbox 1216 2403 1365 2496; x_wconf 68' lang='lat' dir='ltr'><strong>pmur&#39;rlm</strong></span> <span class='ocrx_word' id='word_1_123' title='bbox 1383 2419 1418 2474; x_wconf 86' lang='lat' dir='ltr'><strong>et</strong></span> 
     </span>
     <span class='ocr_line' id='line_1_17' title="bbox 271 2512 1418 2605; baseline -0.001 -23"><span class='ocrx_word' id='word_1_124' title='bbox 271 2514 434 2596; x_wconf 65' lang='lat' dir='ltr'><strong>honerat,-</strong></span> <span class='ocrx_word' id='word_1_125' title='bbox 452 2536 509 2582; x_wconf 88' lang='lat' dir='ltr'><strong>mc</strong></span> <span class='ocrx_word' id='word_1_126' title='bbox 530 2513 629 2582; x_wconf 88' lang='lat' dir='ltr'><strong>semel</strong></span> <span class='ocrx_word' id='word_1_127' title='bbox 650 2526 794 2596; x_wconf 82' lang='lat' dir='ltr'><strong>tantam,</strong></span> <span class='ocrx_word' id='word_1_128' title='bbox 817 2513 874 2582; x_wconf 82' lang='lat' dir='ltr'><strong>sed</strong></span> <span class='ocrx_word' id='word_1_129' title='bbox 894 2536 989 2605; x_wconf 75' lang='lat' dir='ltr'><strong>sape,</strong></span> <span class='ocrx_word' id='word_1_130' title='bbox 1010 2512 1098 2605; x_wconf 85' lang='lat' dir='ltr'><strong>qaod</strong></span> <span class='ocrx_word' id='word_1_131' title='bbox 1115 2513 1240 2582; x_wconf 82' lang='lat' dir='ltr'><strong>elamor</strong></span> <span class='ocrx_word' id='word_1_132' title='bbox 1258 2512 1368 2580; x_wconf 81' lang='lat' dir='ltr'><strong>irmuit</strong></span> <span class='ocrx_word' id='word_1_133' title='bbox 1383 2526 1418 2582; x_wconf 85' lang='lat' dir='ltr'><strong>et</strong></span> 
     </span>
     <span class='ocr_line' id='line_1_18' title="bbox 271 2618 1418 2712; baseline 0.002 -25"><span class='ocrx_word' id='word_1_134' title='bbox 271 2619 455 2711; x_wconf 63' lang='lat' dir='ltr'><strong>diffamatia</strong></span> <span class='ocrx_word' id='word_1_135' title='bbox 471 2619 673 2711; x_wconf 80' lang='lat' dir='ltr'><strong>manifestat.</strong></span> <span class='ocrx_word' id='word_1_136' title='bbox 689 2620 815 2689; x_wconf 78' lang='lat' dir='ltr'><strong>«Ratio</strong></span> <span class='ocrx_word' id='word_1_137' title='bbox 826 2620 962 2712; x_wconf 88' lang='lat' dir='ltr'><strong>estquia</strong></span> <span class='ocrx_word' id='word_1_138' title='bbox 975 2619 1069 2708; x_wconf 90' lang='lat' dir='ltr'><strong>alias,</strong></span> <span class='ocrx_word' id='word_1_139' title='bbox 1079 2619 1107 2687; x_wconf 88' lang='lat' dir='ltr'><strong>si</strong></span> <span class='ocrx_word' id='word_1_140' title='bbox 1118 2643 1160 2688; x_wconf 83' lang='lat' dir='ltr'><strong>ex</strong></span> <span class='ocrx_word' id='word_1_141' title='bbox 1171 2618 1315 2710; x_wconf 83' lang='lat' dir='ltr'><strong>qualibet</strong></span> <span class='ocrx_word' id='word_1_142' title='bbox 1325 2619 1418 2689; x_wconf 85' lang='lat' dir='ltr'><strong>fama</strong></span> 
     </span>
     <span class='ocr_line' id='line_1_19' title="bbox 274 2727 1417 2820; baseline 0.003 -28"><span class='ocrx_word' id='word_1_143' title='bbox 274 2755 291 2792; x_wconf 89' lang='grc' dir='ltr'><strong>ιι</strong></span> <span class='ocrx_word' id='word_1_144' title='bbox 314 2735 427 2796; x_wconf 91' lang='lat' dir='ltr'><strong>oontra</strong></span> <span class='ocrx_word' id='word_1_145' title='bbox 441 2727 584 2819; x_wconf 90' lang='lat' dir='ltr'><strong>aliquem</strong></span> <span class='ocrx_word' id='word_1_146' title='bbox 600 2729 723 2820; x_wconf 86' lang='lat' dir='ltr'><strong>inquiri</strong></span> <span class='ocrx_word' id='word_1_147' title='bbox 738 2736 862 2820; x_wconf 87' lang='lat' dir='ltr'><strong>posset,</strong></span> <span class='ocrx_word' id='word_1_148' title='bbox 880 2727 1009 2810; x_wconf 89' lang='lat' dir='ltr'><strong>nullus,</strong></span> <span class='ocrx_word' id='word_1_149' title='bbox 1025 2727 1236 2819; x_wconf 81' lang='lat' dir='ltr'><strong>quantumvis</strong></span> <span class='ocrx_word' id='word_1_150' title='bbox 1258 2728 1417 2796; x_wconf 88' lang='lat' dir='ltr'><strong>honestus</strong></span> 
     </span>
     <span class='ocr_line' id='line_1_20' title="bbox 276 2834 1417 2928; baseline 0.003 -26"><span class='ocrx_word' id='word_1_151' title='bbox 276 2861 293 2902; x_wconf 88' lang='grc' dir='ltr'><strong>ι</strong></span> <span class='ocrx_word' id='word_1_152' title='bbox 315 2835 385 2922; x_wconf 92' lang='lat' dir='ltr'><strong>vir,</strong></span> <span class='ocrx_word' id='word_1_153' title='bbox 408 2857 555 2928; x_wconf 87' lang='lat' dir='ltr'><strong>unquam</strong></span> <span class='ocrx_word' id='word_1_154' title='bbox 572 2859 704 2905; x_wconf 84' lang='lat' dir='ltr'><strong>securus</strong></span> <span class='ocrx_word' id='word_1_155' title='bbox 723 2845 806 2906; x_wconf 88' lang='lat' dir='ltr'><strong>esset</strong></span> <span class='ocrx_word' id='word_1_156' title='bbox 818 2861 838 2905; x_wconf 90' lang='lat' dir='ltr'><strong>a</strong></span> <span class='ocrx_word' id='word_1_157' title='bbox 850 2835 985 2928; x_wconf 81' lang='lat' dir='ltr'><strong>speciali</strong></span> <span class='ocrx_word' id='word_1_158' title='bbox 996 2836 1208 2927; x_wconf 90' lang='lat' dir='ltr'><strong>inquisitione</strong></span> <span class='ocrx_word' id='word_1_159' title='bbox 1222 2843 1254 2904; x_wconf 87' lang='lat' dir='ltr'><strong>et</strong></span> <span class='ocrx_word' id='word_1_160' title='bbox 1268 2834 1344 2905; x_wconf 89' lang='lat' dir='ltr'><strong>inde</strong></span> <span class='ocrx_word' id='word_1_161' title='bbox 1361 2859 1417 2904; x_wconf 91' lang='lat' dir='ltr'><strong>se-</strong></span> 
     </span>
     <span class='ocr_line' id='line_1_21' title="bbox 275 2938 1419 3037; baseline 0.005 -31"><span class='ocrx_word' id='word_1_162' title='bbox 275 2967 293 3006; x_wconf 83' lang='grc' dir='ltr'><strong>ιι</strong></span> <span class='ocrx_word' id='word_1_163' title='bbox 315 2942 488 3034; x_wconf 90' lang='lat' dir='ltr'><strong>quentihus</strong></span> <span class='ocrx_word' id='word_1_164' title='bbox 498 2943 699 3037; x_wconf 81' lang='lat' dir='ltr'><strong>praejudioiis</strong></span> <span class='ocrx_word' id='word_1_165' title='bbox 708 2970 717 3030; x_wconf 90' lang='lat'>;</span> <span class='ocrx_word' id='word_1_166' title='bbox 727 2966 853 3013; x_wconf 75' lang='lat' dir='ltr'><strong>eumer</strong></span> <span class='ocrx_word' id='word_1_167' title='bbox 865 2938 931 3013; x_wconf 90' lang='lat' dir='ltr'><strong>una</strong></span> <span class='ocrx_word' id='word_1_168' title='bbox 942 2944 1101 3036; x_wconf 86' lang='lat' dir='ltr'><strong>partevix</strong></span> <span class='ocrx_word' id='word_1_169' title='bbox 1114 2943 1202 3012; x_wconf 89' lang='lat' dir='ltr'><strong>ullus</strong></span> <span class='ocrx_word' id='word_1_170' title='bbox 1212 2951 1419 3012; x_wconf 76' lang='lat' dir='ltr'><strong>essetaontra</strong></span> 
     </span>
     <span class='ocr_line' id='line_1_22' title="bbox 275 3048 1416 3143; baseline 0.004 -27"><span class='ocrx_word' id='word_1_171' title='bbox 275 3077 292 3116; x_wconf 93' lang='grc' dir='ltr'><strong>ιι</strong></span> <span class='ocrx_word' id='word_1_172' title='bbox 315 3072 413 3141; x_wconf 89' lang='lat' dir='ltr'><strong>quem</strong></span> <span class='ocrx_word' id='word_1_173' title='bbox 427 3049 577 3120; x_wconf 90' lang='lat' dir='ltr'><strong>malevoli</strong></span> <span class='ocrx_word' id='word_1_174' title='bbox 588 3059 619 3120; x_wconf 89' lang='lat' dir='ltr'><strong>et</strong></span> <span class='ocrx_word' id='word_1_175' title='bbox 632 3051 773 3143; x_wconf 87' lang='lat' dir='ltr'><strong>improbi</strong></span> <span class='ocrx_word' id='word_1_176' title='bbox 785 3073 852 3120; x_wconf 91' lang='lat' dir='ltr'><strong>non</strong></span> <span class='ocrx_word' id='word_1_177' title='bbox 862 3053 945 3121; x_wconf 84' lang='lat' dir='ltr'><strong>mula</strong></span> <span class='ocrx_word' id='word_1_178' title='bbox 959 3051 1153 3143; x_wconf 65' lang='lat' dir='ltr'><strong>loquantum</strong></span> <span class='ocrx_word' id='word_1_179' title='bbox 1166 3073 1209 3120; x_wconf 86' lang='lat' dir='ltr'><strong>ex</strong></span> <span class='ocrx_word' id='word_1_180' title='bbox 1222 3048 1323 3119; x_wconf 82' lang='lat' dir='ltr'><strong>altera</strong></span> <span class='ocrx_word' id='word_1_181' title='bbox 1335 3073 1416 3121; x_wconf 86' lang='lat' dir='ltr'><strong>vero</strong></span> 
     </span>
     <span class='ocr_line' id='line_1_23' title="bbox 275 3155 1418 3251; baseline 0.004 -29"><span class='ocrx_word' id='word_1_182' title='bbox 275 3183 293 3222; x_wconf 88' lang='grc' dir='ltr'><strong>ι</strong></span> <span class='ocrx_word' id='word_1_183' title='bbox 315 3165 406 3249; x_wconf 90' lang='lat' dir='ltr'><strong>parte</strong></span> <span class='ocrx_word' id='word_1_184' title='bbox 431 3157 557 3227; x_wconf 84' lang='lat' dir='ltr'><strong>dictam</strong></span> <span class='ocrx_word' id='word_1_185' title='bbox 580 3159 678 3227; x_wconf 82' lang='lat' dir='ltr'><strong>unias</strong></span> <span class='ocrx_word' id='word_1_186' title='bbox 701 3158 801 3250; x_wconf 74' lang='lat' dir='ltr'><strong>facile</strong></span> <span class='ocrx_word' id='word_1_187' title='bbox 823 3170 979 3251; x_wconf 80' lang='lat' dir='ltr'><strong>sequatur</strong></span> <span class='ocrx_word' id='word_1_188' title='bbox 1003 3157 1200 3240; x_wconf 84' lang='lat' dir='ltr'><strong>multituda,</strong></span> <span class='ocrx_word' id='word_1_189' title='bbox 1230 3166 1268 3226; x_wconf 88' lang='lat' dir='ltr'><strong>ut</strong></span> <span class='ocrx_word' id='word_1_190' title='bbox 1293 3155 1418 3227; x_wconf 81' lang='lat' dir='ltr'><strong>dieitur</strong></span> 
     </span>
     <span class='ocr_line' id='line_1_24' title="bbox 276 3264 1412 3357; baseline 0.004 -27"><span class='ocrx_word' id='word_1_191' title='bbox 276 3289 293 3330; x_wconf 90' lang='grc' dir='ltr'><strong>ι</strong></span> <span class='ocrx_word' id='word_1_192' title='bbox 315 3265 418 3356; x_wconf 84' lang='lat' dir='ltr'><strong>capite</strong></span> <span class='ocrx_word' id='word_1_193' title='bbox 429 3266 514 3334; x_wconf 84' lang='lat' dir='ltr'><strong>Cum</strong></span> <span class='ocrx_word' id='word_1_194' title='bbox 522 3265 737 3357; x_wconf 81' lang='lat' dir='ltr'><strong>injuventute</strong></span> <span class='ocrx_word' id='word_1_195' title='bbox 744 3265 797 3356; x_wconf 83' lang='lat' dir='ltr'><strong>(de</strong></span> <span class='ocrx_word' id='word_1_196' title='bbox 803 3264 1159 3357; x_wconf 76' lang='lat' dir='ltr'><strong>Parpat.caauniaa).r</strong></span> <span class='ocrx_word' id='word_1_197' title='bbox 1173 3264 1412 3357; x_wconf 75' lang='lat' dir='ltr'><strong>(Reiffsnstuel,</strong></span> 
     </span>
     <span class='ocr_line' id='line_1_25' title="bbox 271 3371 957 3464; baseline 0.004 -25"><span class='ocrx_word' id='word_1_198' title='bbox 271 3371 305 3439; x_wconf 89' lang='lat' dir='ltr'><strong>in</strong></span> <span class='ocrx_word' id='word_1_199' title='bbox 321 3371 372 3442; x_wconf 90' lang='lat' dir='ltr'><strong>tit.</strong></span> <span class='ocrx_word' id='word_1_200' title='bbox 395 3376 426 3461; x_wconf 90' lang='lat' dir='ltr'><strong>l,</strong></span> <span class='ocrx_word' id='word_1_201' title='bbox 442 3372 518 3442; x_wconf 88' lang='lat' dir='ltr'><strong>libri</strong></span> <span class='ocrx_word' id='word_1_202' title='bbox 536 3377 553 3440; x_wconf 80' lang='lat'>5</span> <span class='ocrx_word' id='word_1_203' title='bbox 568 3372 799 3460; x_wconf 84' lang='lat' dir='ltr'><strong>Deoretalium,</strong></span> <span class='ocrx_word' id='word_1_204' title='bbox 815 3396 850 3442; x_wconf 89' lang='lat' dir='ltr'><strong>n.</strong></span> <span class='ocrx_word' id='word_1_205' title='bbox 868 3375 957 3464; x_wconf 70' lang='lat'><strong>191.)</strong></span> 
     </span>
    </p>

    <p class='ocr_par' dir='ltr' id='par_1_6' title="bbox 270 3479 1416 4336">
     <span class='ocr_line' id='line_1_26' title="bbox 314 3479 1416 3574; baseline 0.002 -26"><span class='ocrx_word' id='word_1_206' title='bbox 314 3480 356 3548; x_wconf 88' lang='lat'><strong>11.</strong></span> <span class='ocrx_word' id='word_1_207' title='bbox 369 3479 536 3572; x_wconf 83' lang='lat' dir='ltr'><strong>Reqm&#39;sita</strong></span> <span class='ocrx_word' id='word_1_208' title='bbox 544 3504 566 3550; x_wconf 92' lang='lat' dir='ltr'><strong>a</strong></span> <span class='ocrx_word' id='word_1_209' title='bbox 570 3481 652 3573; x_wconf 84' lang='lat' dir='ltr'><strong>jare</strong></span> <span class='ocrx_word' id='word_1_210' title='bbox 663 3481 805 3572; x_wconf 88' lang='lat' dir='ltr'><strong>msamia</strong></span> <span class='ocrx_word' id='word_1_211' title='bbox 813 3479 1026 3573; x_wconf 78' lang='lat' dir='ltr'><strong>intellipeada</strong></span> <span class='ocrx_word' id='word_1_212' title='bbox 1032 3493 1078 3550; x_wconf 84' lang='lat' dir='ltr'><strong>est</strong></span> <span class='ocrx_word' id='word_1_213' title='bbox 1086 3503 1136 3565; x_wconf 87' lang='lat' dir='ltr'><strong>ea,</strong></span> <span class='ocrx_word' id='word_1_214' title='bbox 1147 3503 1221 3573; x_wconf 75' lang='lat' dir='ltr'><strong>qua</strong></span> <span class='ocrx_word' id='word_1_215' title='bbox 1231 3483 1416 3574; x_wconf 83' lang='lat' dir='ltr'><strong>permaja·</strong></span> 
     </span>
     <span class='ocr_line' id='line_1_27' title="bbox 270 3587 1415 3682; baseline 0.003 -27"><span class='ocrx_word' id='word_1_216' title='bbox 270 3609 339 3656; x_wconf 86' lang='lat' dir='ltr'><strong>rem</strong></span> <span class='ocrx_word' id='word_1_217' title='bbox 352 3587 477 3658; x_wconf 73' lang='lat' dir='ltr'><strong>aiamim</strong></span> <span class='ocrx_word' id='word_1_218' title='bbox 488 3611 544 3656; x_wconf 87' lang='lat' dir='ltr'><strong>rea</strong></span> <span class='ocrx_word' id='word_1_219' title='bbox 556 3589 801 3658; x_wconf 81' lang='lat' dir='ltr'><strong>communitatis</strong></span> <span class='ocrx_word' id='word_1_220' title='bbox 810 3601 943 3682; x_wconf 83' lang='lat' dir='ltr'><strong>partem</strong></span> <span class='ocrx_word' id='word_1_221' title='bbox 957 3588 1130 3680; x_wconf 78' lang='lat' dir='ltr'><strong>‹livalqata</strong></span> <span class='ocrx_word' id='word_1_222' title='bbox 1138 3589 1218 3682; x_wconf 82' lang='lat' dir='ltr'><strong>snit.</strong></span> <span class='ocrx_word' id='word_1_223' title='bbox 1232 3627 1274 3641; x_wconf 90' lang='lat'><em>—</em></span> <span class='ocrx_word' id='word_1_224' title='bbox 1292 3590 1415 3658; x_wconf 73' lang='lat' dir='ltr'><strong>«Dicta</strong></span> 
     </span>
     <span class='ocr_line' id='line_1_28' title="bbox 275 3695 1415 3786; baseline 0.004 -24"><span class='ocrx_word' id='word_1_225' title='bbox 275 3720 292 3762; x_wconf 89' lang='grc' dir='ltr'><strong>ι</strong></span> <span class='ocrx_word' id='word_1_226' title='bbox 315 3717 492 3786; x_wconf 87' lang='lat' dir='ltr'><strong>paucorum</strong></span> <span class='ocrx_word' id='word_1_227' title='bbox 508 3717 575 3764; x_wconf 92' lang='lat' dir='ltr'><strong>non</strong></span> <span class='ocrx_word' id='word_1_228' title='bbox 589 3696 762 3785; x_wconf 84' lang='lat' dir='ltr'><strong>infamant,</strong></span> <span class='ocrx_word' id='word_1_229' title='bbox 779 3697 848 3767; x_wconf 81' lang='lat' dir='ltr'><strong>sive</strong></span> <span class='ocrx_word' id='word_1_230' title='bbox 865 3719 931 3766; x_wconf 89' lang='lat' dir='ltr'><strong>nan</strong></span> <span class='ocrx_word' id='word_1_231' title='bbox 946 3695 1108 3766; x_wconf 76' lang='lat' dir='ltr'><strong>inducunt</strong></span> <span class='ocrx_word' id='word_1_232' title='bbox 1121 3697 1307 3785; x_wconf 82' lang='lat' dir='ltr'><strong>infamiam3</strong></span> <span class='ocrx_word' id='word_1_233' title='bbox 1323 3697 1415 3768; x_wconf 86' lang='lat' dir='ltr'><strong>unde</strong></span> 
     </span>
     <span class='ocr_line' id='line_1_29' title="bbox 275 3801 1414 3897; baseline 0.008 -31"><span class='ocrx_word' id='word_1_234' title='bbox 275 3826 293 3867; x_wconf 90' lang='grc' dir='ltr'><strong>ιι</strong></span> <span class='ocrx_word' id='word_1_235' title='bbox 314 3801 471 3872; x_wconf 84' lang='lat' dir='ltr'><strong>Praelatus</strong></span> <span class='ocrx_word' id='word_1_236' title='bbox 484 3812 616 3895; x_wconf 89' lang='lat' dir='ltr'><strong>propter</strong></span> <span class='ocrx_word' id='word_1_237' title='bbox 630 3805 691 3873; x_wconf 85' lang='lat' dir='ltr'><strong>hoo</strong></span> <span class='ocrx_word' id='word_1_238' title='bbox 707 3825 773 3873; x_wconf 92' lang='lat' dir='ltr'><strong>nou</strong></span> <span class='ocrx_word' id='word_1_239' title='bbox 788 3804 974 3874; x_wconf 84' lang='lat' dir='ltr'><strong>movebitur</strong></span> <span class='ocrx_word' id='word_1_240' title='bbox 987 3804 1029 3873; x_wconf 82' lang='lat' dir='ltr'><strong>ad</strong></span> <span class='ocrx_word' id='word_1_241' title='bbox 1047 3804 1293 3897; x_wconf 90' lang='lat' dir='ltr'><strong>inquirendum.</strong></span> <span class='ocrx_word' id='word_1_242' title='bbox 1309 3805 1414 3875; x_wconf 83' lang='lat' dir='ltr'><strong>Fama</strong></span> 
     </span>
     <span class='ocr_line' id='line_1_30' title="bbox 274 3908 1414 4004; baseline 0.002 -24"><span class='ocrx_word' id='word_1_243' title='bbox 274 3940 292 3980; x_wconf 90' lang='grc' dir='ltr'><strong>ι</strong></span> <span class='ocrx_word' id='word_1_244' title='bbox 314 3911 402 3981; x_wconf 90' lang='lat' dir='ltr'><strong>enim</strong></span> <span class='ocrx_word' id='word_1_245' title='bbox 420 3908 514 3980; x_wconf 87' lang='lat' dir='ltr'><strong>debet</strong></span> <span class='ocrx_word' id='word_1_246' title='bbox 535 3933 604 3981; x_wconf 85' lang='lat' dir='ltr'><strong>esse</strong></span> <span class='ocrx_word' id='word_1_247' title='bbox 624 3933 683 4004; x_wconf 88' lang='lat' dir='ltr'><strong>per</strong></span> <span class='ocrx_word' id='word_1_248' title='bbox 704 3911 816 3980; x_wconf 88' lang='lat' dir='ltr'><strong>villam</strong></span> <span class='ocrx_word' id='word_1_249' title='bbox 833 3913 903 3982; x_wconf 84' lang='lat' dir='ltr'><strong>sive</strong></span> <span class='ocrx_word' id='word_1_250' title='bbox 924 3912 1132 4004; x_wconf 77' lang='lat' dir='ltr'><strong>parochiam,</strong></span> <span class='ocrx_word' id='word_1_251' title='bbox 1153 3912 1196 3982; x_wconf 89' lang='lat' dir='ltr'><strong>ad</strong></span> <span class='ocrx_word' id='word_1_252' title='bbox 1214 3912 1275 3982; x_wconf 83' lang='lat' dir='ltr'><strong>hoa</strong></span> <span class='ocrx_word' id='word_1_253' title='bbox 1295 3922 1332 3981; x_wconf 90' lang='lat' dir='ltr'><strong>ut</strong></span> <span class='ocrx_word' id='word_1_254' title='bbox 1353 3913 1414 3982; x_wconf 91' lang='lat' dir='ltr'><strong>fiat</strong></span> 
     </span>
     <span class='ocr_line' id='line_1_31' title="bbox 273 4017 1414 4112; baseline 0.001 -24"><span class='ocrx_word' id='word_1_255' title='bbox 273 4047 291 4088; x_wconf 90' lang='grc' dir='ltr'><strong>ι</strong></span> <span class='ocrx_word' id='word_1_256' title='bbox 314 4017 491 4111; x_wconf 88' lang='lat' dir='ltr'><strong>inquisitio.</strong></span> <span class='ocrx_word' id='word_1_257' title='bbox 517 4019 582 4088; x_wconf 88' lang='lat' dir='ltr'><strong>Sed</strong></span> <span class='ocrx_word' id='word_1_258' title='bbox 604 4027 683 4111; x_wconf 90' lang='lat' dir='ltr'><strong>quot</strong></span> <span class='ocrx_word' id='word_1_259' title='bbox 703 4019 882 4111; x_wconf 88' lang='lat' dir='ltr'><strong>appellabis</strong></span> <span class='ocrx_word' id='word_1_260' title='bbox 904 4041 1040 4112; x_wconf 83' lang='lat' dir='ltr'><strong>paucos,</strong></span> <span class='ocrx_word' id='word_1_261' title='bbox 1062 4028 1098 4088; x_wconf 88' lang='lat' dir='ltr'><strong>ut</strong></span> <span class='ocrx_word' id='word_1_262' title='bbox 1121 4042 1187 4089; x_wconf 91' lang='lat' dir='ltr'><strong>non</strong></span> <span class='ocrx_word' id='word_1_263' title='bbox 1211 4020 1337 4090; x_wconf 80' lang='lat' dir='ltr'><strong>dicatur</strong></span> <span class='ocrx_word' id='word_1_264' title='bbox 1358 4021 1414 4089; x_wconf 94' lang='lat' dir='ltr'><strong>in-</strong></span> 
     </span>
     <span class='ocr_line' id='line_1_32' title="bbox 273 4125 1415 4220; baseline 0.003 -26"><span class='ocrx_word' id='word_1_265' title='bbox 273 4154 290 4194; x_wconf 91' lang='grc' dir='ltr'><strong>ι</strong></span> <span class='ocrx_word' id='word_1_266' title='bbox 313 4128 516 4196; x_wconf 83' lang='lat' dir='ltr'><strong>famatust...</strong></span> <span class='ocrx_word' id='word_1_267' title='bbox 534 4125 640 4196; x_wconf 85' lang='lat' dir='ltr'><strong>Credo</strong></span> <span class='ocrx_word' id='word_1_268' title='bbox 654 4125 741 4219; x_wconf 86' lang='lat' dir='ltr'><strong>quod</strong></span> <span class='ocrx_word' id='word_1_269' title='bbox 757 4126 862 4218; x_wconf 87' lang='lat' dir='ltr'><strong>major</strong></span> <span class='ocrx_word' id='word_1_270' title='bbox 877 4149 953 4219; x_wconf 85' lang='lat' dir='ltr'><strong>pars</strong></span> <span class='ocrx_word' id='word_1_271' title='bbox 969 4127 1098 4196; x_wconf 74' lang='lat' dir='ltr'><strong>vicinia</strong></span> <span class='ocrx_word' id='word_1_272' title='bbox 1109 4127 1314 4220; x_wconf 86' lang='lat' dir='ltr'><strong>requiratur;</strong></span> <span class='ocrx_word' id='word_1_273' title='bbox 1331 4129 1415 4220; x_wconf 87' lang='lat' dir='ltr'><strong>quia</strong></span> 
     </span>
     <span class='ocr_line' id='line_1_33' title="bbox 273 4233 1413 4336; baseline 0.005 -36"><span class='ocrx_word' id='word_1_274' title='bbox 273 4261 291 4300; x_wconf 88' lang='grc' dir='ltr'><strong>ιι</strong></span> <span class='ocrx_word' id='word_1_275' title='bbox 313 4235 400 4308; x_wconf 85' lang='lat' dir='ltr'><strong>fama</strong></span> <span class='ocrx_word' id='word_1_276' title='bbox 420 4235 483 4310; x_wconf 87' lang='lat' dir='ltr'><strong>looi</strong></span> <span class='ocrx_word' id='word_1_277' title='bbox 506 4234 701 4336; x_wconf 83' lang='lat' dir='ltr'><strong>requiritur,</strong></span> <span class='ocrx_word' id='word_1_278' title='bbox 722 4256 788 4312; x_wconf 80' lang='lat' dir='ltr'><strong>aon</strong></span> <span class='ocrx_word' id='word_1_279' title='bbox 808 4233 898 4305; x_wconf 81' lang='lat' dir='ltr'><strong>tama</strong></span> <span class='ocrx_word' id='word_1_280' title='bbox 916 4233 1147 4334; x_wconf 76' lang='lat' dir='ltr'><strong>aliquorum...</strong></span> <span class='ocrx_word' id='word_1_281' title='bbox 1170 4259 1194 4301; x_wconf 49' lang='lat' dir='ltr'><strong>o&gt;</strong></span> <span class='ocrx_word' id='word_1_282' title='bbox 1210 4235 1349 4328; x_wconf 84' lang='lat' dir='ltr'><strong>(Glossa,</strong></span> <span class='ocrx_word' id='word_1_283' title='bbox 1372 4236 1413 4310; x_wconf 89' lang='lat' dir='ltr'><strong>in</strong></span> 
     </span>
    </p>
   </div>
   <div class='ocr_carea' id='block_1_6' title="bbox 0 0 1530 4984">
    <p class='ocr_par' dir='ltr' id='par_1_7' title="bbox 0 0 1530 4984">
     <span class='ocr_line' id='line_1_34' title="bbox 0 0 1530 4984; baseline 0 1"><span class='ocrx_word' id='word_1_284' title='bbox 0 0 1530 4984; x_wconf 95' lang='lat' dir='ltr'><strong> </strong></span> 
     </span>
    </p>
   </div>
  </div>
 </body>
</html>
