3050 4984
267 465 329 530 tte
639 481 817 532 raaomrus
837 483 877 532 ur
898 483 1032 532 surmus.

263 626 302 674 ac
317 599 454 696 proinde
476 600 750 696 dispensationem
772 627 843 675 ease
858 605 1096 696 denegandam
1112 603 1277 676 Ceterum
1298 625 1414 674 neees-

264 712 388 780 sariam
402 718 480 780 tuuc
500 733 568 781 uon
588 733 658 781 esse
680 711 861 782 defensoris
878 711 1079 784 matrimonii
1094 712 1331 800 interventum,
1348 733 1415 780 ne·

265 840 330 908 que
343 815 506 909 duplicem
520 817 715 888 sententiam
724 819 939 908 conformem,
956 820 1050 912 sequi
1062 817 1193 890 videtur
1205 841 1248 888 ex
1261 819 1415 910 superius

266 924 404 996 deducta
428 924 572 1012 ratioue3
602 948 645 996 ex
674 949 714 996 eo
736 949 856 1020 nempe
875 927 964 1020 quod
982 927 1072 998 nulla
1097 935 1175 996 tunc
1199 925 1242 996 sit
1264 947 1417 1018 pronun·
1507 937 1508 948 ¹

267 1031 524 1102 tiandaaSecre
542 1033 802 1124 Congregatime
823 1034 982 1106 sententia
1000 1033 1041 1104 de
1058 1033 1206 1104 nullitate
1229 1032 1283 1104 vel
1302 1032 1417 1102 valore

267 1140 480 1227 matrimonii,
506 1140 564 1210 sed
591 1140 808 1212 emittendum
834 1140 1008 1212 dumtaxat
1031 1149 1145 1212 votum
1175 1139 1413 1210 consultivum.

267 1246 376 1335 Unde,
391 1247 481 1340 quod
494 1247 593 1318 etiam
606 1248 641 1317 in
660 1271 699 1318 eo
712 1272 790 1318 casu
802 1249 998 1318 adhibeatur
1013 1247 1194 1320 defensoris
1209 1246 1418 1316 matrimonii
1508 1307 1509 1310 ,

268 1354 499 1442 ministerium,
522 1356 734 1426 tribuendum
761 1355 894 1427 videtur
922 1356 1009 1449 stylo
1035 1353 1317 1446 congregationis,
1345 1375 1417 1422 non

268 1469 377 1530 autem
398 1463 556 1554 rigorosas
572 1462 776 1556 obligationi,
792 1487 834 1534 ex
849 1463 1060 1534 Benedictina
1069 1462 1297 1532 constitutione
1310 1481 1418 1532 exur-

271 1569 373 1659 genti.

787 1759 809 1852 g
832 1759 890 1830 v1.

269 1928 365 1979 Norma
377 1927 566 1982 intormatlonia
581 1929 715 1996 capiendo
729 1930 763 1983 de
780 1933 848 1984 stetu
863 1930 946 1984 libero
962 1941 1064 1994 eorum,
1080 1930 1125 1996 qui
1142 1927 1337 1982 matrimonium
1348 1927 1418 1980 inire

795 2012 895 2064 uolunt.

318 2211 349 2276 1⁰
378 2209 511 2278 Decreta
535 2210 747 2280 ecclesiastica
768 2211 829 2282 hac
857 2211 897 2280 de
923 2233 957 2282 re
986 2218 1136 2281 emanata
1164 2208 1417 2300 promittemus.

271 2319 305 2382 2ο
328 2316 736 2410 Expendemnsquodoam
751 2340 794 2387 ex
815 2317 1015 2388 hisdecretis
1028 2315 1417 2409 communejusorietur.

273 2428 304 2490 3⁸
327 2423 548 2516 Exquiremus
565 2446 609 2494 an
629 2434 661 2493 et
682 2433 842 2517 quatenus
862 2425 918 2519 jus
939 2425 1022 2496 illud
1042 2445 1215 2496 commune
1234 2420 1419 2516 hodiedum

271 2529 384 2620 vigere
397 2531 595 2600 censendum
608 2532 661 2600 ait.

314 2637 464 2708 Puucruu
480 2640 507 2707 Ι.
523 2678 568 2692 -
582 2641 841 2710 Praemittuntnr
859 2641 922 2710 dac
940 2641 980 2710 de
996 2663 1032 2710 re
1045 2651 1203 2710 emanata
1221 2637 1350 2708 ἅεονοια
1368 2659 1421 2706 ec·

270 2745 459 2816 clesiostico.
477 2747 610 2816 -Duo
632 2756 745 2818 extant
768 2745 932 2840 ejusmodi
951 2747 1080 2818 decreta
1096 2746 1258 2816 :alterum
1278 2742 1421 2812 Triden-

271 2852 351 2921 tiuae
375 2854 510 2946 synodi3
534 2854 674 2925 alterum
694 2877 773 2924 vero
794 2855 897 2924 sancti
921 2854 1039 2942 Officii,
1060 2877 1081 2924 a
1100 2853 1266 2923 Clemente
1283 2852 1318 2920 X
1338 2873 1421 2920 con-

275 2963 456 3032 firmatum.

317 3069 345 3137 1.
367 3068 547 3140 Tridentini
558 3071 688 3140 concilii
702 3069 881 3162 dispositio.
898 3109 943 3124 -
957 3069 1102 3162 Respicit
1116 3069 1287 3138 dumtaxat
1303 3089 1420 3158 vagae,

273 3186 306 3244 et
327 3183 376 3243 est
401 3175 617 3268 hujusmodi:
638 3177 768 3246 «Multi
787 3184 864 3246 sunt
881 3177 939 3268 qui
959 3185 1122 3267 vagantur
1142 3183 1174 3245 et
1199 3175 1338 3244 incertas
1357 3173 1424 3242 ha-

279 3309 296 3348 e
317 3284 396 3352 bent
411 3282 519 3364 sedes;
535 3293 570 3353 et
582 3292 620 3353 ut
639 3284 781 3377 improbi
794 3290 870 3354 suut
886 3283 1022 3374 ingenii,
1040 3281 1147 3376 prima
1166 3303 1272 3353 uxore
1292 3281 1421 3368 relicta,

278 3391 414 3460 «aliam
442 3401 473 3462 et
500 3392 694 3484 plerumque
715 3391 839 3484 plures,
866 3390 923 3459 illa
951 3390 1093 3480 vivente,
1119 3389 1259 3460 diversis
1285 3388 1320 3456 in
1341 3387 1425 3458 locis

279 3525 296 3566 c
319 3499 453 3568 ducunt.
482 3498 544 3568 Cui
584 3499 702 3568 morbo
736 3498 870 3589 cupiens
907 3505 1019 3568 sancta
1055 3495 1201 3588 synodus
1234 3517 1423 3582 occurrere,

279 3633 297 3672 o
320 3627 432 3675 omnes
451 3605 493 3674 ad
511 3627 595 3696 quoe
613 3613 734 3697 spectat
752 3613 885 3696 paterne
904 3611 1026 3693 mouet,
1043 3626 1084 3674 ne
1106 3603 1167 3674 hoc
1186 3624 1292 3694 genus
1312 3602 1425 3672 homi-

280 3740 297 3780 «
320 3735 402 3782 num
416 3712 607 3802 vagantium
622 3711 663 3780 ad
683 3712 930 3782 matrimonium
944 3711 1037 3780 facile
1059 3710 1227 3803 recipiant.
1245 3709 1427 3800 Magistro-

281 3848 299 3886 e
321 3830 374 3889 tus
398 3818 497 3888 etiam
525 3818 698 3888 seculares
718 3819 867 3888 hortatur
893 3826 930 3886 ut
948 3841 1003 3888 eos
1026 3839 1138 3888 severe
1156 3825 1336 3887 coerceant.
1360 3817 1426 3886 Pa·

282 3955 299 3994 c
321 3926 429 3997 rochis
444 3933 554 3996 autem
569 3926 719 4018 praecipit
740 3948 782 3996 ne
796 3926 929 3996 illorum
944 3925 1163 3994 matrimoniis
1177 3923 1343 4011 intersint,
1360 3925 1428 3992 nisi

282 4061 299 4100 o
321 4035 415 4127 prius
427 4033 615 4123 diligentem
631 4033 878 4125 inquisitionem
892 4032 1043 4120 fecerint,
1058 4041 1090 4101 ot
1101 4055 1137 4102 re
1152 4030 1194 4101 ad
1209 4030 1426 4102 Ordiuarium

281 4167 299 4206 o
321 4141 440 4229 delata,
455 4139 497 4209 ab
518 4161 557 4210 eo
575 4139 738 4208 licentiam
762 4139 797 4210 id
815 4137 955 4210 faciendi
977 4139 1191 4210 obtinuerint.
1208 4163 1226 4204 a
1247 4137 1349 4231 (Sess.
1367 4141 1424 4225 et,

279 4269 308 4316 c.
326 4253 360 4337 7,
377 4248 417 4317 de
433 4249 503 4340 lies.
519 4245 686 4338 matrim.)
698 4248 742 4318 Vi
753 4247 855 4340 hujus
864 4245 1048 4318 Tridentini
1060 4245 1192 4336 decreti,
1208 4245 1298 4316 licite
1311 4245 1426 4338 nequit
