3050 4984
25 3670 26 3713 l

25 3758 27 3807 l

558 512 633 559 rues
655 512 804 559 securos.
1206 496 1246 559 25

107 650 177 719 gem
192 632 335 725 aliquam
351 656 419 702 esse
434 634 601 727 injustam,
613 634 701 704 aliud
713 656 785 703 eam
795 658 862 703 nou
875 658 943 704 esse
956 635 1107 703 omnium
1122 635 1249 727 perfec-

107 738 273 807 tissimam.
296 741 373 809 Esto
394 742 572 832 perfectum
595 742 629 811 in
653 742 713 811 bec
737 744 870 811 materie
892 742 948 833 jue
970 743 1157 812 Romanum
1181 765 1246 810 nou

108 846 217 933 inerit;
235 854 270 915 at
286 848 444 939 injustum
460 848 522 917 dici
539 872 605 919 non
618 848 734 919 debere
748 850 957 919 sustinemus.

148 952 370 1023 Confirmatur
391 963 499 1024 autem
527 954 672 1027 doctrina
694 956 765 1025 bec
789 978 832 1025 ex
852 956 973 1025 invicta
994 955 1101 1025 divini
1123 957 1245 1026 oraculi

107 1060 307 1130 authoritate.
325 1061 407 1130 Nam
427 1062 500 1133 ideo
514 1063 679 1156 prmcipuc
694 1064 849 1155 injustam
867 1064 980 1132 dicunt
995 1062 1125 1132 talionis
1140 1063 1245 1153 legem

107 1168 126 1233 ii
145 1168 319 1260 scriptores
337 1192 420 1261 quos
442 1171 660 1259 contestamus,
682 1172 772 1264 quie,
798 1192 926 1239 merum
949 1183 1114 1239 tmtomeu
1137 1171 1248 1241 delicti

105 1274 205 1364 (verbi
213 1278 331 1365 gratia,
342 1276 532 1368 homicidii),
542 1280 651 1347 miuus
658 1277 866 1371 plectendum
874 1290 931 1361 est,
941 1301 1045 1371 quam
1052 1277 1140 1347 idem
1147 1279 1246 1347 delie-

105 1392 171 1449 tum
185 1382 226 1450 de
241 1385 332 1474 [octo
345 1397 541 1476 patratum,·
557 1408 596 1454 ex
610 1409 676 1478 quo
691 1385 852 1478 principio
870 1386 916 1454 sic
934 1394 1078 1476 arguunt
1095 1413 1103 1454 z
1120 1385 1245 1454 calum-

103 1489 207 1557 niator
218 1490 276 1582 qui
288 1490 429 1583 aliquem
442 1492 523 1561 falso
534 1494 698 1562 accusavit
709 1492 865 1563 facinoris
877 1500 979 1563 morte
991 1492 1097 1583 digni,
1110 1492 1247 1562 unum

104 1598 231 1689 quidem
250 1601 456 1669 innocentem
474 1602 633 1691 occidere,
653 1602 710 1671 sed
729 1602 770 1671 de
790 1602 875 1671 lacto
895 1624 962 1671 nen
984 1600 1101 1670 occidit
1124 1628 1131 1669 ε
1151 1623 1243 1692 crgo,

104 1704 223 1773 detecte
243 1708 417 1795 calumnie,
440 1731 506 1778 non
525 1709 620 1779 debet
638 1718 740 1780 morte
758 1710 865 1803 plecti,
886 1709 973 1801 quod
993 1716 1102 1777 umen
1123 1708 1176 1777 lex
1192 1716 1245 1775 ta-

102 1812 197 1881 lionis
210 1814 373 1905 exigebat.
391 1816 575 1887 Ceeoutiunt
590 1816 736 1903 omniuo,
754 1816 835 1886 dum
851 1816 1081 1885 inconcussum
1094 1823 1246 1908 reputant

102 1921 303 2013 principium
321 1922 394 2010 hoc,
415 1924 578 2016 injustum
596 1936 654 2007 est,
677 1946 806 1993 merum
825 1935 992 1992 teutomeu
1010 1922 1121 1993 delicti
1131 1922 1245 1991 eodem

97 2029 198 2118 plecti
200 2052 316 2121 poeno,
328 2054 367 2099 oc
376 2030 462 2100 idem
473 2031 626 2101 delictum
638 2032 678 2102 de
683 2036 774 2125 sacto
780 2043 956 2123 patratum
967 2058 978 2097 .·
988 2031 1110 2099 nedum
1120 2038 1245 2098 certum

102 2136 142 2203 sit
158 2136 342 2207 istiusmodi
356 2138 565 2230 principium,
584 2140 703 2208 falsum
718 2138 853 2208 omnino
866 2139 1107 2207 demonstratur
1119 2160 1161 2205 cx
1176 2138 1247 2230 ipsa

100 2241 169 2332 lege
185 2243 301 2313 divina
317 2272 324 2313 s
342 2246 376 2313 iu
393 2246 507 2315 Exodo
518 2248 604 2315 enim
622 2251 705 2339 (cap.
721 2250 776 2333 21,
793 2268 825 2313 v.
841 2247 894 2336 23)
911 2245 957 2313 sic
971 2244 1103 2313 divinus
1115 2244 1245 2333 legisla-

102 2358 150 2418 tor
164 2352 329 2421 sancivit:
351 2356 419 2438 Qui
428 2356 623 2447 percusserit
638 2355 816 2435 homiuem
839 2353 948 2423 voleus
967 2350 1119 2434 occidere,
1140 2364 1246 2419 morte

101 2459 275 2528 moriatur.
298 2461 347 2528 lbi
364 2470 449 2530 certe
468 2470 631 2531 tcutumen
648 2462 816 2531 homicidii
835 2462 947 2531 eodem
967 2482 1064 2552 poena
1079 2482 1116 2527 ac
1136 2459 1245 2527 homi-

101 2565 220 2634 cidium
236 2566 344 2657 ipsum
360 2568 521 2659 plectitur.
539 2568 646 2657 Unde,
667 2570 718 2639 vel
736 2570 842 2638 Deum
858 2568 966 2660 ipsum
980 2566 1138 2659 injustum
1153 2567 1244 2634 blas-

101 2671 267 2762 phement,
285 2674 337 2741 vel
353 2674 550 2743 ratiunculas
569 2698 644 2745 sues
660 2698 720 2766 pro
736 2674 887 2743 inauibus
901 2675 1011 2766 (prout
1027 2696 1141 2743 revera
1155 2674 1241 2763 sunt)

101 2778 250 2848 habeant.
272 2780 377 2861 Quam
394 2782 709 2853 animadversionem
726 2784 831 2851 ineos
847 2782 1029 2875 praesertim
1044 2790 1244 2873 contorque-

102 2910 185 2975 mus,
205 2888 264 2981 qui
286 2910 354 2957 sese
375 2888 546 2959 catholicos
566 2894 774 2983 profitentur,
799 2901 830 2959 et
849 2889 1062 2958 nibilominus
1082 2889 1117 2957 in
1136 2889 1242 2979 legem

101 2994 239 3082 talionis,
256 3018 298 3064 cx
311 2996 439 3065 incaute
451 2997 593 3068 admisso
604 2998 742 3090 praeiato
756 2997 928 3091 principio,
941 2999 1153 3065 insectantur.

143 3107 285 3187 Quarto,
310 3104 485 3195 sapientior
510 3114 619 3175 tamen
644 3106 678 3174 in
702 3106 918 3175 recentiorum
941 3104 1137 3196 populorum
1162 3104 1243 3192 legi-

100 3210 158 3278 bus
186 3210 264 3279 huic
288 3210 417 3279 talionis
438 3234 545 3303 poeuae
566 3213 732 3305 dispositio
753 3212 917 3283 suecessit.
940 3212 1105 3282 Statutum
1128 3233 1244 3301 nempe

100 3317 293 3405 generaliter
319 3318 394 3406 luit,
419 3318 521 3409 judex
550 3320 584 3387 in
609 3320 763 3411 qualibet
786 3329 920 3389 externa
944 3318 1082 3387 crimina
1103 3340 1145 3386 ex
1169 3318 1243 3386 offi-

99 3425 146 3492 cio
174 3424 355 3515 inquireret
379 3452 387 3493 ε
411 3426 613 3515 itascilicet,
643 3436 678 3495 ut
701 3428 792 3497 nullo
815 3427 910 3495 etiam
935 3434 1116 3513 accusante,
1142 3427 1244 3517 possit

100 3541 128 3597 et
159 3530 274 3600 debeat
301 3534 509 3623 magistratus
533 3557 621 3623 eum,
649 3560 745 3628 quem
773 3535 891 3627 patrati
921 3534 1027 3603 delicti
1056 3543 1242 3625 suspectum

100 3639 238 3731 simplex
261 3638 390 3726 delatio,
414 3641 465 3709 vel
489 3642 599 3734 aliqua
617 3643 749 3728 indicia,
775 3642 827 3711 vel
851 3643 939 3711 fama
961 3642 1091 3733 publica
1111 3642 1243 3711 denun-

100 3746 188 3833 tiant,
211 3747 353 3840 juridico
370 3770 521 3839 processu
540 3749 712 3819 discutere.
731 3750 835 3819 Porro
855 3750 910 3818 illa
929 3758 997 3819 tam
1016 3750 1140 3819 utiliter
1158 3758 1243 3817 mm-

100 3876 160 3943 que
174 3855 337 3945 sapienter
353 3854 487 3925 inducta
501 3856 720 3947 inquisitionis
735 3880 776 3925 ea
787 3858 891 3949 officio
905 3858 972 3939 eiu,
986 3858 1042 3949 jus
1056 3858 1242 3926 Romanum

25 3944 27 3981 l

25 3984 27 4013 a
100 3960 244 4047 carebat3
263 3984 338 4030 cum
356 3962 512 4032 Romanis
531 3964 773 4055 magistratibus
789 3988 855 4033 uon
870 3965 983 4033 liceret
998 3988 1040 4032 ex
1060 3986 1150 4032 mero
1166 3962 1242 4031 offi-

25 4060 27 4123 ὶ
101 4067 146 4136 cio
173 4077 205 4137 et
232 4068 301 4137 sine
327 4080 509 4141 accusatore
534 4072 719 4163 procedere,
746 4074 808 4141 nisi
837 4074 871 4140 in
899 4096 937 4141 ea
962 4096 1065 4163 pauca
1091 4070 1242 4162 quasdam

101 4173 216 4243 delicta
234 4198 308 4267 quae
330 4178 514 4266 generalem
537 4180 722 4270 reipublicae
737 4178 1004 4272 tranquillitatem
1019 4179 1052 4245 iu
1069 4176 1243 4245 discrimen

101 4282 312 4353 adducebant.
335 4285 438 4355 Unica
458 4309 517 4383 pro
539 4288 665 4357 caetcris
687 4286 874 4361 coercendis
895 4286 1021 4359 delictis
1041 4284 1169 4383 patebat
1187 4308 1244 4357 ue-
