3050 4984
272 482 313 547 42
645 500 821 546 rnacrnrns
843 500 882 546 ne
903 498 1038 545 sonans.

269 622 453 714 prasertim
465 644 539 691 cum
551 623 623 714 ejus
635 624 698 691 mvi
712 624 753 692 sit
766 623 947 710 decretalis,
957 645 1023 715 quo
1034 622 1103 691 sola
1114 621 1310 713 regulariter
1320 620 1410 711 vige-

269 730 325 797 bat
337 732 528 801 accusatorii
542 754 711 823 processus
723 733 841 801 forma.

316 842 347 905 3.
365 837 457 908 Alios
470 848 578 908 autem
593 848 713 925 textus,
729 839 850 931 quibus
867 838 908 907 de
931 839 1078 931 personis
1093 836 1135 906 ad
1151 834 1411 905 denuntiandum

268 944 468 1015 inhabilibus
487 946 669 1039 quidquam
694 947 899 1034 decernatur,
917 969 983 1015 non
1008 947 1148 1037 reperio,
1165 968 1225 1013 nec
1242 943 1356 1013 citatos
1369 944 1412 1013 ab

268 1054 455 1124 auctoribus
467 1054 545 1125 vidi.
561 1056 630 1124 Nisi
645 1055 727 1125 forte
742 1054 895 1145 quaedem
910 1061 1021 1122 extent
1035 1054 1096 1122 bac
1110 1054 1200 1122 dere
1214 1051 1411 1122 Pontificum

268 1163 498 1251 recentiorum,
515 1173 571 1231 aut
584 1163 874 1253 congregationum
889 1184 1101 1231 romanarum
1115 1160 1307 1246 decisiones,
1323 1159 1410 1251 qnod

267 1268 414 1338 nondum
436 1270 596 1363 expendi;
613 1270 766 1361 aquibus
783 1269 920 1361 proinde
938 1267 1198 1361 praescindendo,
1216 1265 1412 1336 concluden-

270 1376 349 1445 dum
366 1378 496 1449 videtur
508 1378 722 1470 quaestionem
737 1400 779 1445 ex
792 1376 879 1470 juris
893 1376 1036 1446 textibus
1051 1376 1164 1445 dirimi
1177 1398 1244 1444 non
1258 1397 1362 1467 posse.

312 1485 354 1553 Π.
375 1486 464 1570 Quid
477 1486 683 1555 communius
697 1486 760 1554 boc
781 1484 821 1554 de
838 1506 875 1553 re
888 1484 1033 1554 doctores
1046 1485 1214 1566 seruerim,
1231 1480 1359 1574 etquid
1371 1505 1412 1550 ea

269 1614 385 1661 eornm
406 1594 559 1685 opinione
581 1592 848 1664 concludendam.
867 1630 914 1646 -
933 1593 986 1662 Ad
1011 1592 1289 1661 denuntiationem
1311 1612 1411 1682 quam

269 1700 459 1769 vocavimus
473 1705 625 1771 Interesse
632 1702 772 1794 priami,
790 1724 856 1793 qua
871 1723 988 1793 nempe
1003 1700 1081 1793 quis
1093 1700 1175 1767 illati
1194 1698 1257 1767 sibi
1270 1720 1291 1765 a
1304 1697 1411 1765 delin-

269 1816 388 1897 quente
402 1808 514 1876 domui
535 1811 772 1901 reparationem
786 1809 1006 1900 persequitur,
1022 1806 1184 1898 quoslibet
1201 1828 1272 1874 esse
1290 1803 1411 1872 admit·

270 1913 396 2001 tendes,
414 1916 629 1985 communiter
642 1915 790 1985 doctores
804 1913 996 1984 concedunt.
1015 1916 1060 1981 At
1075 1934 1154 1980 vero
1173 1912 1203 1979 si
1220 1912 1260 1979 de
1275 1910 1338 1978 alia
1352 1909 1410 1979 de-

270 2022 476 2091 nuntiatione
489 2030 617 2112 agntur,
634 2046 710 2115 que
724 2022 892 2114 publicum
906 2022 1080 2090 dumtaxat
1091 2020 1245 2089 interesse
1266 2017 1408 2109 respicit,

271 2148 328 2195 sen
344 2150 419 2219 quae
444 2128 481 2197 fit
501 2129 542 2197 ad
566 2129 731 2221 publicam
745 2129 853 2198 delicti
867 2128 1057 2214 vindictam,
1073 2150 1134 2220 pro
1156 2126 1271 2216 regula
1286 2131 1411 2217 ponunt

270 2254 326 2300 eos
340 2256 409 2303 esse
432 2236 472 2302 ad
488 2236 748 2305 denuntiandum
763 2234 938 2319 inhabiles,
953 2257 1037 2325 qnos
1060 2235 1116 2326 jus
1136 2234 1178 2302 ad
1192 2230 1410 2301 accusandum

270 2360 337 2406 non
359 2340 510 2410 admittit.
533 2341 726 2411 «lababilis
750 2341 794 2410 ad
818 2341 1037 2410 accusandum
1052 2340 1111 2431 (ait
1134 2338 1355 2423 Reiffenstuel,
1376 2336 1411 2405 in

222 2490 226 2499 ·
274 2470 292 2509 a
316 2446 364 2513 tit.
389 2450 419 2534 1,
437 2447 458 2515 l.
481 2450 655 2533 abeant,
673 2470 707 2516 n.
731 2450 798 2540 85),
813 2458 862 2516 est
881 2448 977 2515 etiam
1001 2447 1154 2515 inhabilis
1172 2446 1213 2513 ad
1231 2445 1409 2514 faciendam

273 2578 291 2617 a
314 2552 590 2624 denuntiationem
600 2555 763 2646 publicam
776 2578 834 2623 seu
845 2554 1059 2642 criminalem,
1068 2556 1109 2623 ad
1122 2553 1284 2645 publicam
1295 2574 1412 2642 nempe

273 2684 289 2723 a
314 2658 501 2729 undictam.
519 2686 537 2727 n
556 2661 658 2730 Addit
672 2672 780 2731 autem
795 2662 911 2730 citatus
924 2668 1038 2729 auctor
1051 2684 1123 2729 eam
1139 2661 1330 2729 sententiam
1343 2680 1411 2726 esse

268 2767 538 2850 communioren,
556 2777 587 2835 et
601 2768 717 2837 deduci
731 2790 775 2837 ex
788 2767 892 2859 capite
909 2771 994 2837 Cum
1007 2767 1155 2849 dilectas,
1171 2790 1193 2833 a
1208 2764 1301 2833 nobis
1314 2762 1410 2833 modo

269 2872 380 2941 relato.
394 2875 477 2943 Tum
493 2898 565 2944 eam
581 2876 768 2967 opinionem
783 2874 843 2943 bac
859 2876 983 2943 ratione
997 2876 1189 2943 confirmat:
1208 2898 1225 2938 a
1240 2872 1327 2955 Quia
1340 2872 1410 2939 haec

273 3005 290 3044 a
314 2978 514 3051 denuntiatio
528 2983 623 3051 habet
635 2982 785 3051 eumdem
800 2986 900 3051 tinem
911 2992 943 3051 et
955 2981 1163 3073 principalem
1175 2980 1323 3049 ellectum
1335 3000 1409 3047 cum

274 3112 291 3151 a
313 3090 516 3158 accusatione
532 3091 673 3182 publica,
685 3114 803 3183 nempe
816 3090 992 3159 vindictam
1005 3090 1048 3157 ob
1061 3089 1184 3157 bonum
1195 3087 1410 3157 communita·

274 3220 291 3259 a
316 3196 370 3279 tis,
389 3196 424 3263 in
447 3198 633 3289 exemplum
655 3198 808 3284 aliorum,
826 3197 959 3290 agitque
972 3198 1058 3265 vices
1078 3196 1305 3264 accusationis.
1327 3194 1412 3262 Hinc

274 3328 291 3366 a
313 3303 399 3370 velet
412 3314 642 3395 argumentum
659 3306 699 3373 ab
714 3304 916 3374 accusatione
930 3302 972 3372 ad
988 3303 1277 3388 denuntiationem,
1294 3308 1327 3367 et
1340 3300 1411 3369 vice
1511 3355 1512 3364 ,

274 3435 291 3473 a
314 3432 447 3477 versa.»
463 3411 683 3503 Supponendo
695 3411 953 3481 communiorem
966 3433 1080 3480 revera
1092 3433 1162 3479 esse
1176 3408 1265 3479 illam
1281 3418 1406 3479 senten-

269 3517 361 3603 tiam,
377 3527 473 3609 prout
496 3518 636 3588 affirmat
660 3519 882 3608 Reiffenstuel,
898 3519 1042 3589 solidum
1065 3526 1174 3587 tamen
1197 3540 1263 3587 non
1281 3517 1412 3587 videtur

270 3625 474 3717 praecipuum
496 3627 599 3718 ipsius
625 3628 887 3716 fundamentum,
905 3626 1098 3695 decretalem
1119 3626 1240 3695 scilicet
1260 3628 1345 3695 Cum
1359 3623 1412 3693 di-

270 3732 381 3813 lectus,
396 3741 547 3826 utsupra
566 3734 776 3803 ostendimus.

315 3836 379 3907 Sed
395 3847 554 3931 praeterea
574 3840 707 3911 eliditur
720 3842 878 3910 sententia
902 3842 986 3926 baec,
1005 3864 1048 3911 ex
1070 3841 1167 3929 tacto,
1184 3838 1271 3932 quod
1294 3837 1413 3930 pariter
1510 3831 1511 3846 ¹

271 3945 491 4015 edoctoribus
514 3956 667 4039 tunquam
689 3958 814 4018 eertum
840 3950 1043 4035 admittitur;
1061 3972 1103 4017 ex
1126 3948 1271 4039 generali
1296 3968 1412 4038 nempe

273 4054 308 4121 in
323 4054 521 4123 eontrarium
541 4056 785 4125 consuetudine.
808 4058 938 4149 Deque
958 4057 1004 4125 sic
1029 4058 1117 4125 idem
1139 4052 1349 4124 Reiffenstuel
1364 4053 1413 4119 ci-

272 4169 338 4227 tato
361 4160 457 4229 loco:
480 4161 609 4230 aNotat
634 4170 742 4231 tamen
767 4163 954 4233 Ludovious
967 4167 1096 4233 Ameno
1110 4162 1244 4254 (Praeti
1257 4158 1412 4229 mnemo-
1509 4163 1510 4232 Q

277 4293 294 4332 a
317 4268 367 4353 lis,
389 4269 439 4359 tit.
466 4272 497 4358 9,
517 4268 538 4361 ς
562 4274 593 4358 3,
611 4292 645 4341 η.
667 4272 733 4363 ts),
755 4294 797 4340 ex
824 4273 990 4342 communi
1016 4268 1231 4343 tribunalium
1257 4266 1351 4363 praxi
1373 4289 1412 4337 ac
