3050 4984
303 517 364 581 lll
676 534 852 582 anscausus
873 535 912 580 us
934 533 1067 583 tumens.

296 655 456 746 reincidit)
471 655 601 750 qrrando
613 678 687 724 reus
702 657 772 748 ipse
785 656 939 733 delictum
952 657 1059 748 palam
1074 655 1302 740 confitebatur,
1315 654 1440 746 absque

299 771 483 833 accusatore
498 764 687 832 sententiam
711 763 791 832 ferri
815 763 943 832 solitam
959 764 1058 834 luisse
1077 772 1171 834 extra
1185 761 1442 832 controversiam

298 879 358 939 ast.
387 871 467 938 Item
489 870 524 938 in
549 870 655 938 causas
674 869 767 961 fidei,
782 870 915 962 quando
929 870 1015 961 quis,
1032 870 1126 940 verbi
1142 871 1260 960 gratia,
1283 877 1441 960 tanquam

299 978 458 1046 haereseos
482 999 558 1045 raus
579 975 620 1044 ad
642 977 785 1044 tribunal
809 976 998 1064 vocabatur,
1014 977 1137 1070 absque
1162 984 1346 1045 accusatore
1361 996 1442 1066 pro-

297 1085 368 1176 prie
392 1084 490 1172 dicto,
518 1107 576 1152 seu
603 1083 752 1175 ajudioc
776 1094 832 1153 aut
856 1083 986 1176 publico
1011 1083 1150 1152 Officiali
1174 1083 1338 1168 distincto,
1359 1104 1441 1173 pro-

296 1211 421 1258 cessum
437 1191 590 1282 expedire
610 1190 754 1276 licuisse,
777 1190 887 1258 forsan
912 1189 1044 1282 probari
1062 1196 1221 1282 potestas
1236 1189 1442 1279 antiquitatis

295 1298 509 1368 documentis.
528 1297 660 1368 Secluso
676 1320 753 1366 vero
769 1297 831 1366 boe
854 1298 978 1389 duplici
999 1320 1091 1382 casu,
1119 1298 1155 1366 in
1176 1297 1304 1365 catoris
1325 1296 1441 1363 crimi-

295 1404 393 1472 nibus
427 1403 530 1473 solam
560 1401 708 1472 adhiberi
744 1405 976 1472 accusatoriam
1001 1403 1142 1472 formam
1169 1403 1293 1472 licitum
1324 1402 1440 1488 tuisse,

294 1521 451 1601 tauquam
478 1508 677 1600 probabilius
700 1510 734 1578 in
749 1509 810 1578 bac
824 1509 908 1579 thesi
923 1511 1133 1578 sustinemus.
1150 1509 1188 1578 Id
1204 1509 1323 1576 scilicet
1340 1507 1443 1576 vebs-

296 1625 422 1684 menter
436 1616 572 1685 suadere
587 1616 660 1686 visa
673 1626 751 1683 sunt
765 1616 860 1707 plura
869 1617 1071 1705 antiquitatis
1093 1617 1299 1685 documenta.
1314 1615 1444 1682 Proba·

297 1731 350 1790 tur
363 1723 472 1813 itaque
486 1721 587 1790 thesis
605 1748 613 1789 :

341 1937 444 2004 1⁰13ae
464 1946 575 2002 sancto
604 1938 726 2025 Optato
750 1933 954 2003 milevitano.
980 1973 1025 1987 -
1047 1934 1233 2003 Macharius
1247 1933 1381 2025 quidam
1397 1933 1442 2001 ad

297 2039 545 2131 compescendos
561 2039 744 2108 Donatistas
763 2041 883 2108 missus
896 2041 1019 2124 fuerat.
1032 2041 1074 2110 Ei
1087 2043 1370 2132 exprobraverunt
1386 2041 1441 2107 in·

299 2157 346 2214 ter
361 2148 425 2214 alia
448 2146 638 2232 Donatista,
659 2147 746 2238 quod
762 2147 937 2215 nonnullos
952 2147 1101 2217 homines
1114 2148 1324 2232 trucidasset3
1342 2155 1443 2238 atque

296 2253 373 2322 inde
387 2252 623 2321 contendebant
638 2274 712 2320 enm
736 2252 885 2321 debuisse
901 2253 1101 2322 acatholicis
1125 2253 1290 2345 Episcopis
1305 2275 1444 2321 exeom-

296 2360 453 2430 munioari
474 2387 480 2426 :
509 2359 681 2449 respondet
704 2369 834 2426 sanctus
858 2357 995 2451 Optatus
1014 2359 1120 2428 officio
1137 2383 1197 2427 suo
1217 2383 1283 2427 non
1298 2359 1444 2428 defuisse

297 2467 472 2558 Episcopos
487 2465 660 2533 catholicos
676 2465 876 2533 Macharium
898 2488 964 2534 non
984 2466 1315 2554 excommunieaudo;
1326 2467 1445 2558 primo

296 2571 373 2661 quia
395 2571 455 2637 etsi
477 2579 636 2637 constaret
659 2569 700 2636 ab
726 2591 764 2637 eo
793 2571 952 2660 quosdam
977 2571 1078 2639 fuisse
1106 2572 1174 2640 neci
1199 2571 1347 2659 traditos,
1373 2594 1446 2640 non

299 2689 405 2744 tumen
434 2677 598 2744 constabat
627 2676 661 2743 id
689 2675 808 2766 injuste
835 2677 934 2743 fuisse
959 2689 1148 2767 peractum;
1178 2677 1329 2759 secundo,
1361 2680 1447 2770 quia

298 2783 445 2851 nondum
468 2783 555 2850 ullus
575 2791 687 2849 contra
711 2804 787 2850 eum
812 2783 976 2873 prodierat
997 2785 1083 2875 apud
1109 2785 1285 2875 Episcopus
1307 2808 1448 2853 accusa-

298 2903 349 2958 tor
371 2917 378 2956 :
405 2917 423 2954 n
442 2890 507 2957 seo
524 2889 594 2955 baec
617 2887 773 2956 sileantur
792 2916 799 2955 :
823 2891 970 2957 dicamus
984 2901 1016 2958 et
1031 2912 1091 2958 nos
1105 2894 1193 2982 quod
1209 2893 1327 2981 dicitis,
1346 2914 1445 2962 reum

305 3025 321 3061 o
344 2997 444 3064 luisse
467 2993 669 3064 Macharium
690 2996 803 3087 :quod
824 2996 854 3063 si
876 2998 950 3083 luit,
966 3009 1150 3068 accusatore
1168 2998 1294 3085 silente,
1311 3002 1447 3069 anobis

304 3133 321 3168 a
345 3125 410 3170 non
426 3102 518 3169 licuit
530 3102 695 3169 abstineri.
715 3103 881 3193 Scriptum
897 3115 945 3172 est
969 3107 1069 3192 enim,
1093 3114 1167 3174 ante
1182 3108 1345 3196 cognitam
1361 3129 1448 3176 oau—

303 3237 320 3274 o
343 3230 412 3276 sam
432 3209 596 3274 neminem
611 3229 679 3276 esse
695 3207 931 3276 damnandum.
950 3210 1065 3297 Dicite,
1082 3211 1157 3302 quis
1172 3234 1248 3282 eum
1261 3215 1446 3303 accusavit,

305 3325 377 3383 set
400 3315 531 3383 auditus
546 3335 612 3381 non
637 3317 704 3382 estl
731 3315 833 3382 Dicite
852 3315 1055 3384 Macharium
1079 3317 1263 3388 contessum
1288 3342 1357 3388 esse
1371 3322 1448 3390 cul·

305 3452 322 3490 o
346 3445 432 3514 pam,
458 3432 489 3490 et
512 3429 654 3488 nostram
675 3421 804 3490 siluisse
818 3425 1034 3492 sententiam?
1050 3422 1172 3493 Sumus
1194 3427 1296 3512 enim,
1312 3429 1447 3518 quales·

306 3551 497 3621 «cumque,
529 3529 653 3620 judices
683 3529 718 3596 in
750 3529 912 3616 Ecclesia3
939 3532 1027 3622 quod
1053 3540 1085 3598 et
1112 3533 1174 3622 ipsi
1200 3555 1266 3603 non
1293 3537 1444 3624 negatis3

308 3638 435 3730 «quod
451 3657 510 3704 nos
533 3635 658 3726 judices
677 3657 746 3702 esse
771 3657 865 3704 veros
889 3637 1006 3705 debere
1029 3638 1233 3707 contenditis.
1264 3639 1338 3709 Non
1353 3645 1449 3714 euim

307 3773 325 3816 a
348 3765 520 3836 possumus
545 3743 650 3808 lacere
673 3744 761 3833 quod
785 3765 850 3811 non
878 3744 952 3811 tecit
978 3745 1078 3832 Deus,
1101 3746 1215 3837 quiin
1238 3748 1361 3838 judicio
1383 3775 1449 3824 suo
1515 3748 1516 3775 ¹

308 3873 499 3946 «personas
530 3851 950 3940 separaredignatuses13
980 3873 1038 3920 nec
1068 3855 1220 3922 eumdem
1250 3855 1355 3926 voluit
1374 3883 1449 3931 esse

307 3989 326 4028 s
348 3966 565 4028 accusatorem
581 3967 612 4022 et
631 3956 786 4047 judicem.
803 3959 876 4027 Non
891 3961 978 4026 enim
995 3969 1099 4051 potest
1113 3963 1187 4053 quis
1201 3963 1236 4030 in
1250 3984 1316 4031 una
1331 3987 1446 4055 causa,
1514 4020 1515 4051 .

309 4067 456 4134 neodem
482 4071 646 4130 momento
674 4062 756 4131 duas
779 4074 907 4154 portare
922 4086 1097 4155 personas;
1126 4069 1210 4134 utin
1224 4067 1339 4136 eodem
1351 4068 1451 4159 judi·
1514 4066 1515 4151 l

309 4199 328 4238 a
348 4175 398 4241 cio
424 4181 456 4238 et
481 4177 646 4236 accusator
671 4190 740 4237 esse
766 4171 868 4260 possit
892 4182 923 4238 et
945 4171 1060 4261 judex.
1086 4173 1180 4254 Quod
1197 4174 1285 4244 Deus
1311 4197 1372 4246 nec
1385 4200 1450 4268 per
1514 4174 1515 4213 .

305 4275 611 4368 «omnipotentiam
640 4275 726 4344 lecit.
754 4273 799 4343 Ut
832 4277 925 4346 nobis
955 4278 1124 4367 judicandi
1158 4281 1297 4350 formam
1332 4293 1448 4353 osten-
