3050 4984
556 422 632 529 rins
654 480 801 529 suenum.
1182 462 1243 527 413

100 618 164 681 stet
173 610 261 704 ipsos
271 611 367 681 lesos
382 610 496 687 luisse:
508 616 605 703 atque
614 610 739 678 etiamsi
751 609 842 677 laesio
851 630 891 677 ex
903 606 1049 700 ipsomm
1064 608 1247 701 culpaonn-

99 720 222 809 tigerit.
240 719 464 787 «Beneficium
475 718 688 786 restitutionis
701 714 1071 806 (ailScbmalzgrueber,
1083 718 1175 785 intit.
1192 720 1246 804 ll,

104 854 121 891 a
146 826 222 895 libri
240 826 408 913 luceres,
426 850 460 894 n.
478 826 510 915 8)
520 825 672 916 competit
684 824 878 902 minoribus,
894 846 951 891 sen
967 823 1007 890 iis
1019 824 1076 915 qni
1092 828 1134 891 25
1147 846 1249 892 annos

104 958 121 996 a
147 934 253 1001 aetatis
273 932 419 1001 nondum
437 932 654 1023 impleverunt
671 928 786 1020 (eapite
811 930 1015 999 Constitutus
1037 932 1069 1015 8,
1086 929 1126 997 de
1140 933 1179 998 ln
1194 930 1249 998 in-

105 1066 123 1103 a
148 1053 276 1130 thrum
300 1039 426 1120 restit.,·
445 1048 477 1106 et
497 1037 568 1127 lege
594 1040 662 1105 Hoc
687 1035 843 1115 edictum,
865 1044 896 1102 et
916 1034 1137 1127 sequentibus,
1152 1035 1187 1103 ff.
1211 1035 1250 1105 dc

104 1172 121 1208 s
146 1144 358 1235 Minoribrcsi3
377 1144 434 1212 nbi
448 1144 544 1213 etiam
561 1143 644 1211 ratio
657 1142 801 1228 additur,
819 1142 905 1235 quod
918 1143 1040 1235 fraqilc
1055 1141 1097 1210 sit
1110 1155 1142 1210 et
1152 1143 1249 1233 infir-

105 1278 122 1315 «
147 1274 240 1319 mum
263 1250 462 1342 hujusmodi
489 1262 628 1320 celatum
648 1249 835 1334 consilium,
859 1262 889 1316 et
910 1250 1023 1318 multis
1046 1250 1250 1341 captionibus

103 1386 122 1422 a
145 1358 363 1450 srcppositum,
384 1358 569 1427 multorum
584 1356 712 1425 insidiis
732 1356 968 1448 expositum.»

146 1464 240 1535 Dicto
264 1472 372 1533 tamen
399 1464 564 1533 minorum
583 1464 657 1554 jure
676 1463 819 1552 gaudent
838 1462 1010 1543 Ecclesie;
1033 1486 1099 1555 quo
1120 1464 1251 1533 nomine

100 1572 239 1641 veniunt
252 1572 350 1639 etiem
368 1571 575 1656 monasteria,
592 1570 777 1660 hospitalia,
789 1580 820 1637 et
832 1570 894 1637 alia
908 1570 979 1639 locu
992 1570 1065 1661 pia:
1081 1592 1204 1639 necnon
1219 1579 1251 1639 et

99 1679 340 1748 universitates.
374 1679 501 1746 Textus
534 1677 619 1769 juris
645 1676 766 1768 quibus
801 1674 834 1743 id
866 1676 1027 1763 sancitur,
1057 1678 1134 1747 vide
1162 1677 1249 1771 apud

100 1784 406 1875 Sebmalzgrueber,
424 1785 496 1853 loco
510 1784 617 1852 citato.

147 1892 341 1985 Respondeo
356 1898 391 1961 2·
407 1920 415 1959 ε
430 1893 527 1960 etiam
543 1891 730 1982 majoribus
744 1890 878 1959 concedi
892 1898 995 1982 potest
1006 1899 1036 1959 et
1049 1890 1144 1960 debet
1159 1894 1253 1962 resti-

99 2001 187 2069 tutio
202 2001 236 2067 in
253 2002 432 2090 integrum,
450 1998 630 2067 dnmmodo
644 2006 839 2065 concurrant
850 2006 915 2063 tres
931 2006 1100 2089 sequentes
1109 2000 1252 2068 circnm-

102 2108 232 2175 stantiae
253 2133 261 2173 ε
273 2106 399 2198 primo,
415 2114 452 2173 ut
466 2113 591 2174 constet
606 2104 695 2195 ipsos
709 2104 806 2172 laesos
820 2104 937 2179 luisse;
954 2104 1104 2185 secundo,
1123 2114 1160 2173 ut
1173 2128 1252 2199 pro-

102 2214 182 2281 bent
203 2213 372 2281 laesionem
397 2234 437 2280 ex
466 2213 613 2303 ipsorum
637 2210 733 2302 culpa
755 2232 822 2277 uon
845 2210 1031 2299 contigisse,
1057 2234 1094 2279 ac
1115 2213 1252 2303 proinde

102 2319 275 2388 ostendant
288 2319 412 2411 justum
424 2317 557 2409 aliquod
572 2315 855 2407 impedimentum,
871 2340 911 2383 ex
929 2338 994 2409 quo
1008 2316 1087 2407 ipsis
1098 2319 1252 2409 imputari

104 2450 170 2497 non
190 2427 304 2496 debeat
322 2427 409 2517 qnod
428 2426 593 2495 lesionem
610 2446 678 2493 non
698 2424 894 2516 repulerint3
913 2422 1020 2503 tertio,
1039 2432 1075 2491 ut
1092 2425 1169 2517 ipsis
1182 2425 1251 2518 jam

104 2556 170 2603 non
189 2542 293 2625 pateat
304 2533 523 2602 remediorum
536 2531 777 2601 ordinariorum
793 2530 847 2597 via
860 2527 900 2597 ad
912 2530 1129 2621 repellendam
1143 2532 1252 2601 laesio-

104 2664 196 2711 nem.

150 2750 309 2819 Censetur
317 2757 424 2819 autem
435 2749 509 2841 quis
524 2771 565 2817 ee
573 2747 784 2840 justocauso
794 2746 960 2815 lesionem
974 2746 1036 2814 sibi
1048 2746 1170 2816 illatam
1185 2770 1251 2818 nun

104 2858 328 2948 impedivisse,
342 2856 466 2949 primo,
481 2857 507 2923 si
522 2857 638 2925 absens
651 2854 751 2923 fuerit
769 2854 954 2945 reipublice
969 2876 1082 2941 sairsa;
1102 2856 1249 2940 secondo,

105 2966 134 3033 si
148 2966 265 3033 absens
277 2965 378 3033 fuerit
391 2974 524 3056 propter
539 2963 660 3055 justam
675 2963 790 3031 mortis
804 2962 855 3030 vel
872 2962 1032 3030 cruciatus
1048 2973 1184 3051 metum,
1201 2965 1252 3033 vel

60 3120 65 3129 ·
104 3079 239 3164 propter
254 3071 488 3157 infirmitatem,
501 3070 554 3137 vel
571 3079 704 3162 propter
717 3076 917 3159 grassantem
935 3076 1068 3160 pestem,
1083 3070 1135 3137 vel
1148 3094 1250 3163 prop·

105 3188 156 3246 ter
166 3179 383 3269 captivitatem
399 3186 456 3246 aut
470 3177 645 3246 violentam
662 3175 842 3267 quamlibet
856 3176 1088 3253 detentionem
1106 3180 1214 3261 tertio,
1227 3181 1254 3247 si

105 3287 151 3352 sit
173 3306 310 3376 persona
333 3288 366 3352 in
391 3307 457 3376 qua
484 3285 570 3375 juris
596 3282 781 3372 ignorantia
803 3282 998 3373 supponitur
1022 3293 1053 3349 et
1084 3285 1251 3373 toleratur,

106 3392 221 3483 quales
247 3399 325 3460 sunt
355 3392 510 3459 mulieres
539 3399 571 3458 et
599 3390 733 3474 rustici;
759 3400 893 3479 quarto,
923 3388 951 3456 si
979 3410 1185 3483 quacumque
1213 3394 1254 3462 de

105 3520 205 3568 causa
217 3499 253 3566 in
270 3522 308 3569 eo
322 3507 407 3567 stetu
421 3498 498 3583 fuit,
514 3506 629 3565 utnon
643 3496 849 3587 potueritjus
864 3518 960 3565 suum
977 3495 1161 3567 defendere.
1176 3500 1255 3569 Haec

106 3605 209 3674 variis
217 3606 302 3697 juris
318 3605 459 3675 textibus
473 3604 608 3672 firmant
622 3603 791 3682 doctores;
808 3604 892 3671 inter
903 3625 986 3694 quos
997 3603 1073 3671 vide
1088 3604 1254 3675 Scbmalz·

107 3712 251 3800 grneber
265 3714 310 3801 (in
328 3714 376 3780 tit.
395 3716 450 3799 41,
468 3710 526 3779 lib.
548 3714 579 3796 1,
599 3710 740 3793 liceret,
759 3730 796 3777 n.
815 3708 861 3798 9).

157 3820 300 3903 Quasno
314 3824 360 3887 4⁸.
374 3859 421 3871 -
433 3818 580 3902 Quinam
595 3817 661 3885 unt
676 3828 769 3885 actus
783 3829 896 3885 contro
912 3840 991 3909 quos
1004 3818 1134 3887 cosmedi
1145 3819 1255 3890 ualeat

106 3932 272 4003 restinctio
292 3930 328 3996 in
343 3928 531 4017 inicorum?
545 3962 590 3977 -
604 3922 799 4015 Respondes
816 3926 849 3989 1ο
866 3950 873 3991 :
891 3924 1004 4011 regula
1018 3926 1177 4013 generalis
1190 3938 1250 4015 est,

106 4044 217 4113 locum
232 4059 302 4106 esse
317 4033 515 4103 restitutioni
537 4032 572 4099 iu
587 4030 752 4121 integrum
768 4039 880 4098 contra
893 4030 1052 4122 quoslibet
1065 4039 1155 4100 actus
1172 4036 1254 4102 civi-

107 4150 169 4234 les,
184 4144 314 4215 valiclos
326 4150 358 4209 et
372 4137 609 4223 rescindibiles,
624 4136 746 4228 quibus
760 4135 859 4205 laesus
874 4145 934 4222 est,
950 4135 1007 4227 qui
1025 4136 1185 4227 ejusmodi
1203 4164 1254 4211 re-

109 4252 211 4334 medii
226 4248 401 4345 privilegio
409 4244 540 4336 gaudet.
554 4244 642 4313 Hinc
653 4242 750 4310 datur
761 4242 921 4310 restitutio
932 4242 966 4309 in
976 4242 1141 4331 integrum
1155 4248 1187 4312 1⁰
1196 4248 1254 4317 ad.
