3050 4984
283 443 323 507 61
655 461 831 507 ursmarus
854 462 893 506 on
915 459 1047 507 runicus.

281 601 357 650 cum
368 579 526 662 subditus,
544 601 657 648 uerum
676 581 776 648 etiam
798 604 874 649 cum
895 581 1057 650 Prolatus
1078 581 1214 662 cecedit,
1228 581 1258 649 ai
1271 603 1336 672 per
1349 578 1418 648 ctu-

280 709 406 756 morem
421 699 451 754 et
462 689 592 778 sumum
607 686 653 756 ud
666 711 760 756 aures
774 688 949 780 superioris
960 689 1143 780 peruenerit
1157 690 1235 779 (uon
1250 686 1381 779 quidem
1396 711 1417 754 u

280 794 449 863 malevolis
470 806 501 862 et
523 793 700 877 maledicis,
722 794 779 863 ced
799 818 821 862 u
838 794 988 887 prouida
1007 808 1038 862 et
1059 794 1218 877 tonum·
1239 817 1297 862 nec
1322 795 1421 862 semel

281 914 424 982 tontum,
433 899 490 969 sed
501 921 595 991 sepe,
610 900 698 992 quod
707 901 829 970 clamor
843 901 961 983 denuit,
971 910 1003 969 et
1017 900 1193 970 diffamatio
1204 901 1416 992 manifestat);

281 1007 370 1076 debet
386 1029 498 1076 corum
512 1006 662 1075 Ecclesia
677 1007 856 1076 senioribus
869 1008 1042 1076 ueritatem
1063 1007 1249 1099 diliqentius
1268 1031 1419 1100 perscru-

282 1115 368 1196 tare,
385 1125 422 1181 ut
441 1113 480 1205 (si
494 1113 543 1181 rei
555 1115 741 1205 poposcerit
759 1114 916 1206 qualitas)
929 1113 1084 1184 conouim
1098 1114 1268 1205 districtio
1286 1114 1419 1207 culpam

278 1221 378 1312 serrat
391 1219 627 1311 delinquuctis,·
643 1243 709 1288 uon
723 1233 883 1314 tunquam
898 1219 986 1289 Mem
1002 1221 1045 1288 sit
1064 1233 1234 1289 mcuautor
1248 1234 1278 1289 et
1294 1219 1415 1312 judee,

280 1326 337 1396 sed
355 1326 450 1418 quusi
470 1325 681 1395 denuntiante
698 1329 806 1416 some,
824 1329 875 1397 uel
893 1327 1052 1419 deferente
1070 1329 1222 1411 clamore,
1244 1329 1345 1420 officii
1368 1330 1424 1396 sui

280 1434 425 1503 debitum
440 1445 632 1524 coequentur.

323 1540 371 1610 Ne
386 1562 464 1609 vero
482 1539 556 1631 quis
577 1549 667 1631 putet
690 1541 851 1611 novitera
870 1542 963 1610 uobis
983 1543 1197 1633 excogitatam
1217 1541 1302 1610 hane
1314 1541 1421 1611 eluta

281 1645 449 1718 decretalis
486 1647 803 1737 interpretationem,
834 1657 994 1717 vetustam
1032 1649 1149 1741 glossas
1184 1649 1421 1740 expos‘tiouem

282 1753 492 1844 subjiciamus
511 1779 519 1819 ε
539 1753 665 1821 «Tune
687 1764 796 1823 autem
819 1754 914 1824 debet
937 1756 1097 1824 Prolatus
1116 1755 1291 1848 procedere
1311 1754 1353 1823 ad
1367 1757 1422 1824 in-

284 1889 301 1927 «
325 1857 535 1951 quirendum,
555 1879 630 1926 eum
654 1858 777 1928 famam
796 1869 829 1928 et
846 1859 1049 1952 frequentem
1072 1860 1247 1930 clamorem
1269 1860 1422 1950 iutelligit

284 1993 302 2032 a
325 1977 365 2034 dc
385 1963 570 2033 excessibus
589 1963 740 2056 alicujus,
758 1989 816 2034 seu
831 1967 927 2034 etiam
942 1966 1142 2058 eliquetur,
1161 1975 1259 2059 prout
1278 1976 1364 2060 patet
1378 1991 1420 2035 ex

285 2101 302 2142 c
326 2082 435 2142 tenore
459 2071 552 2139 istius
576 2071 833 2160 constitutionis5
862 2083 894 2141 et
920 2097 1008 2165 quon
1032 2081 1075 2142 sit
1098 2073 1286 2161 infamatus,
1312 2097 1422 2142 uuna

285 2210 303 2249 o
326 2179 492 2250 malevolis
506 2189 537 2246 et
552 2177 711 2265 iuimiois;
730 2179 786 2248 sed
809 2202 829 2248 a
848 2181 942 2250 bonis
955 2189 988 2250 et
1002 2179 1189 2250 diseretis...
1206 2180 1248 2249 Et
1260 2189 1338 2251 tunc
1352 2180 1422 2249 dis-

284 2317 301 2358 c
326 2285 540 2378 tinguendum
564 2287 669 2377 :quia
695 2296 750 2355 aut
777 2287 921 2378 procedit
943 2310 986 2356 ex
1009 2287 1116 2358 officio
1137 2311 1210 2374 suo,
1232 2297 1290 2358 aut
1310 2289 1422 2381 aliquo

285 2393 506 2487 «postulante
530 2392 786 2484 inquisitionem.
815 2393 850 2463 Si
875 2417 916 2462 ex
941 2392 1051 2464 officio
1073 2417 1145 2482 suo,
1161 2403 1239 2462 tunc
1264 2394 1422 2463 Praelatus

285 2531 302 2570 o
325 2524 399 2572 eum
415 2499 580 2591 aliquibus
596 2499 635 2567 de
655 2501 817 2570 canonicis
830 2503 897 2570 suis
912 2500 1007 2570 debet
1022 2501 1215 2572 descendere
1229 2501 1271 2570 ad
1291 2502 1419 2582 loeum;

286 2637 305 2678 a
327 2609 406 2703 quia
428 2607 473 2675 ibi
494 2614 598 2699 potest
620 2607 735 2675 melius
758 2607 925 2700 inquiri...
941 2608 978 2677 Si
992 2631 1070 2678 vero
1084 2608 1239 2700 procedat
1254 2607 1357 2700 judex
1379 2608 1420 2675 ad

285 2745 303 2786 c
324 2715 511 2810 petitionem
525 2712 663 2805 alicujus
683 2716 887 2805 procurantis
910 2715 1167 2808 inquisitionem,
1183 2717 1252 2786 sive
1265 2716 1306 2785 sit
1321 2716 1422 2785 Ordi-

284 2853 302 2894 c
324 2825 437 2894 narius
458 2821 527 2890 sive
550 2819 727 2910 delegatus,
745 2821 788 2890 ad
809 2822 918 2891 locum
933 2822 1063 2892 aeoedm
1083 2823 1113 2890 si
1136 2830 1240 2914 potest
1257 2849 1265 2889 ι
1282 2830 1312 2891 et
1328 2834 1423 2892 vocet

286 2961 303 3000 a
324 2932 418 3001 illum
440 2935 551 3000 anua
571 2949 669 3020 quem
695 2929 868 3018 procedere
894 2928 1000 3018 debet,
1017 2938 1050 2997 et
1070 2937 1149 2997 tuno
1172 2929 1305 3022 recipiat
1325 2938 1423 2999 testes

284 3066 301 3106 c
325 3062 406 3132 quos
425 3036 480 3105 ille
500 3032 657 3127 producet
676 3037 734 3125 qui
757 3035 946 3127 impetravit
971 3034 1229 3127 inquisitionem.
1246 3037 1372 3104 Tamen
1393 3038 1422 3104 si

284 3174 302 3216 a
324 3147 379 3215 ille
405 3149 538 3233 negaret
560 3141 728 3211 infamiam
752 3143 967 3234 praecessisse,
991 3152 1163 3232 eognoseet
1186 3142 1295 3235 primo
1317 3142 1421 3233 judex

285 3282 303 3322 a
324 3262 436 3322 utrum
462 3250 503 3318 sit
527 3247 721 3337 infamatus,
737 3259 770 3318 et
793 3260 904 3341 postea
920 3249 1071 3341 procedet
1094 3250 1246 3343 superiis
1266 3274 1341 3342 quae
1363 3252 1423 3319 de·

286 3391 305 3432 a
326 3360 475 3430 nuntiata
488 3365 565 3426 suut
583 3383 590 3424 :
606 3356 686 3426 alias
702 3380 768 3426 non
790 3358 955 3449 procedat,
972 3358 1036 3426 nisi
1059 3359 1168 3449 primo
1189 3368 1312 3427 mactet
1332 3360 1423 3451 quod

287 3499 304 3538 o
327 3469 502 3537 infamatus
529 3463 615 3534 sit.»
639 3463 763 3555 (Glossa
789 3465 824 3532 iu
844 3487 915 3556 cap.
943 3464 1093 3548 Qualiter
1116 3469 1171 3554 24,
1192 3466 1241 3534 tit.
1269 3469 1302 3553 1,
1321 3466 1422 3534 libb

282 3581 426 3662 Decret,
441 3571 532 3641 verb.
549 3571 601 3640 Ad
618 3570 876 3662 inquirendum.)

325 3685 415 3756 idem
439 3688 562 3749 consta
581 3701 622 3747 aa
643 3679 794 3747 decretali
812 3683 895 3749 Cum
910 3691 1059 3771 oportent
1077 3682 1143 3770 (19,
1161 3681 1209 3748 tit.
1230 3686 1261 3768 1,
1278 3681 1302 3748 l.
1323 3682 1423 3749 tlte-

281 3793 375 3883 eret.)
389 3787 532 3881 ejusdem
549 3785 728 3854 iunocentii
742 3787 799 3854 111.
816 3787 866 3854 lbi
883 3788 972 3855 enim
993 3787 1102 3877 agitur
1120 3787 1161 3856 de
1181 3788 1321 3879 quodam
1341 3788 1423 3880 Epi·

281 3922 390 3993 scopo,
412 3917 508 3987 quem
530 3893 708 3962 multorum
730 3916 922 3963 excessuum
940 3915 1033 3963 reum
1052 3893 1129 3963 Sedi
1148 3894 1341 3986 Apostolicae
1364 3896 1423 3964 de·

280 4008 511 4080 nuntiaverant
525 4000 674 4071 nonnulli
687 4000 833 4070 canonici
844 4028 851 4068 :
864 4001 905 4070 ad
921 4000 1005 4070 hanc
1015 4023 1114 4093 porro
1125 4024 1256 4071 causam
1265 4002 1424 4092 delegatis

278 4114 443 4210 judicibus
454 4107 688 4201 siepraescribit
699 4107 1074 4178 Pontifexzttucretioui
1083 4121 1197 4178 curre
1207 4109 1420 4194 mundamur,

281 4220 450 4318 quodnisi
470 4238 568 4308 super
578 4214 744 4307 predictis
761 4217 891 4306 samem
910 4214 1012 4304 ipsius
1031 4216 1144 4284 tasum
1164 4237 1229 4285 eoae
1253 4218 1420 4304 uweritea,
