3050 4984
299 415 359 480 1111
676 444 851 492 1110111110
874 447 912 492 oa
934 447 1067 496 1110111111.

299 591 316 629 a
340 563 529 654 presbytero
542 585 633 652 vero,
649 566 701 632 vel
717 566 861 658 quolibet
880 570 1044 640 sacerdote
1058 595 1079 640 a
1094 575 1214 664 populo
1228 587 1387 665 accusato,
1407 579 1433 646 si

299 699 315 737 a
339 673 417 740 certi
433 694 499 740 non
513 673 751 761 luerinttestes,
761 675 820 766 qni
828 677 958 746 crimini
967 678 1056 748 illato
1064 681 1243 771 approbent
1250 684 1431 767 veritatem,

297 809 314 848 «
336 781 566 874 jusjurandum
583 782 644 850 erit
657 783 690 850 in
703 781 823 868 madio,
837 792 869 852 et
883 784 976 853 illum
992 793 1103 854 1001010
1122 789 1266 878 proferat
1281 791 1322 860 da
1337 793 1434 862 inno·

296 918 313 956 a
336 890 449 958 centiae
464 913 533 959 01110
547 890 700 981 puritate,
716 891 769 958 cui
783 891 872 958 nuda
883 900 916 959 at
929 902 1041 984 aperta
1055 897 1340 968 suntomnia.1sta
1354 925 1434 970 vero

295 1025 312 1063 a
336 996 446 1068 omnia
465 997 544 1088 qnia
562 997 649 1065 vires
663 1005 791 1066 nostras
807 997 982 1084 excedunt,
1001 1000 1035 1068 in
1053 1001 1179 1092 judicio
1198 1004 1433 1098 Episcoporum

295 1132 311 1169 a
332 1106 429 1196 juxte
443 1105 631 1172 canonicam
648 1104 847 1172 sanctionem
856 1103 1041 1174 delinienda
1050 1108 1278 1200 relinquimus.
1289 1138 1307 1176 a
1320 1115 1433 1208 (Apud

291 1210 410 1296 blansi,
426 1218 504 1279 tom.
526 1213 580 1296 13,
596 1232 671 1302 pag.
692 1209 802 1299 1058.)

335 1377 368 1438 7⁰
391 1373 705 1465 &capitularibus
735 1374 850 1443 Caroli
867 1375 993 1465 Magni.
1022 1413 1066 1427 -
1094 1378 1130 1445 ln
1157 1379 1327 1469 capitulari
1348 1383 1431 1470 398,

286 1477 364 1547 libri
382 1485 399 1546 5
419 1480 464 1570 (in
478 1479 618 1549 editione
633 1480 768 1567 Balusii,
785 1480 932 1566 Parisiis,
956 1483 1053 1569 1677,
1069 1490 1147 1551 tom.
1168 1486 1198 1569 1,
1219 1486 1338 1576 pagina
1352 1489 1430 1578 998)

288 1587 335 1654 sic
348 1586 455 1676 legere
471 1596 537 1655 est:
554 1613 571 1652 a
583 1587 710 1656 indicis
722 1609 788 1656 non
803 1595 851 1655 est
863 1587 1040 1679 quemlibet
1052 1588 1198 1680 judicare
1211 1592 1262 1661 vel
1276 1593 1434 1663 condem-

292 1731 308 1769 0
335 1717 413 1763 0010
426 1697 547 1788 absque
558 1695 704 1786 legitimo
713 1703 909 1764 accusatore.
921 1696 1082 1778 Quoniam
1097 1707 1129 1766 01
1136 1698 1298 1768 Dominus
1311 1701 1435 1771 Judam

293 1839 310 1877 11
333 1810 439 1879 iurem
457 1828 526 1875 esse
544 1804 678 1890 sciebat,
697 1802 752 1872 sed
772 1804 931 1893 quianon
952 1812 1001 1873 eat
1018 1815 1198 1894 accusatus,
1215 1807 1288 1877 ideo
1303 1831 1368 1878 non
1382 1820 1434 1879 est

292 1946 310 1983 a
331 1915 462 2006 ejectus.
480 1940 497 1977 0
515 1911 556 1979 Et
567 1911 652 1979 idem
668 1909 783 1979 iisdem
797 1911 948 1978 terminis
963 1913 1101 1982 recurrit
1115 1914 1151 1982 in
1165 1915 1334 2006 capitulari
1352 1921 1431 2006 381,

287 2023 363 2092 libri
376 2020 460 2089 sexti
476 2016 573 2110 (apud
587 2016 769 2103 Bulnsinm,
785 2017 881 2086 citato
892 2026 992 2106 tomo,
1009 2041 1083 2111 pag.
1102 2021 1193 2111 995).

335 2184 436 2250 8⁰13ae
450 2183 531 2272 jure
551 2183 711 2248 Romano.
728 2218 771 2230 -
786 2179 1030 2249 iurisconsultis
1051 2183 1219 2272 explorata
1240 2207 1292 2252 res
1311 2194 1370 2272 est,
1396 2189 1434 2255 in

287 2291 430 2362 romanis
445 2287 572 2379 legibus
585 2287 689 2356 solnm
705 2287 900 2376 regulariter
914 2288 1035 2355 sanciri
1049 2290 1285 2358 accusatorium
1295 2315 1434 2383 proces—

288 2422 371 2468 sum.
396 2397 563 2480 «Nocens,
581 2394 646 2462 nisi
662 2403 831 2462 accusatus
844 2394 955 2480 fuerit,
969 2393 1179 2465 condemnari
1194 2421 1260 2467 non
1276 2409 1392 2491 potest,
1410 2429 1428 2465 a

288 2508 392 2576 aiebat
407 2504 519 2574 Cicero
535 2502 613 2593 (Pro
630 2501 753 2582 Roscio,
764 2524 792 2569 c.
813 2503 878 2590 20).
891 2501 985 2583 Quod
993 2512 1024 2572 et
1032 2505 1262 2595 expressalege
1270 2509 1432 2578 sancitum

287 2615 412 2684 luerat:
435 2611 589 2701 «Siquis
604 2617 822 2677 accusatorem
838 2631 905 2676 11011
917 2610 1044 2695 habeat,
1060 2632 1128 2678 non
1142 2611 1236 2680 debet
1250 2612 1433 2707 bonoribus

292 2749 307 2786 a
333 2718 513 2812 prohiberi,
533 2715 808 2807 quemadmodum
822 2738 888 2783 uon
908 2716 1003 2784 debet
1017 2717 1046 2784 10
1063 2717 1158 2807 cujus
1171 2729 1337 2789 accusator
1351 2709 1434 2791 des-

289 2853 307 2897 «
332 2827 442 2898 tilerit.
460 2851 477 2890 0
497 2825 593 2914 (Lege
609 2827 640 2906 6,
659 2822 694 2890 ff.
712 2822 985 2912 delicatoribus.)

331 2933 587 3026 Exeipiebantur
597 2938 704 2998 tamen
720 2951 824 3020 pauca
834 2929 987 3021 quaedam
1003 2933 1161 3000 atrociora
1174 2934 1324 3020 crimina,
1335 2938 1432 3006 verbi

287 3045 403 3136 gratia,
422 3037 590 3109 latrocinia
604 3035 745 3128 publica,
763 3059 838 3127 quae
858 3037 1093 3128 rempublicam
1109 3039 1145 3106 in
1161 3039 1334 3110 discrimen
1347 3065 1433 3133 030-

285 3155 365 3221 bant
383 3148 431 3218 :ii
449 3167 565 3237 nempe
585 3143 806 3212 malefactores
820 3144 1069 3234 inquirebantur
1084 3169 1104 3213 a
1122 3147 1219 3214 certis
1239 3146 1432 3219 officialibus

287 3282 344 3328 sau
367 3252 602 3347 inspectoribus
623 3250 774 3341 puhlicis,
793 3251 851 3340 qui
869 3251 1053 3319 Irenarcbae
1072 3253 1296 3322 vocabantur:
1314 3256 1434 3348 bisque

284 3365 408 3433 licitum
423 3368 492 3430 erat
506 3366 615 3450 captos
630 3355 790 3446 ejusmodi
804 3378 876 3424 reos
894 3356 936 3425 ad
957 3357 1100 3425 tribunal
1113 3357 1235 3450 absque
1249 3360 1313 3429 alio
1328 3385 1431 3432 accu-

284 3480 390 3540 satore
406 3466 611 3559 judicandos,
629 3462 826 3554 pertrahere.
851 3464 897 3531 lle
912 3486 978 3554 qua
998 3465 1186 3555 exceptione
1204 3466 1282 3534 satis
1303 3480 1431 3540 constat

283 3602 323 3648 ex
341 3573 550 3667 aequantibus
564 3570 694 3660 legibus
712 3597 719 3636 :

331 3711 348 3749 a
363 3678 523 3771 Congruit
531 3679 617 3747 boun
630 3685 662 3745 at
671 3677 764 3765 gravi
775 3677 906 3768 prasidi
915 3699 1030 3746 curare
1039 3686 1076 3746 nt
1090 3689 1202 3768 pacata
1209 3689 1306 3772 atque
1317 3685 1430 3774 quieta

283 3789 450 3885 provincia
464 3788 505 3854 sit
523 3814 530 3854 :
548 3784 635 3876 quod
654 3806 719 3851 non
740 3783 871 3852 difficile
890 3785 1060 3871 obtinebit,
1078 3786 1106 3852 si
1126 3785 1260 3855 sollicite
1279 3799 1367 3876 agat,
1393 3804 1431 3860 01

282 3899 375 3967 malis
390 3893 580 3964 hominibus
593 3891 760 3982 provincia
771 3900 889 3975 careat,
906 3913 1025 3983 eosque
1036 3893 1225 3984 conquirat:
1239 3917 1315 3963 nam
1331 3906 1428 3968 0100-

280 4006 431 4094 crilagos,
452 4001 606 4082 latrones,
629 3997 816 4087 plagiarios,
833 3998 923 4066 iuras
938 3999 1129 4089 conquirere
1150 3999 1256 4086 debet,
1277 4011 1310 4070 et
1326 4017 1427 4094 prout

280 4113 417 4204 quiaque
438 4106 623 4198 deliquerit,
648 4103 683 4172 in
703 4126 781 4172 enm
801 4105 1069 4175 animadvertere.
1093 4132 1111 4170 0
1129 4105 1227 4197 (Lege
1253 4111 1308 4193 13,
1328 4109 1364 4178 ff.
1386 4113 1428 4180 de

283 4213 582 4312 osfieopraaea.)
