3050 4984
577 478 652 525 ruas
674 456 821 526 sirannus.¹
1198 459 1261 525 247

118 598 167 667 sit
186 600 437 691 appellationum
461 600 632 687 institutio,
655 622 697 667 an
717 621 796 669 vern
817 598 858 668 ad
880 599 935 691 jus
955 600 1125 669 dumtaxat
1148 600 1264 691 positi-

120 729 218 791 vum,
247 704 513 797 distinguendum
542 714 589 775 est
614 708 700 775 inter
725 706 949 797 appellationis
978 708 1205 797 substantiam,
1234 717 1267 776 et

120 820 151 907 ej
157 814 271 883 usdem
287 816 508 884 formalitates.
527 813 640 897 Quoad
651 814 872 906 formalitates
884 814 1030 905 qnidam,
1045 838 1113 883 esse
1128 839 1199 884 eam
1210 817 1267 908 ju-

120 923 175 991 ris
202 923 332 1013 positivi
358 922 539 991 concedunt
565 922 740 991 canonista
770 943 895 990 omnes.
925 920 1019 1004 Quod
1047 923 1267 993 substantiam

119 1052 218 1115 vero,
239 1028 456 1099 diversimode
471 1030 626 1098 sentiunt.
651 1028 748 1117 (Vide
769 1031 892 1097 Forum
915 1030 1161 1098 ecclesiasticum
1180 1032 1266 1101 Leu-

120 1137 226 1223 renii‚
246 1136 281 1205 in
298 1137 344 1205 tit.
367 1140 421 1221 28,
443 1137 518 1204 libri
539 1140 557 1203 2
575 1138 715 1221 Deerat,
736 1160 769 1227 q.
798 1139 908 1226 1006.)
928 1137 986 1203 Est
1003 1145 1112 1205 autem
1132 1140 1266 1209 omnino

120 1253 265 1330 certum,
287 1266 405 1335 saepea
423 1244 573 1313 Romano
591 1244 748 1313 Pontifioe
763 1266 875 1311 oausas
896 1244 1088 1336 judicandas
1109 1247 1268 1315 committi

119 1374 203 1420 cum
232 1352 387 1439 clausula,
417 1354 510 1421 omrai
535 1352 757 1443 appellatione
782 1364 928 1434 remota,·
956 1374 1014 1420 neo
1040 1352 1111 1421 sine
1138 1376 1267 1423 summa

120 1459 306 1527 temeritate
326 1460 486 1529 diceretur
505 1460 536 1527 id
559 1459 627 1549 juri
649 1458 788 1529 naturali
816 1457 994 1526 adversari.
1017 1459 1099 1527 Item
1119 1460 1152 1527 in
1174 1461 1269 1527 certis

120 1566 268 1652 casibus,
290 1576 327 1635 ut
346 1566 623 1651 infraudabitur,
648 1566 872 1657 appellationis
894 1564 1088 1634 beneficium
1110 1566 1271 1657 denegant

121 1674 350 1743 ecclesiasticas
372 1674 472 1764 legas.
497 1674 591 1743 Unde
618 1674 646 1741 51
666 1674 743 1767 quis
763 1674 923 1742 sustinere
944 1674 1021 1743 velit
1038 1673 1079 1743 ad
1100 1674 1154 1764 jus
1174 1682 1269 1743 natu-

122 1780 197 1849 rale
222 1782 328 1871 quoad
355 1782 568 1850 substantiam
596 1780 758 1871 pertinere
784 1780 1046 1872 appellationem,
1075 1780 1120 1847 ita
1141 1790 1270 1849 senten·

125 1887 209 1955 iiam
231 1910 323 1957 snam
346 1886 577 1974 accommodet,
600 1895 636 1956 ut
654 1887 790 1978 praeinta
809 1885 905 1955 Sedis
927 1887 1122 1979 Apostolioae
1146 1888 1270 1979 praxis,

126 2016 189 2061 noo
210 2016 275 2064 non
297 2004 482 2064 memorata
503 1994 667 2063 eanonieae
688 1995 776 2083 leges
795 1992 964 2085 injustitiae
989 2016 1055 2063 uon
1077 1994 1271 2063 insimulen-

126 2110 196 2170 tur.

660 2316 745 2405 §u

513 2494 622 2554 Quinam
640 2495 739 2558 possint
754 2496 894 2559 appellare.

178 2743 207 2805 1.
229 2738 403 2830 Appellare
424 2738 536 2830 nequit
556 2736 613 2827 qui
635 2738 824 2807 sententiam
847 2746 959 2807 eontra
981 2759 1015 2805 se
1035 2738 1133 2806 latam
1156 2759 1274 2829 appro-

128 2848 232 2933 bavit,
256 2846 325 2915 sive
343 2868 505 2935 expresse,
526 2844 596 2913 sive
616 2845 712 2913 etiam
734 2846 842 2933 inoite,
863 2845 897 2914 id
917 2855 976 2931 est,
998 2867 1064 2913 non
1078 2844 1273 2935 appellando

129 2954 218 3021 intra
262 2952 417 3043 temporis
459 2950 600 3041 spatium
638 2951 679 3019 ad
717 2951 968 3043 appellationem
1007 2948 1275 3041 interponendam

128 3082 331 3130 mnaessuni.
748 3086 755 3101 ·

176 3172 209 3235 2.
237 3167 349 3258 Neque
372 3166 533 3257 appellare
561 3171 664 3255 potest
690 3165 748 3256 qui
776 3164 839 3233 init
867 3165 909 3233 ad
935 3164 1170 3233 contumaciam
1197 3189 1274 3234 oon-

130 3276 315 3345 damnatus.

177 3386 208 3451 3.
233 3382 347 3474 Neque
370 3382 427 3473 qui
451 3380 685 3453 condemnatus
713 3387 761 3447 ast
793 3388 948 3471 tanquam
980 3380 1098 3448 notorii
1128 3381 1277 3450 oriminis

132 3513 219 3559 reus.

177 3603 208 3665 l.
237 3596 349 3687 Neque
377 3597 435 3686 qui
461 3595 560 3664 simul
588 3604 620 3663 et
644 3594 810 3665 coufessus
840 3600 871 3661 at
897 3594 1064 3663 convietus
1089 3603 1147 3663 est.
1175 3596 1275 3664 Serus

131 3726 210 3775 vero
232 3704 260 3771 si
282 3703 381 3771 luerit
401 3701 607 3771 solummodo
629 3702 809 3788 coufessus,
836 3708 892 3769 ant
914 3700 1117 3769 solummodo
1141 3703 1275 3770 convio-

129 3823 194 3881 tus.

178 3924 209 3986 5.
226 3918 338 4009 Neque
354 3917 381 3984 is
396 3922 509 3983 eontra
529 3939 626 4007 quem
643 3925 708 3983 tres
721 3915 905 3983 conformes
919 3914 1085 3982 sententiaa
1111 3915 1144 3980 in
1160 3914 1273 3983 eadem

127 4048 227 4095 causa
246 4024 423 4113 eodemque
437 4022 572 4091 articulo
593 4022 666 4089 latia
683 4030 770 4091 sunt.
788 4022 867 4089 Haee
878 4020 963 4112 juris
980 4020 1122 4089 textibus
1146 4019 1276 4089 firmata

125 4132 204 4201 vide
220 4128 307 4221 apud
322 4128 623 4219 Schmalzgrueber‚
640 4127 697 4195 ubi
713 4128 843 4197 titulum
859 4132 914 4216 28,
932 4128 1006 4199 libri
1023 4133 1042 4197 2
1059 4129 1273 4202 Decretalium

127 4238 282 4323 illustrat,
300 4260 332 4303 n.
354 4239 392 4302 iu
409 4243 440 4303 et
453 4234 673 4326 sequentibus.
1298 4241 1302 4251 '
