3050 4984
609 556 684 603 rins
705 558 851 603 sscnnni.
1233 537 1293 602 stt

158 672 305 743 monium
325 676 436 759 unius,
463 676 674 767 quantumvis
693 676 757 746 lide
780 677 885 767 digni,
908 676 949 746 ad
974 679 1068 768 plene
1091 677 1296 769 probandum

151 780 293 871 juridice
315 783 438 852 crimen
463 805 527 853 non
548 782 677 853 suffieit.
697 784 724 852 E
744 794 857 852 contra
878 785 907 853 si
926 785 992 854 duo
1014 791 1108 854 testes
1129 786 1218 853 omni
1239 808 1298 854 ex·

155 888 303 977 ceptione
325 889 463 980 majores
486 890 649 982 deponant
669 912 703 959 se
722 891 848 960 Titium
870 891 989 959 vidisse
1008 891 1071 959 tale
1093 894 1217 960 crimen
1241 915 1300 984 pa-

156 1002 311 1080 trantem,
346 997 493 1087 probatio
520 997 605 1081 11111,
634 1021 699 1066 non
733 1006 859 1066 tantum
890 998 1023 1089 proprio
1052 998 1128 1065 Titii
1158 1000 1298 1068 Prnlato

156 1100 323 1169 sufficiens
336 1104 451 1173 merito
463 1103 627 1174 videbitur
640 1106 679 1173 ad
695 1104 916 1174 damnandum
933 1104 1068 1189 Titium,
1085 1105 1142 1173 sed
1157 1115 1189 1174 et
1207 1108 1297 1197 apud

157 1218 291 1277 caeteros
309 1210 434 1300 judices
452 1211 599 1279 eamdem
622 1212 692 1280 vim
712 1212 853 1280 habebit.
878 1213 960 1293 Quae
982 1211 1144 1280 distinctio
1165 1214 1298 1281 brevius

156 1315 205 1383 sic
218 1318 380 1385 enuntiari
395 1326 499 1410 potest
518 1345 524 1385 :
537 1319 760 1411 probationes,
774 1319 914 1387 scientie
929 1342 986 1387 scu
1001 1320 1209 1388 convictionis
1218 1320 1297 1411 pri-

156 1438 244 1491 vate
253 1424 435 1515 inpermdae
448 1426 516 1493 cim
527 1426 691 1506 habentes,
705 1438 736 1494 et
742 1425 955 1517 probationes
969 1426 1036 1493 vim
1056 1427 1298 1517 11αό1111111-

156 1528 314 1599 ducende
320 1531 460 1601 semeis
466 1554 521 1599 sen
530 1532 738 1601 convictionis
743 1532 896 1622 publice.
908 1532 1075 1613 Quaeritur
1083 1530 1173 1622 ergo,
1186 1542 1297 1601 utrum

156 1634 350 1727 Episcopus,
363 1639 404 1706 ob
420 1638 626 1728 probationes
641 1640 710 1707 vim
728 1638 871 1707 scientiae
887 1638 1033 1730 private
1050 1639 1219 1708 dumtaxat
1235 1640 1298 1707 111-

155 1742 282 1828 bentes,
309 1744 410 1834 possit
432 1745 584 1813 clericum
607 1768 649 1813 ex
671 1746 847 1815 informata
864 1746 1059 1815 conscientia
1081 1747 1298 1838 suspenderet

156 1850 405 1942 Respondemus
416 1853 565 1942 negative
584 1880 591 1920 :
607 1874 683 1943 quae
697 1852 862 1922 conclusio
877 1854 923 1921 sie
940 1854 1064 1923 firmari
1079 1864 1182 1945 potest
1198 1882 1206 1921 ι

203 1960 367 2029 Α111111111
386 1964 427 2026 1·.
441 1998 486 2011 -
499 1963 555 2029 Ec
572 1982 608 2028 eo
631 1959 720 2051 quod
741 1982 915 2051 nunquam
929 1960 1041 2051 judici
1057 1961 1152 2030 liceat
1164 1962 1298 2031 scicntia

148 2066 291 2157 privata
311 2068 363 2135 uti
378 2066 425 2135 od
437 2066 720 2136 condemnandum
740 2089 845 2135 rntm.
861 2068 1003 2137 -Nam
1020 2072 1052 2135 1⁰
1071 2068 1106 2138 Si
1125 2077 1240 2158 agatur
1258 2069 1299 2136 de

152 2173 288 2265 judiciis
307 2174 495 2261 ordinariis,
515 2174 548 2241 id
571 2182 694 2243 constat
713 2186 784 2243 tum
803 2198 844 2243 ex
867 2174 1015 2243 unanimi
1036 2176 1204 2245 doctorum
1224 2198 1299 2243 sen-

156 2280 272 2365 tentia,
300 2288 368 2348 tum
389 2302 431 2347 ex
448 2280 518 2371 ipso
534 2279 608 2369 jure
628 2280 780 2349 naturali.
801 2281 954 2348 Doctores
974 2279 1105 2366 scilicet,
1125 2279 1204 2347 dum
1225 2300 1297 2347 eam

156 2385 370 2476 questionem
394 2386 595 2476 expendunt,
620 2409 660 2454 an
677 2385 780 2477 judex
804 2388 1015 2478 pronuntiare
1038 2394 1183 2454 teneatur
1202 2386 1298 2476 juxta

154 2490 295 2581 allegata
311 2494 347 2561 in
366 2516 531 2585 processu,
549 2515 591 2560 an
612 2516 689 2561 vero
709 2493 810 2583 possit
829 2494 927 2561 etiam
946 2515 1015 2561 sese
1033 2514 1075 2561 ex
1095 2496 1222 2584 privata
1238 2514 1298 2561 sua

155 2599 290 2667 scientia
316 2599 469 2690 dirigere,
500 2599 707 2689 distinguunt
733 2602 818 2668 iuter
847 2600 1038 2669 sententiam
1067 2599 1297 2668 absolutoriam

154 2713 189 2773 et
209 2707 400 2774 sententiam
419 2706 727 2775 condemnatoriam.
752 2705 788 2774 Si
811 2715 928 2797 agatur
950 2706 992 2774 dc
1013 2705 1211 2775 absolvendo
1227 2727 1294 2790 reo,

152 2813 192 2881 iu
212 2814 369 2903 triplicem
393 2814 579 2904 opinionem
602 2814 797 2882 scinduntur
815 2840 823 2880 :
841 2815 947 2905 posito
969 2835 1085 2904 nempe
1106 2812 1194 2904 quod
1215 2835 1297 2903 pro-

152 2919 301 2989 bationes
317 2919 488 3011 injudicio
506 2919 652 2989 deduetae
674 2920 869 2988 sufficientes
887 2921 953 2987 sint
971 2918 1068 3010 juxta
1080 2917 1157 3008 jura
1171 2926 1208 2985 ut
1222 2940 1296 2985 reus
1385 2928 1389 2935 '

153 3026 365 3094 condemnari
385 3027 509 3113 debeat,
542 3036 705 3095 ettamen
732 3026 835 3115 judex
861 3048 903 3094 ex
924 3027 1051 3116 privata
1076 3047 1136 3093 sua
1163 3025 1297 3092 scientia

153 3146 244 3201 certo
263 3133 342 3200 sciat
362 3134 469 3225 ipsum
485 3134 646 3201 insontem
669 3156 757 3215 esss;
779 3133 835 3200 clii
856 3132 969 3201 dicunt
991 3154 1057 3200 non
1079 3131 1174 3199 licere
1192 3131 1295 3219 judici

152 3244 199 3315 ob
229 3248 388 3337 privatam
419 3245 508 3314 illam
537 3245 704 3313 scientiam
733 3267 825 3314 reum
855 3244 1040 3323 absolvere;
1065 3243 1160 3311 aliie
1185 3251 1297 3310 contra

153 3353 316 3420 sustinent
331 3352 433 3421 teneri
451 3352 594 3443 judicem
610 3351 650 3419 ad
667 3374 760 3421 reum
777 3350 1029 3435 absolvendum
1049 3349 1148 3417 etalii
1165 3348 1296 3417 tandem

153 3460 242 3528 inter
267 3459 405 3528 erimina
428 3460 675 3547 distinguentes,
698 3457 805 3549 quoad
826 3456 978 3548 quaedam
996 3455 1174 3546 majoribus
1192 3454 1296 3545 paenis

152 3566 297 3635 obnoxia
322 3564 522 3634 contendunt
546 3588 639 3656 posse
662 3577 694 3633 et
718 3563 835 3632 debere
856 3562 1000 3655 judicem
1022 3584 1064 3631 ex
1089 3562 1216 3653 privata
1237 3583 1296 3628 sua

153 3674 289 3741 scientia
312 3696 379 3741 sese
402 3672 542 3761 dirigere
566 3680 597 3739 et
621 3692 713 3739 reum
738 3669 918 3755 absolvere,
944 3692 1037 3737 secus
1057 3676 1166 3737 autem
1188 3668 1296 3758 quood

152 3778 219 3851 elia
235 3804 243 3847 z
262 3778 302 3847 de
322 3802 389 3870 qno
415 3778 489 3847 vide
514 3800 589 3869 quae
616 3777 760 3846 diximus
786 3798 887 3868 supro
909 3776 1014 3867 (parte
1042 3779 1073 3863 1,
1099 3774 1237 3843 sectione
1263 3780 1295 3861 t,

150 3886 258 3976 capite
275 3892 306 3971 t,
325 3886 393 3977 §l,
408 3908 441 3952 11.
463 3890 505 3975 5).
524 3886 567 3953 At
582 3905 660 3952 vero
681 3882 812 3975 quando
834 3884 1000 3951 inversum
1021 3902 1131 3949 casum
1150 3880 1297 3950 doctores

150 3992 355 4084 expendunt,
395 4001 504 4061 utrum
543 4014 658 4083 nempe
686 3990 790 4081 judici
819 3989 912 4058 liceat
936 3988 1153 4057 condemnare
1188 4010 1294 4075 reum,

150 4124 251 4191 quem
267 4122 308 4167 ex
324 4100 449 4190 privata
463 4122 524 4167 sua
545 4096 681 4167 seientia
695 4105 783 4164 certo
799 4097 859 4164 scit
881 4094 1035 4165 delictum
1060 4102 1214 4184 patrasse,
1237 4095 1294 4164 sed

150 4216 267 4277 contra
285 4230 383 4299 quem
407 4206 496 4275 nulla
518 4204 681 4273 sufficiens
701 4204 850 4295 probatio
868 4203 902 4270 in
921 4202 1044 4292 judicio
1068 4201 1207 4269 adducta
1226 4212 1290 4288 est;

151 4336 268 4385 omues
284 4336 349 4387 uuo
364 4324 519 4385 concentu
539 4313 721 4383 exclamant
738 4332 804 4378 uon
823 4310 931 4381 licere.
946 4310 987 4379 Et
1002 4307 1119 4377 nierito
1141 4307 1291 4401 quidem,
