3050 4984
606 435 783 482 TRAGTATUS
806 436 844 483 DE
865 436 998 483 tuutctts.

691 805 835 875 CAPUT
859 806 915 873 lll.

627 1002 665 1045 DE
687 1001 971 1047 aermartortlnus.

277 1220 322 1287 De
346 1219 615 1311 appellationibus
635 1219 901 1311 quamplurima,
927 1241 1022 1310 aeqne
1040 1219 1246 1308 gravissimae
1265 1240 1388 1309 quaes-

233 1328 336 1395 tiones
356 1328 479 1394 moveri
499 1326 613 1394 soleat.
638 1327 684 1394 De
706 1327 827 1415 quibus
846 1325 986 1415 singulis
1002 1325 1080 1416 qnid
1104 1323 1280 1393 tenendum
1306 1334 1388 1392 tra-

232 1434 287 1501 dat
301 1435 484 1502 eommunis
495 1443 527 1501 et
542 1434 677 1524 probata
688 1433 933 1501 canonistarum
944 1432 1103 1517 doctriua,
1114 1432 1148 1499 in
1164 1432 1388 1522 sequentibus

233 1540 445 1631 paragraphis
459 1538 667 1630 expenditur.

773 1780 842 1871 §a

522 1952 556 1999 De
573 1949 753 2013 appellationis
769 1953 861 1999 natura
876 1954 903 1999 et
919 1949 1090 2001 institutione.

279 2166 303 2231 l.
321 2164 456 2231 Definiri
469 2163 548 2231 solet
559 2164 743 2254 appellatio,
755 2164 797 2231 ab
812 2165 958 2254 inferiori
968 2163 1015 2231 ad
1023 2164 1224 2253 superiorem
1231 2162 1391 2252 jndicem

233 2273 437 2363 provocatio,
456 2270 683 2338 rationalitati
697 2271 749 2338 vet
761 2270 921 2361 inserendi
934 2272 1145 2362 pronominis.

284 2377 504 2466 Distingnitnr
531 2382 561 2443 1ο
582 2378 616 2443 in
632 2376 831 2467 judicialem
846 2389 878 2445 et
892 2377 1209 2467 entra-judicialem,
1225 2384 1322 2466 prout
1337 2376 1391 2444 ab
1517 2443 1518 2456 ,

237 2486 347 2576 aliquo
356 2494 427 2553 eoin
444 2482 612 2574 injudicio
628 2484 678 2551 vel
691 2494 786 2552 extra
794 2485 956 2575 judicium
969 2493 1098 2577 peraeto
1109 2484 1302 2575 appellatur.
1315 2483 1392 2551 Sed
1517 2465 1518 2522 l

238 2588 511 2682 extra-judicialis
524 2613 590 2657 uon
604 2600 651 2657 est
660 2590 833 2680 appellatio
843 2593 973 2681 proprie
985 2589 1081 2675 diota,
1092 2601 1123 2658 at
1140 2592 1247 2682 potius
1258 2613 1393 2680 provo-
1517 2585 1518 2670 ζ

240 2700 325 2766 ratio
337 2697 384 2765 ad
394 2718 529 2765 causam
542 2696 679 2763 dicenda
693 2712 753 2781 ess,
771 2706 869 2786 prout
888 2697 1025 2764 habetur
1039 2697 1141 2786 eapite
1161 2698 1247 2764 Cum
1261 2697 1303 2763 sit
1317 2700 1393 2763 Ro-
1517 2697 1518 2730 r

241 2828 342 2871 marato
359 2808 403 2893 (5,
418 2804 465 2869 tii.
480 2806 534 2887 28,
550 2802 624 2868 libri
637 2806 655 2869 2
671 2803 898 2891 Decretalium)
919 2804 969 2869 his
983 2804 1094 2870 verbis
1109 2830 1116 2870 :
1132 2803 1173 2871 Si
1182 2824 1258 2871 uero
1270 2826 1291 2871 a
1303 2826 1393 2892 qra-
1517 2863 1518 2872 ,

241 2911 371 2977 υαηιὶηθ
393 2922 424 2977 et
447 2923 524 2977 ante
542 2910 609 2975 litas
633 2909 814 2999 inpressum
831 2910 933 2999 suerit
949 2910 1164 3000 appellatum,
1189 2910 1395 2999 eujusmodi
1517 2965 1518 2980 2

241 3017 395 3085 nrtdietur
409 3016 598 3105 appellans·
613 3016 771 3105 quoniam
790 3016 877 3082 saeta
895 3038 1032 3084 canones
1055 3018 1156 3084 etiam
1176 3029 1271 3083 entra
1288 3015 1394 3105 jucti-
1517 3025 1518 3080 l

241 3124 328 3191 eitam
346 3123 470 3212 passim
490 3122 657 3213 appellare
673 3123 870 3211 permittunt
887 3145 968 3189 :nec
989 3122 1090 3190 soleat
1110 3122 1307 3212 hujusmodi
1321 3121 1396 3191 dici

240 3229 482 3321 appellationes,
500 3228 809 3318 sedpronocota'ones
825 3228 871 3296 ad
883 3252 1031 3298 eausam.
1047 3229 1214 3298 Dividitur
1229 3234 1262 3295 2⁰
1279 3232 1394 3296 inra-

243 3336 433 3405 tionabilem
449 3347 479 3403 et
492 3336 662 3426 sonulam,
676 3358 750 3424 quae
764 3333 1043 3403 denominationes
1051 3336 1129 3403 satis
1141 3359 1199 3426 per
1214 3358 1247 3403 se
1264 3345 1391 3426 patent.
1517 3389 1518 3444 p

288 3445 328 3512 ll.
355 3443 488 3531 Triplici
508 3443 711 3532 potissimum
735 3441 776 3508 de
795 3463 892 3509 eausa
911 3443 1096 3509 introducta
1113 3451 1144 3508 et
1164 3442 1285 3532 ubique
1303 3464 1396 3530 gen-

245 3557 326 3620 tium
343 3560 469 3639 recepta
485 3550 546 3615 luit
558 3549 810 3637 appellationum
826 3549 985 3616 institutio
1002 3576 1010 3616 ε
1030 3553 1061 3615 1”
1076 3558 1113 3616 ut
1126 3569 1306 3636 gravamen
1320 3550 1398 3615 ini·
1517 3609 1518 3612 ,

247 3681 309 3748 que
325 3654 486 3745 oppressis
507 3654 634 3721 illatum
651 3664 873 3731 removeatur;
892 3659 925 3720 2·
940 3664 977 3722 ut
996 3655 1213 3745 judicantium
1234 3654 1398 3743 iniqnitas
1517 3679 1518 3684 ¹

247 3764 298 3831 vel
321 3762 483 3851 imperitia
502 3760 701 3845 castigatum
720 3763 752 3825 3·
773 3769 809 3826 ut
829 3760 973 3848 litigator
989 3762 1061 3851 qui,
1080 3783 1122 3827 ex
1137 3760 1322 3847 ignorantia
1337 3762 1398 3827 vel

248 3869 444 3959 negligentia
457 3868 513 3957 jus
529 3888 625 3933 snum
648 3868 805 3934 nonsatis
827 3868 988 3957 probavit,
1008 3877 1040 3935 et
1054 3869 1100 3935 sie
1121 3890 1178 3957 per
1197 3867 1397 3935 seutentiam

248 3980 363 4069 primia
378 3974 544 4041 instantiae
559 3973 658 4040 laesus
678 3981 737 4059 est,
755 3975 791 4041 in
804 3975 946 4043 secunda
961 3976 1118 4043 instantia
1128 3975 1289 4042 delectum
1303 3974 1399 4043 hune

249 4106 399 4174 reparare
416 4084 527 4171 possit.

293 4190 347 4257 lll.
373 4186 486 4271 Quoad
512 4190 737 4278 quaestionem,
768 4196 878 4260 utrum
906 4188 948 4259 atl
974 4187 1029 4284 jus
1050 4188 1197 4260 naturale
1221 4187 1399 4260 referenda
