3050 4984
238 500 299 565 220
613 520 789 565 rnacrnrus
812 520 851 565 nn
873 519 1006 565 snnrcus.

236 648 284 707 tes
306 638 572 729 interrogationes
592 662 743 731 expresse
769 641 975 733 respondere.
998 640 1046 709 Ita
1066 639 1272 709 communius
1301 636 1380 707 doc-
1505 635 1510 664 ¹

236 756 322 815 tores
337 754 449 816 contra
466 768 587 838 paucos
604 756 741 834 veteres,
759 748 817 839 qui
832 755 989 840 putarunt
1011 769 1106 841 posse
1122 755 1237 817 testem
1252 768 1322 816 sese
1337 748 1379 814 ad

238 853 381 944 primum
397 876 537 923 examen
553 854 686 923 referre.

283 959 377 1041 Quod
390 960 417 1029 si
432 961 534 1044 testis,
549 962 744 1054 priusquam
761 964 965 1055 respondeat,
981 972 1069 1056 petat
1084 964 1146 1032 sibi
1157 962 1222 1053 legi
1238 962 1381 1054 primam

240 1090 332 1136 suam
350 1068 596 1159 depositionem,
609 1092 652 1137 an
664 1070 765 1162 possit
776 1070 830 1139 vel
841 1070 955 1140 debeat
964 1071 1067 1163 judex
1082 1069 1115 1139 id
1127 1069 1313 1156 concedere,
1330 1070 1384 1136 vi·

241 1173 336 1243 detur
356 1175 497 1267 pendere
519 1199 539 1245 a
558 1177 727 1248 variarum
752 1180 923 1248 curiarum
948 1179 1032 1269 stylo
1055 1200 1113 1247 seu
1135 1177 1381 1247 consuetudine.

243 1281 340 1372 (Vide
355 1282 592 1372 Pellegrinum,
610 1293 701 1376 perte
714 1290 747 1372 t,
765 1295 842 1354 sect.
859 1290 913 1374 11,
929 1308 963 1353 ιι.
985 1286 1050 1375 12.)

288 1389 430 1471 Quaem
448 1393 493 1457 3³.
507 1430 551 1444 -
565 1391 655 1476 Ouid
668 1393 845 1484 rependum,
863 1392 995 1485 quondo
1008 1406 1101 1461 testes
1112 1390 1277 1483 repetendi
1289 1401 1386 1458 entra

243 1497 403 1565 dimoeso'm
428 1499 596 1567 existunt?
616 1538 660 1552 -
682 1500 817 1569 Modum
845 1498 966 1569 citandi
997 1509 1029 1569 et
1050 1496 1265 1569 examinandi
1288 1505 1386 1566 testes

244 1607 338 1668 extra
352 1599 517 1669 dioecesim
533 1601 719 1691 existentes,
736 1604 814 1671 sans
826 1601 1009 1672 indicamus
1024 1603 1061 1669 in
1075 1601 1279 1671 formulario.
1299 1599 1388 1690 (Cot-

246 1706 381 1775 Iectione
400 1711 433 1794 2,
454 1708 557 1799 capite
581 1710 645 1799 II.)
662 1708 752 1777 Idem
769 1733 867 1802 porro
885 1709 1086 1779 servandum
1101 1708 1241 1777 recurrit
1254 1706 1389 1799 quando

245 1814 408 1903 ejusmodi
429 1822 523 1883 testes
546 1815 711 1907 repetendi
738 1825 833 1896 sunt;
855 1818 912 1886 sed
932 1816 1040 1908 quoad
1062 1815 1301 1909 repetitionem,
1324 1813 1389 1881 de-

246 1920 301 1986 bet
325 1920 458 2011 insuper
480 1921 573 1989 citari
597 1944 671 1990 reus
691 1922 732 1990 ad
756 1921 934 1991 videndum
957 1920 1105 2014 expedIri
1126 1922 1251 1991 litteras
1272 1919 1389 1987 remis·

248 2026 390 2095 sociales.

293 2133 436 2215 Qumsrro
452 2140 497 2203 4⁸.
508 2175 553 2187 -
565 2137 655 2219 Quid
663 2138 828 2229 apendum
838 2138 867 2205 si
878 2148 970 2205 testes
978 2135 1145 2226 repetendi
1154 2136 1299 2203 absentes
1314 2134 1394 2225 qui-
1523 2205 1524 2220 ,

251 2237 324 2307 dem
337 2240 414 2319 sint,
435 2264 500 2309 oon
516 2255 627 2311 tomen
641 2256 736 2312 aetra
751 2246 860 2313 locem
868 2243 1112 2335 jurisdictiones
1125 2241 1259 2309 relative
1273 2239 1320 2308 cd
1325 2240 1393 2329 ju·
1523 2279 1524 2326 3

249 2344 379 2415 dicem?
391 2386 436 2399 -
456 2374 473 2413 a
491 2348 677 2418 Notandum
701 2350 852 2442 estquod
868 2350 923 2419 tati
940 2372 1016 2418 casu
1031 2347 1253 2416 diversimodo
1266 2348 1394 2415 servari

254 2478 270 2515 (ι
294 2452 385 2521 solet.
407 2453 593 2546 Aliquando
610 2458 700 2525 euim
720 2458 907 2525 conceditur
924 2455 1172 2526 commissarius
1190 2480 1198 2521 :
1215 2452 1395 2544 aliquando

255 2586 270 2621 a
295 2558 415 2629 dentur
426 2560 544 2631 littcroe
558 2563 789 2631 remissoriales
803 2574 853 2631 :et
864 2560 1041 2655 aliquando
1049 2560 1288 2651 compelluntur
1296 2569 1396 2627 testes

256 2696 272 2733 ι(
295 2670 445 2739 accedere
464 2672 505 2741 ad
520 2673 657 2742 curiam.
675 2674 770 2756 Quod
790 2674 921 2766 quidem
943 2682 1045 2742 totum
1066 2671 1241 2740 remittitur
1255 2669 1396 2739 arbitrio

256 2802 272 2841 a
293 2776 452 2866 judicis...
477 2779 787 2871 Quomodocumque
805 2790 913 2850 eutem
932 2780 1137 2872 procedatur,
1155 2777 1397 2847 advertendum

256 2910 273 2948 a
296 2886 371 2970 erit,
388 2884 475 2978 quod
491 2888 584 2957 citari
597 2890 691 2958 debet
712 2912 788 2959 reus
807 2890 849 2958 ad
869 2887 1049 2958 videndum
1063 2886 1219 2955 destinari
1237 2886 1399 2955 commis-

259 3018 275 3055 «
298 2994 421 3062 sarium
436 2995 478 3064 ad
493 3005 598 3087 partes
616 3024 623 3063 :
639 2996 745 3065 velud
759 2996 940 3065 videndum
954 2993 1104 3086 deputari
1112 2994 1256 3086 judicem
1267 2993 1304 3061 in
1318 3012 1400 3083 par-

261 3124 277 3164 «
300 3100 399 3187 tibus,
417 3111 449 3171 et
463 3101 613 3193 expediri
630 3102 755 3172 litteras
775 3101 1007 3172 remissoriales
1025 3124 1086 3193 pro
1100 3099 1287 3192 repetendis
1300 3099 1401 3166 testi-

260 3234 277 3273 (ι
301 3209 362 3277 bus
376 3218 407 3277 et
425 3209 490 3278 alia
508 3211 687 3279 necessarie
705 3210 905 3296 faciendum
923 3218 1020 3301 prout
1034 3216 1184 3277 servatur
1197 3208 1232 3275 in
1247 3207 1404 3276 Romana

261 3341 279 3380 u
301 3317 413 3403 Curia,
430 3339 530 3409 aqua
552 3339 682 3387 sumere
703 3318 823 3387 debent
844 3338 996 3386 normam
1020 3313 1217 3408 procedendi
1236 3314 1271 3380 in
1292 3313 1405 3381 musis

261 3448 277 3488 a
300 3431 428 3492 caetere
442 3446 555 3494 omnes
570 3425 669 3495 curioe
681 3424 944 3495 ecclesiastice.»
960 3422 1161 3515 (Pellegrini,
1178 3430 1268 3513 parte
1281 3426 1313 3507 1,
1328 3442 1405 3488 sec·

257 3531 343 3599 tione
360 3534 412 3617 11,
430 3554 464 3599 u.
486 3532 552 3622 18.)

705 3793 848 3863 CAPUT
863 3792 952 3864 VIII.

321 3998 358 4043 DE
380 3994 651 4043 comemmorans
673 3996 822 4060 ruem,
847 3995 924 4043 mco
946 3995 1113 4043 nonnum
1136 3991 1343 4040 merlrronls

755 4103 912 4151 nomem.

305 4282 447 4364 Quesrro
461 4284 555 4349 1².-
564 4279 655 4365 Quid
666 4280 709 4349 sit
725 4278 931 4371 ecquomodo
940 4279 1005 4369 fiat
1015 4275 1235 4368 confrontotio
1251 4274 1416 4345 testium?
