3050 4984
529 508 604 553 rans
627 506 774 554 suerrum.
1161 488 1223 553 act

80 626 205 695 devolvi
225 627 267 695 ad
289 626 440 697 eumdem
461 629 659 719 superiorem
678 627 733 718 jus
753 628 856 695 dictas
875 649 1013 697 censura
1027 626 1175 698 irritandi
1195 639 1226 697 ct

82 734 272 819 annulandi,
288 737 314 804 si
331 734 468 826 injustas
483 758 537 803 eas
552 736 702 827 reperiat.

121 844 173 911 Ea
191 843 286 910 dictis
299 843 454 911 conclude
473 870 479 911 :
498 843 525 909 si
542 843 570 909 is
590 852 817 934 contraquam
838 842 1015 933 Episcopus
1035 844 1227 912 senteutiam

82 951 164 1035 tulit,
182 972 295 1042 parere
309 974 374 1019 non
390 950 476 1036 vult,
493 962 524 1016 et
539 950 719 1039 Episcopus
733 948 775 1015 ob
789 948 873 1017 hanc
886 948 1135 1017 inobedientiam
1150 974 1226 1019 eum

82 1058 337 1126 excommunicet
353 1058 404 1126 vel
425 1056 613 1147 suspendat,
635 1079 700 1125 non
717 1056 836 1146 poterit
851 1055 1019 1147 interjecta
1041 1065 1152 1148 postea
1169 1080 1228 1148 ap-

82 1164 208 1252 pellatio
233 1164 274 1231 ab
300 1164 352 1231 his
376 1165 521 1232 censuris
548 1186 658 1231 earum
686 1162 836 1231 effectum
861 1162 1071 1254 suspendere,
1098 1164 1227 1231 etiamsi

82 1270 258 1361 Episcopus
273 1294 326 1339 eas
342 1272 452 1340 tulerit
471 1272 557 1339 intra
572 1269 768 1338 decendium
785 1269 825 1337 ad
842 1268 1071 1362 appellandum
1090 1293 1225 1339 conces-

83 1400 170 1459 snm;
188 1378 285 1446 modo
300 1374 420 1466 tamen,
445 1378 577 1470 quando
596 1399 767 1445 censuram
784 1376 845 1444 lert
861 1376 1057 1467 Episcopus,
1077 1377 1224 1445 nondum

83 1486 268 1553 asententia
281 1486 372 1577 prius
387 1486 451 1553 lata
465 1484 698 1553 condemnatus
713 1484 935 1575 appellaverit.
950 1485 1004 1551 An
1016 1484 1137 1552 veroid
1150 1508 1224 1577 pos-

84 1594 119 1659 sit
135 1592 324 1684 Episcopus,
342 1616 408 1660 non
419 1602 545 1661 tantum
560 1592 601 1659 ad
614 1592 814 1681 puniendam
829 1590 1080 1659 inobedientiam
1096 1600 1224 1660 senten-

85 1698 134 1765 tiae
164 1722 183 1767 a
212 1722 246 1767 se
273 1700 357 1785 latae,
390 1698 446 1766 sed
476 1701 572 1767 etiam
600 1700 641 1767 ob
671 1698 804 1789 aliquod
827 1697 979 1766 delictum
1006 1699 1221 1788 praeteritum,

85 1807 332 1875 controvertitur
355 1805 439 1873 inter
457 1806 614 1875 doctores.
644 1805 740 1897 (Vide
762 1805 973 1893 Laurenium,
992 1808 1114 1874 Forum
1128 1810 1224 1875 eccle-

85 1910 260 1993 siasticum,
279 1912 313 1979 iu
330 1913 379 1979 tit.
399 1916 455 1997 28,
471 1912 527 1979 lib.
548 1914 566 1977 2
583 1912 692 1993 Deum,
706 1935 739 2001 q.
760 1914 857 1995 1089,
875 1932 908 1977 n.
927 1911 973 1999 9.)

125 2018 180 2087 lll.
206 2019 343 2101 Quando
369 2019 489 2087 dicitur
515 2018 766 2109 appellationem
790 2041 810 2085 a
832 2019 1043 2108 suspensione
1068 2028 1099 2087 et
1124 2022 1224 2089 inter-

86 2124 164 2193 dicto
195 2148 261 2193 non
292 2126 410 2194 habere
441 2125 592 2193 effectum
623 2126 872 2215 suspensivum,
902 2124 934 2190 id
965 2126 1157 2215 intelligitur
1185 2130 1225 2197 de

86 2234 290 2324 suspensione
305 2241 337 2300 ct
355 2234 528 2301 interdicto
545 2232 675 2324 proprie
691 2232 797 2319 dictis,
814 2232 846 2298 id
863 2243 911 2300 est
926 2256 945 2299 a
960 2231 1079 2300 divinis
1098 2237 1221 2326 officiis.

86 2338 172 2407 Unde
196 2341 290 2408 aliter
307 2340 482 2409 dicendum
504 2340 543 2407 de
565 2340 779 2431 suspensione
802 2350 834 2407 et
855 2340 1025 2407 interdicto
1048 2342 1225 2434 improprie

86 2444 184 2533 dictis,
202 2448 323 2515 scilicet
342 2475 348 2515 :
368 2447 408 2515 de
428 2446 598 2515 interdicto
618 2446 659 2513 ah
679 2447 828 2535 ingressu
851 2447 886 2513 in
905 2449 1138 2538 possessionem
1163 2450 1223 2517 be-

86 2553 202 2640 neficii3
228 2553 267 2622 de
288 2556 499 2645 suspensione
523 2577 543 2621 a
563 2553 723 2620 fructibus
747 2553 942 2639 beneficii,a
967 2576 1044 2622 voce
1065 2556 1170 2624 activa
1192 2566 1223 2624 ct

86 2661 224 2749 passive,
254 2684 273 2728 a
300 2660 556 2753 pontificalibus,
585 2658 626 2727 ab
656 2660 938 2729 administratione
961 2662 1127 2750 beneficii,
1157 2665 1222 2733 imo

85 2768 289 2855 probabiliter
309 2768 350 2835 ab
372 2768 443 2859 ipso
464 2766 631 2835 beneficio.
660 2767 756 2857 (Vide
778 2766 993 2854 Lenremum,
1017 2768 1087 2837 loco
1111 2770 1219 2859 citato,

87 2894 118 2938 n.
136 2876 200 2963 tc.)

127 2980 182 3051 lV.
202 2981 360 3063 Quamvis
376 2982 548 3074 appellatio
567 2982 745 3051 acensuris
766 3005 833 3049 non
851 2982 967 3051 habeat
981 2983 1132 3052 enectum
1151 3008 1223 3053 sus-

88 3089 264 3175 pensivum,
282 3089 376 3159 illum
397 3089 545 3157 ellectum
563 3090 658 3156 habet
680 3088 851 3179 appellatio
870 3089 1102 3181 adepositione
1116 3101 1147 3160 et
1165 3092 1222 3160 de-

88 3195 287 3281 gradaticue;
303 3198 381 3287 quic
395 3196 551 3287 depositio
567 3205 597 3263 et
613 3195 802 3285 degradatio
816 3218 883 3263 non
899 3206 973 3264 sunt
995 3198 1126 3287 proprie
1145 3222 1222 3267 cen-

89 3322 178 3371 surae.
200 3302 297 3395 (Vide
311 3303 344 3370 id
359 3304 530 3394 probatum
547 3303 632 3393 apud
648 3303 861 3389 Leureuium,
880 3301 949 3371 loco
961 3304 1083 3395 citato.)

127 3408 167 3479 V.
184 3410 220 3479 Si
235 3432 381 3479 censurae
395 3410 542 3478 ferantur
556 3410 617 3477 sub
632 3410 818 3478 conditione
836 3410 938 3498 (verbi
958 3412 1073 3498 gratia,
1091 3412 1121 3480 si
1139 3413 1223 3504 Epi-

89 3534 195 3607 scopus
210 3518 400 3608 pronuntiet
413 3516 510 3585 talcm
524 3516 678 3584 clericum
691 3516 759 3584 lore
777 3539 983 3607 suspensum,
1001 3517 1063 3584 nisi
1079 3518 1164 3587 intra
1178 3528 1224 3587 tot

90 3621 149 3690 dies
167 3625 354 3715 parochiam
376 3646 467 3691 suam
492 3623 670 3715 reliquerit,
688 3629 744 3690 aut
768 3623 830 3690 tale
851 3622 938 3689 aliud
959 3625 1172 3714 praestiterit),
1195 3627 1223 3693 si

90 3738 153 3797 aute
177 3741 305 3822 tempus
330 3753 389 3821 pro
413 3729 573 3821 explenda
599 3728 781 3798 conditione
809 3730 1009 3817 assignatum
1032 3729 1089 3797 fiat
1113 3734 1224 3822 appel-

91 3832 170 3921 latio,
195 3838 356 3929 perhanc
380 3836 646 3929 appellationem,
670 3834 879 3927 suspenditur
902 3859 1047 3904 ceusurae
1070 3836 1218 3917 effectus;

91 3942 167 4011 unde
182 3950 208 4013 si
229 3944 364 4013 clericus
384 3944 438 4013 ille
460 3944 677 4011 conditionem
698 3964 763 4009 non
782 3942 932 4033 impleat,
954 3952 985 4010 et
1005 3952 1076 4033 post
1095 3952 1222 4035 tempus

91 4049 125 4113 ad
146 4051 176 4117 id
195 4052 394 4141 assignatum
419 4052 548 4121 missam
572 4051 721 4137 celebret,
740 4050 1013 4139 irregularitatem
1028 4073 1093 4118 non
1108 4052 1222 4122 incur-

93 4154 139 4222 rit.
154 4158 233 4226 Nam
246 4160 280 4225 in
297 4159 358 4227 hoe
373 4180 448 4227 casu
464 4182 601 4231 censura
615 4180 690 4225 vere
703 4179 769 4224 uon
785 4156 895 4224 existit
910 4156 972 4223 nisi
987 4157 1096 4248 elapso
1108 4161 1221 4229 condi-

94 4260 180 4333 tionis
197 4276 358 4359 tempore3
382 4276 413 4335 et
433 4267 592 4358 tuncjam
614 4273 662 4334 est
679 4264 896 4356 appellatnm3
918 4265 1005 4333 unde
1024 4265 1111 4335 redit
1129 4291 1222 4339 oesus
