3050 4984
545 784 690 856 CAPUT
712 783 788 854 vn.

283 979 389 1026 FORHA
418 977 575 1026 ficium
603 976 815 1032 induminonls
847 975 1025 1024 (innuamus,

125 1180 254 1271 Duplex
270 1188 319 1249 ost
344 1179 514 1271 inquisitio
528 1178 703 1269 generatis,
719 1187 854 1270 paterna
869 1177 993 1246 scilieet
1006 1185 1038 1246 et
1050 1175 1223 1270 judicialis.

79 1287 142 1355 Hic
158 1287 199 1356 de
209 1286 358 1377 judiciali
372 1287 546 1355 dumtaxat
560 1287 685 1376 agitur,
706 1307 783 1354 cum
797 1293 931 1376 paterna
943 1284 985 1353 sd
999 1307 1132 1377 seopum
1150 1309 1229 1356 nos-

81 1402 174 1462 trum
186 1415 253 1462 non
267 1393 440 1486 pertinent.

124 1501 164 1568 lu
178 1500 325 1590 generali
338 1508 451 1570 autom
465 1499 689 1592 inquisitione,
705 1507 744 1568 ut
757 1521 859 1590 supra
869 1499 1028 1586 diximus,
1038 1499 1080 1569 de
1092 1501 1230 1592 publicis

82 1617 212 1676 tantm
225 1606 353 1676 delictis
370 1606 475 1697 judex
488 1606 690 1696 interrogare
705 1613 809 1696 potest
826 1635 834 1674 :
853 1605 1177 1696 dementissimam,
1195 1609 1230 1680 id

79 1724 141 1800 est,
160 1735 236 1806 qun
250 1714 297 1782 ito
308 1737 333 1782 a
346 1715 459 1805 paneis
479 1721 670 1796 noscuntur,
689 1721 725 1782 nt
743 1735 845 1804 super
859 1713 901 1782 iis
918 1713 1005 1781 fama
1022 1713 1150 1804 publiea
1164 1739 1231 1786 uon

79 1822 215 1906 existat,
231 1841 292 1890 nes
303 1819 408 1911 judex
420 1820 635 1910 interrogare,
652 1841 712 1888 neo
725 1817 846 1888 subditi
860 1841 898 1888 ea
912 1820 1057 1888 revelare
1068 1823 1231 1912 regulari-

79 1937 131 1996 ter
143 1935 290 2018 possunt.
308 1926 345 1994 Si
354 1935 463 1995 tsmen
472 1949 515 1994 ex
525 1925 710 2015 ignorantia
720 1925 926 1994 ssrbditorum
939 1927 1227 2017 interrogatorum,

81 2035 204 2124 aliquis
218 2056 335 2104 eorum
346 2033 450 2124 judici
465 2032 585 2102 revolet
599 2032 732 2124 aliquod
748 2032 910 2100 occultum
924 2033 1077 2104 delictum
1094 2036 1229 2130 ejusque

80 2129 249 2210 auctorem
275 2141 435 2226 nominet,
458 2141 578 2230 poterit
599 2137 703 2230 judex
725 2147 841 2208 eontra
863 2140 958 2208 talum
984 2141 1229 2234 delinquentem

82 2247 331 2339 inquisitionem
346 2246 519 2338 specialem
534 2246 724 2333 instituere3
739 2253 775 2314 et
786 2245 847 2314 hoe
862 2268 959 2315 sensu
978 2247 1147 2338 inquisitio
1171 2274 1229 2340 ge-

82 2357 218 2446 nsralis,
236 2357 367 2449 speciali
391 2358 480 2425 viam
495 2355 623 2447 aperire
645 2354 775 2422 dieitur.
800 2355 925 2437 Quibus
944 2359 1143 2447 prunotatis,
1161 2359 1231 2428 for-

84 2464 186 2534 muln
207 2466 242 2532 in
256 2464 467 2556 inquisitione
489 2463 634 2553 generali
654 2461 848 2532 adhibendas
872 2463 920 2532 sie
944 2465 1130 2535 concinnari
1150 2490 1230 2559 pos-

84 2579 177 2640 suut.

667 2712 693 2786 1.

101 2882 225 2939 Formnla
235 2880 313 2932 edisti
326 2893 373 2945 pro
387 2877 538 2943 incipienda
548 2876 714 2942 inqulsitione
728 2877 854 2942 generali,
866 2881 921 2930 sire
934 2883 1063 2946 tempore,
1074 2879 1128 2934 sire
1144 2885 1216 2938 extrn

518 2971 624 3031 mannus
638 2965 800 3017 visitationis.

137 3157 258 3226 acum
273 3151 443 3221 advenerit
466 3149 750 3219 reverendissimus
770 3151 950 3243 Episcopus
962 3151 1184 3227 Ambianense's
1197 3161 1233 3230 in

85 3263 257 3332 civitatem
270 3262 306 3331 N
306 3312 328 3340 .,
343 3259 486 3350 officinm
501 3279 600 3325 sunm
617 3257 733 3348 exequi
745 3258 864 3336 voles,
881 3272 919 3327 nt
934 3281 1027 3327 esna
1042 3260 1171 3334 dioeeesr'
1184 3267 1234 3335 oi-

87 3369 139 3438 tin
155 3377 388 3460 espnrqentun
407 3377 439 3432 et
453 3363 675 3454 delinquentes
693 3363 812 3432 saltem
833 3376 923 3432 metu
943 3388 1156 3458 poenarnma
1172 3375 1235 3442 cn'-

87 3475 232 3544 minibus
247 3469 486 3541 committendis
501 3469 697 3552 abstineant,
716 3471 836 3561 etjam
849 3473 1020 3540 commisso
1036 3474 1236 3549 eduliorum

87 3581 280 3670 exemplum
304 3592 336 3646 et
349 3575 524 3667 justitiam
544 3574 741 3644 seruandam
763 3575 1021 3646 convenientibus
1039 3583 1146 3670 poeru's
1165 3605 1235 3674 pu.

87 3687 239 3769 ninntnr,
253 3707 315 3776 per
329 3681 546 3752 benedictum
560 3681 607 3749 ud
620 3681 769 3772 ejusdem
788 3682 930 3750 ciuitatis
945 3685 1081 3756 ecclesiae
1096 3691 1235 3780 majoris

87 3793 205 3862 valuns
216 3793 339 3882 fisum,
358 3790 395 3856 in
408 3789 531 3857 outnte
543 3800 664 3858 saneto
677 3787 867 3856 obedientis
879 3791 1042 3882 prensis,
1060 3806 1099 3861 nt
1112 3818 1232 3882 ornnes,

90 3899 208 3992 quide
222 3899 305 3988 jure
315 3908 450 3988 possunt
465 3908 497 3964 et
519 3894 645 3976 debent,
664 3895 799 3963 seruatis
818 3895 995 3979 servandis,
1012 3900 1237 3974 eeclesiastico·

89 4028 170 4076 rum
184 4005 300 4074 delicta
311 4003 521 4095 manifestare
531 4001 584 4069 illi
593 4000 740 4070 debeant.
755 4004 882 4069 Datum
946 4001 999 4070 die
1064 4010 1183 4077 menss's

90 4113 217 4183 anni...
235 4150 280 4164 -
299 4115 347 4179 De
366 4108 526 4178 mundato
548 4106 806 4176 reverendissimi
826 4109 1047 4178 Ambianensis
1068 4114 1233 4209 Episcopi.

91 4260 140 4275 -·
155 4223 188 4291 N
190 4273 198 4288 .
203 4275 213 4306 ,
229 4219 409 4288 actuarius.
427 4245 444 4280 n
1236 4213 1237 4222 ἵ
