3050 4984
265 475 305 537 70
642 493 818 540 rmcrarns
841 495 880 540 nn
902 495 1037 542 11111111.

307 615 429 707 Estque
442 613 691 705 intelligendum
708 613 838 683 etiamsi
851 615 1018 684 confessus
1033 616 1134 684 inerit
1156 643 1173 681 ιι
1196 639 1308 686 coram
1323 642 1410 710 pau·

268 751 285 788 ι
307 723 353 791 cis
364 750 372 801 ;
384 731 422 790 11
442 745 553 792 coram
568 721 637 791 solo
650 720 759 813 jndice
773 732 805 790 et
819 724 959 792 notario.
982 722 1073 791 ldem
1089 723 1265 792 dicendum
1280 725 1408 794 etiamsi
1514 746 1515 809 1

267 858 284 894 ιι
307 830 416 900 solnm
431 830 610 899 incidenter
626 828 707 898 illud
729 830 896 898 confessus
918 831 971 918 sit,
988 838 1024 900 nt
1040 832 1261 900 communiter
1277 831 1411 901 trudunt

268 963 284 1002 ιι
305 936 499 1028 jurisperiti.
517 963 534 1001 1
553 935 1090 1026 (1111111,11111ν11111111111,1.
1108 942 1142 1027 2,
1160 962 1189 1007 1.
1203 942 1303 1026 29,11.
1318 941 1408 1030 121.)

264 1045 358 1114 Retio
374 1053 433 1132 est,
451 1044 528 1136 quie
542 1043 614 1112 talis
627 1043 786 1112 confessio
801 1043 925 1112 inducit
939 1046 1108 1114 miccium
1119 1046 1217 1137 juris.
1233 1046 1408 1115 Notarium

264 1159 388 1236 111111,
404 1160 453 1220 est
467 1150 643 1243 plusquam
657 1149 787 1242 publica
801 1150 995 1221 diffamatio.
1011 1152 1107 1224 Unde
1122 1153 1231 1222 stricte
1244 1152 1409 1245 loquendo
1515 1166 1516 1173 ’

265 1258 317 1326 hic
341 1280 434 1326 cesus
449 1280 516 1326 non
538 1265 586 1326 est
602 1257 731 1350 proprie
747 1259 893 1349 exceptio
908 1282 929 1328 a
942 1260 1072 1350 regula,
1087 1259 1144 1328 sed
1159 1260 1268 1351 potins
1282 1260 1408 1349 regulae

264 1373 431 1452 consonet,
457 1388 534 1433 cum
560 1366 664 1456 posita
688 1364 888 1436 confessione
914 1366 1098 1458 injudicio,
1117 1367 1188 1458 jam
1203 1366 1408 1436 cristatum·

265 1472 360 1540 nium
377 1470 579 1540 validissime
594 1472 742 1540 infamia.

313 1578 516 1648 «Secundus
531 1588 591 1666 est,
609 1579 739 1670 quando
752 1580 854 1672 judici
873 1604 931 1673 per
952 1581 1139 1671 generalem
1160 1580 1409 1674 inquisitionem

269 1715 285 1752 ι
308 1686 507 1779 procedenti,
531 1687 707 1779 patefactus
727 1698 775 1756 est
796 1699 934 1758 auctor:
958 1698 1036 1758 tunc
1058 1690 1148 1758 enim
1172 1697 1277 1783 potest
1296 1699 1410 1758 contra

269 1823 285 1858 ιι
308 1817 383 1862 enm
409 1794 595 1885 procedere,
620 1802 656 1863 ut
681 1794 774 1865 docet
796 1796 964 1866 Navarrns
991 1805 1104 1865 contra
1128 1797 1246 1866 Sotnm
1269 1804 1409 1887 :estque

268 1930 284 1968 ιι
307 1902 931 1995 communissententiejnrisperitorum
945 1905 991 1997 (in
1000 1904 1108 1995 legem
1122 1907 1155 1990 2,
1168 1903 1203 1970 ff.
1214 1903 1254 1972 dc
1265 1903 1405 1993 Adule).

268 2035 285 2075 ιι
307 2009 419 2100 Neque
434 2009 533 2078 refert
555 2011 642 2101 quod
656 2013 745 2080 testis
759 2012 843 2080 forte
859 2012 1038 2104 peccaverit
1058 2011 1244 2098 revelando,
1261 2033 1300 2080 eo
1318 2011 1407 2102 quod

268 2146 285 2183 ι
308 2116 399 2185 11111
413 2127 496 2186 esset
511 2117 648 2185 infamia
675 2145 682 2186 :
710 2119 788 2209 quie
803 2141 845 2187 er
871 2141 937 2211 qno
962 2119 1090 2187 crimen
1114 2118 1290 2186 deductum
1306 2126 1353 2185 est
1372 2118 1409 2184 in

269 2255 285 2290 ιι
308 2226 473 2317 publicam
483 2227 603 2318 judicis
620 2227 783 2315 notitiam,
800 2228 871 2296 sive
885 2229 980 2315 bene,
1006 2227 1078 2295 sive
1094 2226 1192 2314 male,
1208 2227 1263 2295 ille
1278 2234 1409 2296 tenetur

268 2341 419 2402 econtra
441 2334 523 2402 illud
548 2334 720 2426 procedere
745 2358 804 2426 per
830 2335 1061 2427 particularem
1091 2335 1350 2426 inquisitionem,
1377 2343 1410 2401 et

268 2469 285 2508 ι
308 2441 437 2533 punire.
456 2469 472 2506 r
492 2443 540 2510 Ite
554 2443 684 2511 Lessius
698 2441 781 2533 (loco
806 2443 927 2533 citato).
946 2440 1011 2510 Sed
1025 2441 1172 2528 adverte,
1189 2440 1274 2508 hanc
1287 2462 1409 2532 excep-

264 2549 387 2617 tionem
412 2571 481 2616 esse
508 2551 737 2618 controversiae
758 2551 936 2618 obnoxiam
943 2576 953 2636 ;
979 2557 1051 2616 tum
1078 2548 1157 2640 quia
1183 2548 1224 2616 ab
1253 2548 1409 2619 omnibus

266 2678 331 2723 non
346 2655 552 2743 admittitur3
578 2664 650 2724 tum
670 2657 748 2748 quia
762 2656 854 2725 illam
876 2679 917 2725 er
934 2657 1009 2747 jure
1029 2656 1192 2743 Romano,
1214 2677 1281 2723 non
1296 2663 1407 2723 antem

264 2763 419 2831 canonico
433 2763 610 2851 deducunt,
627 2773 698 2832 tum
721 2765 800 2857 quia
823 2764 1040 2856 supracitato
1065 2763 1162 2855 capiti
1185 2762 1410 2855 inquisitionis

268 2870 437 2964 (21,111111
459 2875 490 2956 1,
512 2871 589 2939 libri
615 2875 632 2938 5
660 2871 891 2961 Decretalium)
910 2871 1073 2939 contraria
1096 2870 1238 2956 videtur,
1260 2892 1337 2938 cnm
1361 2871 1410 2939 ibi

264 3001 415 3070 expresse
430 2987 601 3065 statuetur,
621 3001 686 3046 non
702 2986 829 3047 tantum
845 3001 903 3068 per
926 2977 1015 3046 viam
1041 2977 1262 3068 inquisitionis
1277 2977 1409 3068 procedi

265 3109 331 3154 non
345 3109 437 3178 posse
449 3095 562 3154 eontra
575 3109 643 3154 non
659 3085 878 3172 diffamatum,
889 3085 944 3154 sed
959 3107 1065 3176 neque
1073 3093 1186 3153 contra
1197 3085 1293 3154 illum
1308 3085 1390 3176 depo

265 3195 397 3263 sitiones
408 3195 508 3286 recipi
523 3193 652 3262 debere.

314 3327 330 3366 ιι
345 3301 474 3369 Tertius
485 3311 533 3369 est
545 3301 677 3393 quando
692 3300 846 3370 delictum
861 3300 1079 3370 commissum
1095 3301 1191 3368 estin
1204 3299 1328 3391 judicio
1348 3327 1356 3368 ε
1372 3311 1411 3370 nt

270 3435 286 3473 ιι
310 3409 337 3477 si
346 3409 435 3477 testis
444 3407 565 3476 falsum
575 3406 713 3500 deponat
724 3409 760 3476 in
771 3407 909 3498 judicio,
922 3408 952 3475 si
961 3416 1129 3475 accusator
1139 3408 1370 3476 calumnietur.
1388 3437 1405 3474 s

269 3517 421 3612 (Loesius,
439 3515 570 3586 deduce
584 3528 615 3584 ec
629 3516 776 3597 iustitia,
794 3516 816 3584 l.
833 3519 866 3601 2,
879 3539 908 3582 c.
924 3519 979 3600 29,
997 3537 1031 3581 1.
1051 3514 1139 3603 127.)
1156 3513 1220 3582 Sed
1236 3514 1289 3582 hic
1301 3537 1407 3602 cesus,

264 3629 349 3696 sicut
362 3636 393 3694 et
409 3624 475 3693 dno
491 3622 721 3715 precedentes,
738 3623 775 3689 in
788 3621 957 3690 notorium
972 3619 1150 3689 reincidcre
1164 3621 1229 3689 dici
1244 3629 1361 3712 potest,
1377 3631 1411 3691 11

265 3737 311 3804 sic
326 3757 392 3804 non
408 3754 476 3801 esse
489 3731 619 3822 proprie
636 3730 755 3797 dictam
773 3728 895 3820 regule
910 3728 1147 3821 exceptionem.

312 3870 329 3909 ι
345 3841 486 3924 Quartus
501 3845 561 3916 est,
579 3835 768 3904 incrimine
784 3836 919 3905 haeresis
934 3845 964 3904 et
980 3836 1150 3927 apostasiae
1178 3863 1186 3903 ε
1203 3836 1238 3904 11
1253 3835 1305 3904 his
1318 3838 1410 3906 enim

268 3977 285 4016 ιι
308 3950 377 4018 sine
391 3953 587 4032 accusatore,
604 3942 702 4012 etiem
723 3943 792 4012 sine
814 3943 952 4012 infamia
966 3943 1088 4036 inquiri
1103 3951 1219 4036 potest.
1236 3943 1412 4035 Colligitur

267 4085 284 4124 ι
307 4079 348 4125 ex
364 4054 466 4146 cupite
478 4050 812 4121 Ercommuuicnmur
827 4049 880 4144 (de
893 4051 1087 4141 emerico),
1104 4059 1136 4119 et
1148 4051 1221 4141 lege
1232 4052 1411 4142 Apostolu-

268 4193 283 4230 ιι
307 4165 425 4253 111111
436 4159 568 4246 codicis,
586 4157 626 4226 dc
637 4157 828 4248 Apostatis).
845 4157 941 4227 Ratio
953 4156 1169 4249 estquiehaec
1181 4157 1321 4226 crimine
1332 4169 1410 4228 sunt

268 4299 284 4338 ι
310 4271 454 4340 maxime
462 4266 564 4340 noxie
573 4264 762 4361 reipublice
775 4291 782 4332 :
794 4264 836 4335 nb
846 4263 899 4333 his
908 4263 997 4334 enim
1011 4287 1140 4362 semper
1154 4264 1323 4360 impendet
1333 4267 1409 4336 aliis
