3050 4984
257 459 319 526 214
637 483 812 531 vaserarns
834 484 873 529 oa
894 484 1027 533 suornm.

255 598 450 685 faciendam,
471 602 556 671 intra
571 612 698 693 tempus
723 604 901 693 probatorii
927 605 1074 683 termini;
1091 614 1187 697 utque
1210 606 1295 674 iutra
1309 604 1398 673 idem
1517 591 1518 594 ¹

255 718 383 798 tempus
396 709 626 800 comprehendi
650 711 807 781 terminos
830 712 871 780 ad
894 711 1093 803 ponendum,
1117 720 1149 781 et
1162 712 1203 780 ad
1219 712 1399 781 articulan-

256 815 347 899 dum‚
366 816 437 885 sive
451 816 492 885 ad
506 818 762 907 capitulaudum.

300 927 331 989 2.
365 950 381 987 a
408 924 502 993 Circa
526 925 624 995 istum
654 925 831 995 terminum
847 927 909 995 erit
925 929 1117 1011 nomadum,
1144 926 1231 1016 quod
1257 924 1298 993 de
1321 926 1400 1015 jure
1517 913 1519 920 ’

258 1056 274 1093 a
297 1030 463 1099 communi
485 1032 594 1100 omnis
618 1032 779 1101 terminus
792 1042 841 1101 est
859 1034 1097 1126 peremptorius
1110 1042 1143 1101 et
1168 1032 1240 1100 dari
1255 1054 1322 1100 nou
1338 1054 1401 1123 po-

260 1164 276 1201 «
301 1145 360 1205 test
373 1138 437 1206 uisi
450 1139 551 1207 semel
566 1140 599 1208 in
615 1162 712 1207 cansa
727 1142 809 1230 (cap.
828 1141 1013 1221 Consuluit,
1030 1140 1070 1209 dc
1083 1140 1197 1231 Officio
1210 1138 1313 1232 dalaq.
1324 1164 1339 1220 ,·
1354 1176 1401 1191 —

256 1272 273 1310 a
295 1246 366 1335 lage
386 1249 417 1331 l,
434 1268 462 1313 c.
481 1246 521 1315 dc
537 1248 669 1338 Μαι).
694 1274 710 1311 s
738 1249 786 1316 lta
798 1247 1015 1337 Pellegrinus,
1032 1248 1090 1339 qui
1105 1257 1216 1339 postea
1229 1246 1402 1336 subjungit
1517 1277 1519 1326 t

253 1352 358 1421 recedi
374 1376 466 1443 posse
481 1354 521 1421 ab
537 1354 597 1421 hac
611 1354 754 1443 generali
771 1355 896 1443 regula,
913 1363 946 1423 et
971 1354 1042 1423 dari
1069 1377 1192 1424 novum
1222 1352 1402 1421 terminum
1517 1419 1518 1450 p

190 1454 191 1457 '
253 1482 294 1527 ea
306 1459 394 1550 justa
410 1482 528 1545 causa;
547 1461 642 1528 verbi
667 1462 786 1550 gratia,
802 1462 830 1529 si
857 1462 1107 1551 supervenerint
1120 1481 1215 1530 novae
1230 1459 1403 1550 probatio-
1517 1457 1518 1544 i

253 1590 322 1649 nes,
341 1568 393 1635 vel
408 1566 541 1658 aliquod
557 1566 715 1653 incidens,
742 1576 803 1635 etc.
836 1567 1064 1657 (Pellegriuus,
1090 1575 1180 1659 parte
1204 1571 1239 1651 2,
1267 1574 1345 1635 sect.
1363 1570 1401 1651 2,
1517 1557 1518 1636 Ὗ

254 1673 393 1739 subsect.
413 1673 459 1761 3.)
1517 1675 1518 1754 Ῠ

300 1784 332 1844 3⁰
362 1779 480 1870 Elapso
508 1780 694 1871 probatorio
719 1781 874 1867 termino,
901 1780 948 1855 de,
970 1782 1080 1871 rigore
1101 1780 1186 1870 juris
1210 1787 1306 1848 testas
1332 1802 1402 1846 uon

254 1895 385 1975 possent
409 1887 550 1976 amplius
565 1889 745 1955 examinari
764 1914 772 1955 :
790 1888 845 1956 sed
861 1909 902 1956 ex
918 1888 1071 1979 aequitate
1095 1885 1263 1971 canonica,
1291 1886 1321 1953 si
1334 1895 1402 1953 tes·
1517 1875 1518 1966 i

252 2000 300 2058 tes
335 1992 422 2059 citati
457 1993 579 2061 fuerint
608 1995 694 2062 intra
729 1996 919 2081 terminum,
951 1996 1009 2062 sed
1041 1995 1187 2063 noudum
1221 1992 1402 2061 examinati

255 2095 387 2185 quando
400 2096 516 2165 finitur
528 2099 701 2185 terminus,
719 2100 801 2168 solet
817 2101 849 2168 in
865 2100 966 2168 curiis
978 2098 1212 2179 ecciesiasticis,
1228 2097 1299 2165 dari
1315 2097 1404 2165 alins
1517 2083 1518 2110 ¹

254 2204 427 2293 terminus,
452 2218 488 2275 ut
508 2230 647 2277 examen
673 2230 788 2278 eorum
814 2208 923 2299 pertici
941 2208 1052 2300 possit.
1074 2208 1302 2298 (Peliegriuus,
1329 2207 1402 2275 loco
1517 2227 1518 2280 t

255 2313 324 2399 cic,
342 2335 376 2381 n.
395 2316 439 2403 9.)

194 2462 197 2469 ·
302 2424 335 2487 4⁰
351 2422 388 2489 Iu
404 2444 557 2513 processu
581 2423 669 2492 civili
695 2424 883 2513 assignetur
912 2424 1081 2492 terminus
1098 2423 1303 2515 probatorius
1328 2432 1404 2513 post
1517 2457 1518 2484 2

258 2535 468 2597 contestatam
483 2528 572 2597 litem
588 2558 595 2607 ;
612 2538 723 2621 estque
737 2532 925 2599 cummunis
938 2531 1068 2621 utrique
1083 2531 1181 2621 parti,
1193 2530 1319 2599 etiamsi
1335 2553 1402 2598 uua

260 2658 335 2724 pars
349 2634 396 2702 iili
409 2636 654 2704 renuntiaverit.
677 2637 905 2726 (Pellegriuua
922 2637 1019 2724 ibid,
1035 2661 1068 2707 n.
1086 2637 1130 2725 ¹.)

308 2744 338 2805 5ο
351 2742 399 2809 At
412 2742 446 2805 iu
462 2762 614 2831 processu
637 2742 813 2826 criminali,
832 2743 991 2811 terminus
1004 2742 1210 2833 probatorius
1221 2742 1318 2833 juxta
1331 2750 1403 2830 sty·
1517 2751 1518 2768 ¹

260 2846 329 2913 lum
354 2846 557 2915 ordinarium
580 2848 746 2917 curiarum
773 2850 1074 2935 ecclesiasticarum,
1103 2872 1169 2919 non
1194 2858 1244 2917 est
1269 2849 1404 2940 utrique

259 2954 344 3042 parti
358 2956 554 3039 communis,
579 2976 637 3021 nec
651 2955 836 3043 assignatur
859 2955 960 3023 siurnl
980 2956 1159 3023 accusatori
1179 2958 1251 3042 (aut
1266 2976 1404 3045 promo·
1517 2955 1518 3012 ἶ

260 3060 320 3127 tori
338 3060 450 3149 fiscali)
464 3061 495 3129 et
509 3083 576 3148 reo,
593 3061 649 3129 scd
664 3062 856 3129 successive.
870 3062 967 3131 Prius
981 3083 1096 3152 nempe
1109 3062 1295 3151 assignatur
1305 3083 1406 3128 accu-

260 3167 359 3235 satori
387 3167 450 3258 (vel
467 3168 644 3257 promoturi
659 3168 773 3257 fiscali)
787 3169 830 3237 ad
846 3167 1046 3259 probandam
1063 3169 1274 3236 intentionem
1290 3188 1402 3254 suam,
1517 3253 1518 3272 ἢ

191 3317 193 3325 ,
260 3283 292 3340 et
305 3286 415 3363 postea
430 3296 486 3343 reo
499 3274 540 3343 ad
555 3296 623 3343 sese
636 3274 890 3343 defendendum.

724 3565 867 3663 aaron
890 3594 934 3663 v.

262 3802 298 3845 DE
328 3798 544 3844 PUBLICATIONE
574 3797 735 3843 PROCESSUS
762 3797 936 3858 orrsnswi,
966 3798 1003 3841 ET
1032 3797 1194 3842 TRADENDA
1216 3796 1276 3842 REO
1308 3798 1408 3845 rusius

427 3905 532 3968 eoum
558 3905 675 3952 NFAENON
699 3905 737 3951 DE
759 3904 915 3950 ARTICUUS
938 3903 1221 3951 turannocawttust.

304 4129 334 4195 i.
365 4126 500 4195 Peracto
515 4125 561 4193 rei
576 4121 737 4211 examine,
751 4121 855 4215 judex
876 4121 993 4191 emittit
1012 4121 1192 4209 decretum,
1219 4145 1285 4214 quo
1301 4146 1409 4191 accu-

261 4234 359 4304 satori
381 4234 433 4303 vel
449 4230 650 4326 procuratori
664 4229 768 4301 fiscali
781 4231 965 4321 assignatur
980 4228 1138 4301 terminus
1151 4229 1193 4299 ad
1219 4229 1411 4323 capitulan-
