3050 4984
532 514 606 559 raas
628 512 776 559 snouaoa.
1157 490 1223 554 267

78 632 124 714 lit,
145 634 311 725 appellari
320 656 424 723 posse.
442 670 486 685 -
511 633 639 701 allatio
658 642 718 717 eat,
744 632 823 723 quia
843 632 1018 723 appellatio
1040 638 1089 701 est
1106 633 1228 723 speeies

83 740 275 831 uquaedam
298 739 511 825 defensionis,
533 760 610 831 qnae
634 738 731 807 datur
754 738 917 829 oppressis
938 746 1052 806 eontra
1072 739 1228 829 iujuriam

81 874 97 911 a
114 846 280 937 judicia...
295 847 400 936 lgitur
412 847 569 937 permissa
582 868 651 914 esse
670 845 766 913 debet
779 846 820 913 ab
835 845 925 913 omni
938 845 1048 936 judice
1060 847 1137 937 quia
1152 866 1228 935 gra-

83 981 96 1015 «
118 976 242 1023 vaureu
257 954 417 1045 injustum
435 954 558 1023 inferre
579 960 682 1043 potest
700 980 708 1021 ι
727 972 834 1041 neque
848 952 925 1020 iacit
939 952 1097 1043 injuriam
1111 953 1226 1044 judici,

83 1088 97 1127 a
118 1060 179 1152 qui
195 1061 236 1128 ab
248 1060 319 1151 ejus
337 1061 496 1129 sententia
511 1059 691 1151 appellat...
712 1060 789 1127 Dixi
802 1066 910 1128 autem
925 1059 1140 1149 reputantem·
1151 1081 1228 1127 nam

83 1194 97 1231 a
120 1166 233 1258 plnres
256 1176 333 1235 aunt
353 1166 479 1258 judiees
501 1190 521 1233 a
541 1166 662 1257 quibus
684 1166 735 1233 vel
760 1166 972 1256 simpliciter,
997 1165 1050 1233 vel
1074 1165 1110 1233 in
1133 1168 1229 1234 certis

83 1274 227 1343 «causis
258 1296 322 1343 uon
352 1274 552 1365 permittitur
580 1272 764 1364 appellatio.
792 1298 809 1337 a
840 1272 1163 1363 (Sehmnlzgrueber,
1193 1275 1229 1340 iu

82 1382 128 1449 tit.
147 1384 204 1467 28,
220 1381 294 1449 libri
311 1384 331 1449 2
347 1380 491 1467 Deerat,
510 1402 543 1447 n.
561 1383 630 1470 36.)

121 1486 162 1553 ll.
180 1488 207 1555 A
222 1486 380 1555 sententia
395 1488 497 1576 Papa
511 1508 578 1553 non
600 1486 703 1555 datur
720 1487 900 1579 appellatio
918 1486 965 1555 ad
980 1487 1154 1554 concilium
1169 1509 1229 1575 pe-

82 1594 199 1674 nerale,
217 1615 274 1659 nec
286 1614 306 1661 a
318 1593 452 1683 fortiori
465 1593 511 1661 ad
523 1594 631 1662 allam
643 1593 737 1662 alind
752 1595 908 1663 tabuerat
923 1632 966 1645 -
980 1593 1077 1662 Ratio
1090 1600 1138 1661 est
1152 1595 1230 1684 quia

82 1700 251 1791 appellatio
265 1721 334 1767 esse
349 1703 460 1791 nequit
475 1700 538 1767 uisi
551 1700 590 1769 ad
607 1701 810 1791 superiorem
821 1728 831 1787 ;
844 1701 993 1793 superior
1008 1708 1113 1769 antem
1131 1700 1228 1790 Papm

83 1829 173 1875 nemo
194 1808 228 1874 iu
243 1806 385 1875 Eoolesia
406 1830 475 1875 esse
495 1816 598 1899 potest
614 1832 625 1897 ¹:
643 1830 718 1877 nam
735 1818 896 1899 repugnat
916 1808 976 1876 ulli
998 1807 1152 1875 tribunali
1173 1830 1230 1876 su-

84 1915 242 2002 periorive
257 1914 473 1983 eeclesiastico
492 1916 607 2006 subjici
623 1916 716 1984 illum
731 1916 895 2007 judicem,
910 1915 963 1982 oui
979 1938 998 1982 a
1014 1914 1144 1984 Christo
1163 1915 1230 1982 col·

83 2020 142 2088 lata
157 2031 208 2089 est
221 2021 437 2090 urrioersalem
453 2023 633 2091 Ecclesiam
647 2022 816 2114 pascendi,
833 2022 977 2112 rependi,
996 2036 1095 2113 atque
1107 2023 1229 2112 pober-

30 2188 31 2191 ,
84 2128 185 2195 nandi
196 2129 296 2219 plena
302 2141 450 2219 potestas
458 2154 471 2211 ,·
483 2130 573 2220 atqui
587 2130 628 2196 de
639 2129 703 2197 fide
713 2138 773 2214 est,
790 2152 831 2197 ex
845 2128 1037 2197 oeaumenici
1049 2128 1230 2197 Florentini

83 2235 207 2302 aoncilii
225 2235 427 2321 definitione,
452 2236 611 2328 ejusmodi
628 2243 816 2327 potestatem
839 2237 996 2305 Romanis
1016 2235 1230 2304 Pontificibus

83 2342 255 2429 aGhriato,
272 2343 306 2410 in
327 2344 416 2411 Beati
438 2344 523 2413 Petri
541 2366 691 2435 persona,
712 2344 812 2412 luisse
832 2344 1003 2427 collatam3
1027 2365 1106 2431 ergo
1127 2365 1229 2433 repu-

84 2458 158 2535 gnat
176 2472 197 2517 a
214 2452 382 2519 sententiis
401 2451 623 2520 ecclesiasticis
648 2452 871 2547 Romanorum
893 2451 1089 2519 Pontilmnm
1111 2450 1152 2517 ad
1173 2450 1229 2517 ul-

83 2555 147 2623 lum
168 2580 312 2648 unquam
330 2559 471 2627 tribunal
492 2558 649 2650 appellari
673 2581 777 2649 posse.
794 2555 889 2641 Quod
909 2558 1043 2647 insuper·
1058 2580 1099 2623 ex
1116 2555 1229 2646 Scrip-

85 2672 153 2729 tura
172 2686 280 2750 saera,
304 2670 432 2757 totaque
454 2666 588 2733 Petrum
611 2664 798 2748 traditione,
826 2685 950 2732 ueenon
974 2664 1138 2754 perpetuis
1161 2663 1229 2731 Ee·

85 2770 185 2839 desim
205 2771 376 2859 Romanae,
394 2774 541 2841 omnium
567 2773 678 2840 matris
699 2782 730 2839 et
752 2772 918 2861 magistrae
943 2770 1226 2855 declarationibus,

84 2884 186 2965 aperte
202 2877 424 2947 demonstrare
446 2878 550 2947 solent
569 2880 703 2947 sincerae
725 2879 921 2968 asprenate
949 2877 1106 2946 doetrinae
1132 2877 1227 2945 theo-

87 2980 161 3070 logi.

127 3090 208 3159 Hinc
222 3114 242 3159 a
254 3091 343 3181 Papa
358 3092 399 3159 ad
416 3094 563 3161 laturum
577 3091 727 3181 generale
740 3092 914 3160 concilium
928 3091 1139 3182 appellantes,
1153 3114 1229 3160 neo-

69 3204 148 3265 ‘non
167 3198 203 3283 ii,
226 3219 368 3288 quorum
387 3198 512 3267 auxilio
531 3208 563 3265 et
586 3197 697 3267 favore
712 3199 757 3265 sie
781 3206 989 3288 provocatur,
1013 3218 1079 3265 non
1102 3205 1229 3266 tautum

87 3304 231 3390 inaniter,
256 3304 311 3372 sed
335 3315 366 3391 et
389 3304 546 3393 flagitiose
572 3304 603 3372 id
625 3312 781 3374 attentare
801 3304 953 3372 censendi
976 3314 1063 3372 sunt.
1088 3304 1156 3373 lmo
1177 3306 1228 3373 in·

86 3422 215 3479 eurruut
238 3412 309 3502 ipso
331 3410 415 3480 lacto
439 3412 810 3481 excommunicationem
838 3420 950 3479 eontra
972 3412 1059 3501 ipsos
1085 3411 1184 3479 latam
1209 3434 1229 3479 a

89 3516 139 3585 Pio
152 3519 180 3586 ll
194 3518 424 3586 constitutione
440 3519 643 3587 execrabilis
662 3518 759 3607 (edita
775 3518 918 3586 calendis
932 3518 1094 3587 februarii
1115 3521 1225 3609 1459),

88 3625 301 3693 confirmatam
322 3647 341 3693 a
363 3626 452 3695 lulio
478 3627 506 3693 Il
532 3626 760 3695 constitutione
787 3626 937 3715 Suscepti
967 3625 1063 3715 (edita
1085 3626 1227 3693 calendis

86 3728 152 3816 julii
181 3734 291 3819 1509),
319 3741 350 3797 et
374 3743 568 3800 reservatam
595 3732 670 3800 Sedi
698 3732 893 3823 Apostolicae
921 3733 954 3798 in
978 3732 1069 3801 bulla
1099 3734 1224 3814 Caetra,

89 3857 157 3905 nasu
171 3844 203 3906 2.

128 3944 178 4011 lll.
204 3946 228 4013 A
244 3946 404 4014 sententia
424 3946 552 4014 concilii
571 3946 731 4037 peneralia
747 3945 892 4036 lepitime
905 3947 1105 4037 conprepati,
1124 3960 1154 4015 et
1169 3968 1227 4015 ea-

86 4050 144 4136 piti
163 4074 219 4120 rao
238 4052 341 4131 reniti,
364 4074 429 4119 twa
452 4052 555 4119 datur
580 4052 772 4143 appellatio.
799 4090 842 4103 -
865 4051 901 4140 Si
926 4054 1013 4120 enim
1036 4075 1055 4119 a
1079 4053 1227 4123 Romano

92 4153 232 4227 Pontifice
246 4158 402 4249 appellari
423 4182 591 4249 nunquam
615 4168 727 4248 potest,
751 4180 831 4246 ergo
855 4181 959 4249 neque
978 4159 1111 4249 quaudo
1126 4182 1225 4250 syno-

93 4260 194 4333 daliter
209 4266 407 4363 prouuntiat.
427 4269 576 4360 Cumque
591 4268 741 4356 generale
758 4268 948 4355 concilium,
968 4268 1064 4358 Papae
1081 4269 1224 4356 unitum,
