3050 4984
251 514 313 578 132
347 540 350 546 ·
628 522 804 577 raserirus
827 527 865 576 nr.
887 528 1019 577 runicus.

247 654 326 722 iaris
341 655 491 745 potestas)
510 650 615 720 media
629 652 672 721 ad
685 652 811 719 huncce
825 651 1038 719 obtinendum
1064 648 1215 719 effectum
1235 677 1242 719 :
1259 658 1392 720 secretae

249 784 365 853 nempe
393 762 590 829 hortationes
616 770 647 828 et
661 762 867 846 monitiones,
896 768 1071 850 perpetuus
1086 758 1325 849 praedicationis
1341 761 1394 827 iu·

247 868 370 955 fluxus,
387 869 428 935 ad
452 868 641 935 excitandos
658 866 864 936 conscientie
894 865 1042 934 stimulos
1069 875 1100 933 et
1125 866 1326 934 reducendos
1340 890 1394 935 cr·

249 986 356 1043 rantes
370 976 569 1065 aptissimus.
587 974 668 1057 Qum
695 975 722 1041 si
738 973 856 1041 effectu
880 982 1022 1058 careant,
1040 973 1231 1063 permissive
1247 997 1281 1041 se
1298 974 1396 1043 habet

248 1082 459 1149 ecclesiastiea
477 1090 628 1173 potestas,
646 1089 684 1148 ut
700 1080 822 1147 maium
841 1079 947 1168 majus
972 1078 1102 1161 devitet.
1135 1082 1242 1171 Atque
1268 1104 1306 1149 ca
1334 1081 1398 1148 iuit

249 1211 376 1280 semper
391 1189 541 1257 Ecclesiae
568 1209 660 1256 mens
681 1198 713 1253 et
728 1186 853 1278 praxis,
878 1196 914 1254 ut
941 1186 1103 1276 ejusmodi
1128 1188 1255 1271 delicta,
1282 1188 1397 1279 paucis

249 1308 324 1365 nota
339 1309 369 1363 et
394 1298 520 1363 caeteris
542 1318 605 1363 non
623 1295 816 1385 periculosa,
835 1316 901 1363 non
914 1304 1070 1385 tauquam
1095 1294 1225 1376 delicto,
1244 1294 1300 1362 sed
1319 1304 1397 1363 tan·

247 1427 344 1495 qnam
372 1415 508 1495 peccatu
533 1402 747 1483 habereutnr3
766 1424 824 1468 nec
851 1401 986 1491 proinde
1015 1402 1055 1467 ad
1083 1402 1193 1469 forum
1219 1411 1394 1469 externum

248 1513 465 1581 traherentur.
481 1510 518 1576 Id
536 1509 643 1601 pelam
658 1509 784 1577 iaciunt
800 1515 969 1597 sequemes
989 1507 1175 1593 decretales,
1202 1530 1283 1599 quas
1310 1510 1399 1577 inter

249 1618 351 1686 multa
366 1617 430 1685 alia
444 1615 603 1706 ejusmodi
621 1617 815 1684 documenta
829 1613 997 1703 seligimus
1017 1642 1023 1679 :
1042 1640 1058 1679 a
1073 1614 1249 1683 Exteriore
1264 1625 1397 1683 tuarum
1520 1690 1521 1705 ,

254 1753 270 1789 a
293 1726 475 1792 litterarum
500 1724 695 1813 accepimus,
711 1722 799 1813 quod
817 1722 856 1789 N.
883 1722 1018 1789 clericus
1034 1722 1114 1789 adeo
1140 1720 1290 1811 deliquit,
1308 1722 1400 1811 quod

253 1834 320 1899 «si
348 1840 512 1921 peccatum
539 1830 609 1920 ejus
636 1837 719 1896 esset
740 1828 923 1918 publicum,
953 1827 1188 1916 degradaretur
1212 1828 1253 1895 ab
1279 1828 1400 1896 ordine
1520 1846 1521 1857 ¹

254 1968 269 2000 a
293 1960 390 2029 quem
406 1938 557 2027 suscepit,
573 1933 761 2026 etamplius
782 1954 847 2003 nou
875 1947 982 2025 posset
1004 1933 1046 2001 ad
1065 1934 1249 2025 superiores
1265 1935 1402 2001 ordines

255 2076 269 2108 «
295 2045 490 2136 promoveri.
510 2044 636 2110 Verum
652 2042 808 2133 quoniam
824 2051 992 2132 peccatum
1008 2040 1116 2132 ipsum
1141 2041 1212 2110 iore
1235 2041 1399 2109 occultum
1520 2038 1521 2111 i

256 2181 272 2215 a
296 2152 419 2234 dixisti,
439 2150 630 2242 mandamns
646 2157 807 2240 quatenus
823 2148 1046 2239 poeniteutiam
1063 2149 1093 2216 ei
1108 2149 1306 2237 condignam
1332 2150 1401 2215 im·
1520 2122 1521 2197 i

255 2288 270 2323 «
297 2281 409 2349 ponas,
426 2266 458 2325 et
477 2257 613 2324 suadeas
630 2265 666 2323 ut
680 2265 772 2346 parte
797 2256 997 2346 poenitentiae
1027 2264 1167 2345 peraeta,
1196 2256 1309 2323 ordine
1325 2278 1402 2323 sus·

255 2396 271 2430 a
295 2376 386 2457 cepto
401 2373 523 2449 utatur,
539 2386 605 2455 quo
618 2372 789 2431 contentus
814 2364 969 2447 existens,
993 2363 1034 2430 ad
1056 2365 1239 2454 superiores
1254 2363 1401 2453 amplius
1520 2384 1521 2425 i

257 2503 272 2538 a
297 2496 362 2541 non
385 2472 548 2539 ascendat.
566 2472 801 2539 Verumtamen
823 2470 900 2560 qnia
924 2476 1091 2560 peceatum
1113 2470 1276 2537 oecultum
1292 2478 1351 2556 est,
1373 2472 1402 2537 si

257 2607 272 2641 a
298 2578 483 2669 promoveri
498 2576 650 2660 voluerit,
665 2598 740 2643 eum
751 2597 817 2641 non
827 2574 924 2641 debes
931 2575 1040 2665 eliqua
1048 2576 1173 2643 ratione
1182 2575 1366 2665 prohibere.
1380 2602 1398 2640 r

257 2691 264 2774 ζ
270 2684 454 2752 Alexander
465 2683 522 2767 iii,
538 2706 609 2772 cap.
628 2686 660 2764 i,
678 2683 726 2749 tit.
745 2687 778 2766 2,
805 2682 861 2749 lib.
883 2685 895 2747 1
917 2682 1159 2770 Decretaiinm.)
1182 2707 1198 2745 a
1214 2682 1401 2763 Quaesitum

258 2821 273 2855 a
298 2801 346 2858 est
360 2791 400 2857 de
414 2789 635 2857 sacerdotibus
650 2789 702 2856 vel
718 2788 793 2855 aliis
807 2789 933 2855 clericis
943 2789 1001 2879 qui
1018 2797 1215 2878 perrectum
1233 2787 1402 2878 adulterii,

260 2926 274 2958 a
301 2897 450 2988 perjurii,
468 2895 647 2979 homicidii,
667 2895 717 2961 vel
739 2895 813 2962 falsi
842 2894 1031 2977 testimonii,
1049 2896 1171 2963 bonum
1194 2896 1404 2963 conscientiae
1520 2900 1521 2981 j

261 3035 276 3066 ι(
301 3013 397 3071 rectae
426 3002 679 3092 perdiderunt...
713 3001 960 3091 Respondemus
992 3002 1079 3092 quod
1113 3003 1140 3068 si
1168 3002 1316 3092 probatu,
1349 3003 1405 3069 vel
1520 3010 1521 3097 p

263 3142 279 3174 a
302 3112 382 3179 alias
395 3111 521 3178 notoria
534 3131 600 3175 non
615 3110 747 3195 inerint,
767 3130 832 3175 non
846 3109 964 3176 debent
975 3108 1012 3176 hi
1032 3111 1163 3199 (prmter
1178 3131 1250 3177 reos
1263 3110 1406 3176 homici-

263 3247 280 3283 a
303 3218 360 3307 dii)
379 3228 451 3309 post
464 3216 690 3307 poeniteutiam
706 3216 740 3282 in
753 3217 820 3306 jam
838 3217 994 3306 susceptis
1009 3215 1061 3283 vel
1076 3216 1292 3307 suscipiendis
1312 3216 1406 3284 ordi·
1520 3258 1521 3319 3

264 3354 279 3388 a
304 3324 400 3394 nibus
416 3323 568 3415 impediri
586 3350 594 3389 :
611 3323 712 3413 quisi
733 3344 799 3389 non
826 3322 1049 3412 poenituerint,
1079 3324 1232 3391 monendi
1258 3334 1346 3409 suut,
1374 3334 1409 3392 et

265 3461 281 3495 a
305 3432 366 3499 suh
381 3431 647 3497 interminatione
671 3429 776 3496 divini
789 3428 903 3521 judieii
931 3430 1125 3517 obtestandi,
1146 3440 1182 3498 ut
1205 3432 1239 3497 in
1256 3432 1408 3500 testimo·

264 3566 282 3605 a
305 3539 396 3605 nium
429 3560 497 3605 suae
520 3536 740 3605 damnationis
767 3536 802 3602 iu
835 3537 989 3627 susceptis
1016 3538 1113 3605 etiam
1137 3536 1308 3605 ordinibus
1338 3561 1409 3608 non
1520 3546 1521 3613 i

266 3676 284 3713 a
306 3646 502 3713 ministrent.
519 3670 535 3706 s
555 3643 746 3732 (Gregorius
761 3642 821 3730 tx,
837 3666 908 3735 cap.
924 3649 977 3730 17,
992 3643 1032 3711 de
1046 3644 1256 3735 Temporibus
1272 3644 1410 3715 ordinu—

263 3756 388 3823 tionum
405 3765 435 3819 ct
456 3751 616 3842 qualitate
634 3748 923 3841 ordinandorum.)

312 3888 330 3926 a
346 3860 382 3928 Si
399 3855 548 3927 sacerdos
563 3855 641 3923 sciat
656 3878 715 3946 pro
730 3866 818 3924 certo
831 3856 972 3949 eliquem
988 3880 1057 3926 esse
1072 3882 1165 3926 reum
1188 3861 1329 3952 alicujus
1343 3862 1413 3931 cri·-
1520 3894 1521 3923 t

269 3997 285 4033 a
309 3968 419 4055 minis,
437 3966 489 4033 vei
504 3966 532 4031 si
547 3963 713 4032 coufessus
739 3964 839 4031 inerit
853 3974 885 4032 et
899 3965 1072 4033 emendare
1097 3966 1256 4054 noluerit;
1276 3968 1339 4035 nisi
1351 3967 1412 4059 ju·
1520 3956 1521 3977 ³

268 4101 285 4140 a
308 4073 442 4143 dieiario
456 4071 571 4141 ordine
585 4071 660 4161 quis
686 4070 824 4161 probare
849 4072 961 4162 possit,
981 4094 1045 4140 non
1062 4072 1157 4141 debet
1178 4097 1254 4142 enm
1270 4096 1413 4165 arguere
1520 4110 1521 4169 3

270 4210 286 4247 a
311 4181 514 4257 nominatim,
539 4176 595 4245 sed
618 4174 877 4247 indeterminate.
903 4178 994 4248 Sient
1018 4179 1102 4247 dixit
1118 4180 1269 4249 Christus
1289 4209 1296 4249 :
1317 4184 1416 4252 Unus
1520 4212 1521 4261 3

271 4316 287 4355 a
311 4302 453 4357 vestrum
462 4309 514 4355 me
524 4283 708 4353 traditurus
721 4298 779 4351 cst.
794 4285 859 4353 Sed
871 4286 898 4353 si
913 4286 966 4354 ille
981 4289 1034 4354 cui
1049 4286 1207 4355 damnum
1219 4287 1346 4357 illatum
1359 4300 1413 4363 est
