3050 4984
531 487 606 536 reas
627 487 772 536 emnam.
1162 467 1222 536 toa

94 635 109 674 n
129 633 196 680 sam
215 611 264 702 (in
279 634 309 681 c.
329 611 481 696 Qualiter
497 613 551 699 et,
569 609 618 678 tit.
640 613 670 696 1,
685 609 742 679 lib.
763 614 781 678 5
800 609 909 699 oar„
935 610 1035 681 verbo
1049 610 1101 681 Ad
1113 611 1223 703 tuui-

95 743 110 783 ι
130 718 288 810 randum).

134 831 194 896 «t.
218 825 357 910 Quando
369 851 411 898 ex
431 827 536 899 officio
558 851 619 898 suo
643 827 787 920 procedit
801 827 904 920 judex
919 828 961 898 ud
977 828 1223 920 inquisitionem

94 961 110 1001 s
130 933 313 1026 specialem,
334 943 412 1006 tunc
434 935 548 1028 recipit
568 935 797 1027 juramentum
817 935 859 1004 ab
878 934 920 1004 iis
941 942 1055 1004 contm
1075 958 1158 1026 quos
1172 935 1224 1003 ia-

94 1067 111 1106 «
130 1041 241 1110 denda
253 1050 302 1110 est
314 1041 501 1134 inquisitio:
516 1064 581 1112 non
596 1040 675 1111 item
687 1040 820 1134 quando
831 1041 1026 1134 proceditad
1035 1041 1226 1110 instantiam

93 1173 109 1213 e
130 1169 185 1216 seu
203 1147 392 1239 petitionem
407 1147 555 1234 alterius,
579 1170 620 1220 ne
635 1147 777 1217 instrunt
795 1147 1023 1217 adremmum
1050 1145 1132 1215 :sed
1148 1153 1226 1216 tuuc

93 1281 109 1320 ι
132 1254 199 1345 ipse
210 1255 419 1324 adversarius
432 1255 570 1348 probare
585 1255 680 1325 debet
694 1279 769 1348 qnae
784 1253 1002 1325 denuntiavit.

135 1387 151 1426 ι
174 1365 205 1430 2.
229 1361 367 1443 Quando
382 1361 528 1454 procedit
554 1385 594 1430 ex
610 1361 731 1447 officio,
760 1384 828 1432 non
841 1370 968 1431 tenetur
982 1360 1124 1453 recipere
1143 1383 1225 1452 pro·

93 1496 108 1534 t
130 1467 293 1538 bationem
307 1490 405 1560 super
420 1469 524 1548 iuma3
549 1469 626 1537 satis
650 1468 738 1538 enim
763 1477 811 1536 est
835 1466 924 1562 qnod
946 1489 985 1536 ea
1002 1467 1065 1536 sibi
1079 1475 1223 1552 constet3

93 1601 109 1640 a
131 1573 241 1643 sedda
263 1574 398 1644 varitate
420 1573 557 1667 inquirit
579 1582 752 1667 postquam
776 1573 840 1667 ipsi
865 1582 991 1644 constat
1013 1573 1054 1642 dc
1075 1573 1225 1657 infamia,

93 1709 109 1746 ι
131 1682 202 1750 licet
214 1681 389 1774 inquisitus
413 1690 509 1773 neget
523 1705 557 1750 se
571 1681 766 1751 infamatum
777 1708 787 1769 ;
811 1703 917 1774 neque
939 1688 1067 1751 tenetur
1088 1682 1157 1775 ipse
1168 1681 1227 1773 ju-

93 1819 109 1854 «
130 1789 193 1858 dex
207 1789 310 1858 iidem
331 1789 435 1858 iecere
449 1788 489 1858 de
503 1788 659 1869 infamia;
677 1789 731 1858 cui
745 1790 836 1857 enim
850 1788 980 1876 iaceret,
1003 1811 1081 1857 cnm
1102 1790 1171 1881 ipse
1186 1789 1228 1858 sit

93 1925 108 1962 ι
126 1896 253 1988 judex?
269 1895 391 1966 Contra
408 1907 457 1964 est
479 1897 508 1964 si
533 1895 685 1988 procedat
700 1895 741 1964 ad
765 1895 954 1964 instantiam
976 1894 1129 1975 alterium
1150 1905 1228 1964 tunc

92 2031 107 2068 a
129 2003 220 2074 euim
235 2011 363 2074 tenetur
375 2003 580 2095 probationes
594 2025 760 2072 assumam
774 2011 806 2071 et
821 2003 922 2071 fidem
937 2003 1042 2072 iacere
1059 2025 1159 2094 super
1171 2003 1228 2071 in·

92 2139 107 2176 a
129 2109 242 2181 inmiti.

134 2221 199 2287 «3.
218 2217 255 2287 Si
267 2217 371 2311 judex
385 2218 532 2310 procedit
545 2218 586 2286 ad
609 2217 801 2310 petitionem
824 2217 876 2286 vel
890 2217 1059 2310 querelam
1080 2215 1227 2303 alumne,

91 2353 107 2390 ι
129 2323 279 2394 admittit
296 2325 503 2417 probationes
518 2325 696 2394 contraries
712 2346 811 2415 super
825 2323 912 2393 bone
925 2322 1016 2392 tama
1040 2350 1047 2391 :
1065 2345 1131 2393 nou
1147 2323 1227 2393 item

90 2458 107 2497 ι
128 2430 263 2524 quando
276 2431 420 2523 procedit
431 2453 474 2501 ex
485 2430 602 2502 officio.

132 2565 151 2604 a
176 2543 210 2606 t.
237 2537 375 2621 Quando
390 2536 576 2628 proceditur
598 2539 639 2607 ad
664 2538 868 2624 instantiam,
894 2539 932 2606 fit
952 2536 1020 2606 litis
1041 2537 1229 2606 contestatio

91 2673 106 2710 ι
130 2667 210 2714 cum
225 2665 265 2713 eo
288 2643 347 2735 qui
369 2644 449 2734 petit
463 2643 708 2737 inquisitionem
727 2646 810 2736 (cap.
841 2645 927 2715 Cum
947 2643 1082 2727 ddoetu,
1110 2648 1164 2731 15,
1189 2645 1230 2714 de
1252 2635 1256 2642 ¹

89 2779 105 2814 ι
127 2754 271 2841 Purqat.
289 2749 470 2840 commeo).
497 2749 597 2819 Secus
619 2759 667 2818 est
688 2750 821 2842 quaudo
841 2749 1028 2842 proceditur
1042 2773 1084 2820 ex
1099 2751 1227 2836 officio;

90 2859 211 2950 «qnia
233 2866 313 2926 tunc
338 2877 403 2926 non
429 2865 568 2925 osteum
583 2880 650 2949 qno
666 2858 723 2926 fiat
746 2856 813 2924 litis
826 2857 1035 2936 contestatio;
1060 2856 1098 2926 fit
1120 2865 1230 2926 tamen

90 2991 105 3028 ι
129 2964 225 3056 quasi
240 2962 307 3032 litis
319 2963 508 3032 contestatio
524 2963 611 3033 inter
623 2962 810 3051 infamiam,
821 2986 898 3055 qnae
914 2973 1001 3033 tenet
1011 2965 1121 3033 iocum
1133 2986 1230 3032 necn-

90 3100 106 3136 a
128 3072 260 3158 mtoris,
271 3093 312 3139 ex
328 3091 406 3158 una,
424 3078 456 3139 et
470 3070 715 3162 responsionem
731 3070 892 3162 inquisiti,
908 3093 951 3139 ex
966 3071 1068 3140 altera
1081 3080 1183 3162 parte.

132 3205 151 3243 a
177 3177 317 3262 Quando
340 3176 528 3268 proceditur
550 3199 592 3244 ex
607 3175 725 3263 officio,
753 3186 889 3269 possunt
905 3177 1004 3269 recipi
1020 3186 1118 3245 testes
1132 3179 1232 3246 etiam

90 3315 106 3352 ι
129 3295 207 3378 post
220 3285 402 3378 publicatas
415 3284 647 3371 attestationes;
662 3307 739 3354 cum
751 3285 841 3354 euim
850 3284 934 3353 dicta
950 3285 1085 3354 testium
1100 3307 1231 3377 semper

91 3421 107 3458 ι
128 3394 197 3462 sint
211 3401 287 3462 nota
306 3389 421 3484 judici,
439 3399 541 3462 cessat
554 3399 633 3460 tnnc
649 3391 748 3462 timor
762 3391 1005 3461 subornationis
1028 3414 1154 3462 eorum.
1172 3392 1231 3462 Se-

91 3529 107 3564 a
130 3523 191 3570 cus
205 3510 253 3568 est
269 3499 402 3592 quando
419 3495 605 3590 proceditur
617 3497 658 3566 ad
674 3497 862 3590 petitionem
879 3499 990 3591 pertis.
1008 3524 1025 3563 n
1047 3497 1232 3590 (Schmaln-

88 3607 243 3697 grueber‚
258 3605 293 3676 iu
307 3606 358 3676 tit.
377 3610 409 3694 1,
426 3605 482 3674 lib.
503 3609 521 3673 5
538 3605 681 3691 Decret,
697 3626 731 3673 n.
750 3605 840 3695 180.)

645 3837 701 3908 Vt.

91 4000 253 4052 mammea
265 4003 292 4050 in
308 3999 472 4066 inpeditione
483 3998 601 4064 speciali,
616 4013 647 4049 ne
657 4011 788 4064 monerent
797 3996 924 4050 nullitate
941 3998 1051 4060 laboret,
1063 3999 1234 4064 compendiose

578 4083 745 4129 recensentur.

134 4253 295 4340 Quamvis
317 4273 359 4323 ex
378 4251 447 4346 jauo
474 4250 567 4326 dictis
590 4248 686 4324 facile
701 4257 809 4348 pateat
828 4249 981 4346 quisnam
1000 4248 1081 4323 ordo
1095 4260 1126 4320 et
1140 4271 1235 4346 qnas-
