3050 4984
274 440 334 505 182
403 447 405 450 ’
646 462 822 508 rnacrsrus
846 464 883 507 nn
905 463 1037 509 1661666.

269 589 444 673 nequeant,
467 583 584 651 debent
604 584 668 675 ipsi
689 584 751 651 sibi
769 582 945 675 adjungere
959 584 1111 672 tertium;
1134 592 1165 653 et
1179 583 1264 675 quod
1283 584 1350 654 duo
1368 606 1410 652 ax

270 689 339 756 istis
354 691 458 758 tribus
475 691 745 783 pronuntiabunt,
758 690 894 760 firmum
907 692 980 760 erit.

315 800 348 863 11ο
368 796 405 864 Si
426 798 467 865 ab
489 798 620 865 arbitris
644 798 837 889 suspicionis
861 820 956 867 causa
981 799 1213 889 pronuntietur
1237 820 1299 865 non
1325 799 1413 886 legi-

252 903 362 988 tima,
380 904 482 994 judex
503 914 679 991 recusatus,
700 905 883 995 posthabita
900 907 1111 991 recusatione,
1132 908 1167 973 in
1187 904 1309 996 judicio
1332 928 1414 995 pro-

268 1012 369 1079 cedet.

313 1123 346 1186 7⁰
364 1118 400 1187 Si
420 1142 499 1189 vero
517 1120 630 1189 arbitri
643 1120 816 1209 allegatam
836 1120 1029 1211 suspicionis
1048 1142 1179 1189 caumm
1200 1121 1416 1211 pronuntient

269 1226 463 1315 legitimam,
487 1226 556 1317 jam
579 1226 693 1316 nequit
710 1225 812 1317 judex
835 1234 1001 1294 recusatus
1021 1235 1225 1295 recusantem
1245 1226 1411 1317 judicare,

268 1334 323 1401 sed
340 1333 448 1418 debet,
469 1333 520 1400 vel
535 1332 576 1400 ad
595 1332 741 1399 tribunal
756 1332 907 1424 superius
921 1356 1050 1402 causam
1072 1334 1247 1418 remittere,
1268 1333 1322 1401 vel
1337 1356 1414 1401 eam

267 1439 377 1523 alicui,
406 1439 446 1507 de
471 1460 632 1507 consensu
656 1442 847 1525 recusantis,
870 1439 1031 1530 delegare.
1059 1440 1140 1522 Quae
1165 1440 1278 1507 omnia
1301 1452 1415 1531 aperte

269 1554 417 1614 constant
432 1568 474 1613 ex
489 1546 637 1637 ipsismet
651 1545 759 1613 allatis
771 1544 857 1637 juris
871 1546 1023 1613 textibus.

312 1655 457 1735 Qunsrro
474 1658 520 1721 3².
537 1692 581 1705 —
602 1651 772 1735 Quomodo
788 1652 907 1721 arbitri
920 1654 1063 1745 officium
1077 1677 1174 1723 surim
1193 1656 1320 1746 explere
1332 1678 1416 1746 pos-

267 1762 332 1829 sint
346 1761 633 1829 66166166611-
650 1763 681 1825 1⁰
695 1760 816 1828 Eorum
832 1769 972 1851 potestas
985 1771 1133 1830 versatur
1142 1762 1315 1831 dumtaxat
1327 1764 1415 1830 circa

268 1890 399 1935 causam
416 1867 625 1958 suspicionis;
646 1868 686 1933 de
708 1889 773 1957 qna
793 1875 967 1957 postquam
990 1870 1285 1959 pronuntiaverint,
1306 1869 1415 1938 officio

269 1997 330 2041 suo
343 1973 445 2041 functi
461 1984 548 2041 sunt.
566 1972 660 2042 Unde
676 1973 717 2039 ad
730 1974 818 2063 ipsos
830 1973 1017 2042 nullatenus
1029 1974 1166 2064 pertinet
1180 1975 1362 2066 quidquam
1375 1976 1416 2041 de

270 2104 367 2150 cerasa
387 2082 557 2173 principali
574 2082 757 2150 decernere.
784 2088 818 2149 2⁰
837 2081 990 2150 «Omnia
1008 2104 1083 2173 quae
1107 2090 1250 2173 spectent
1265 2082 1305 2150 ad
1329 2085 1415 2151 arti-

274 2215 290 2251 «
314 2188 427 2257 culum
455 2189 649 2278 suspicionis
678 2198 813 2282 possunt
841 2189 955 2256 arbitri
982 2210 1153 2278 peragerc;
1185 2189 1285 2256 veluti
1314 2191 1416 2257 citare

275 2322 291 2359 a
315 2305 421 2382 testes,
444 2303 475 2363 et
494 2297 688 2388 compellere
711 2297 752 2364 ad
774 2295 1036 2381 testificandum
1058 2318 1125 2381 cos,
1155 2296 1182 2363 si
1210 2296 1416 2388 delinquent,

274 2430 292 2466 c
314 2404 449 2491 punire3
475 2404 683 2481 examinare3
707 2402 914 2493 exceptiones
933 2410 1046 2471 contra
1066 2424 1232 2492 personas,
1256 2412 1314 2471 aut
1331 2403 1419 2472 dicta

275 2536 292 2572 a
314 2511 462 2599 ipsarum
479 2508 692 2578 admittere...
716 2536 732 2574 6
761 2508 1079 2601 (Schmalzgrueber,
1095 2508 1130 2576 in
1154 2512 1201 2577 tit.
1221 2513 1277 2595 28,
1299 2509 1377 2578 libri
1399 2514 1416 2577 2

1499 2502 1500 2531 l

272 2616 412 2701 Decret,
438 2638 472 2683 n.
499 2616 587 2706 141.)
620 2622 653 2685 3·
675 2616 838 2685 Omnibus
860 2615 1042 2706 perpensis,
1066 2617 1278 2705 pronuntiare
1299 2617 1420 2685 debent

272 2732 386 2790 utrum
414 2724 607 2814 suspicionis
633 2746 742 2810 causa,
768 2748 787 2790 a
811 2746 863 2791 reo
889 2723 1038 2811 allegata,
1065 2722 1214 2811 legitima
1238 2724 1281 2791 sit
1300 2745 1416 2792 necne.

273 2831 401 2919 Duplex
413 2843 523 2899 66166]
533 2831 574 2898 ab
588 2832 667 2922 ipsis
678 2830 891 2920 expendenda
906 2839 954 2897 est
964 2829 1151 2919 legitimitas
1166 2854 1173 2894 ε
1184 2831 1270 2922 juris
1283 2852 1416 2922 nempe,
1499 2898 1500 2915 ,

273 2948 305 3005 et
330 2937 415 3005 lacti.
444 2938 650 3029 Lepitimitas
672 2937 762 3028 juris
790 2947 867 3005 tunc
890 2936 994 3021 adest,
1017 2937 1147 3028 quando
1169 2960 1265 3007 eausa
1280 2939 1419 3028 allegata
1499 2916 1500 2991 l

277 3044 356 3134 (sive
376 3044 456 3112 falso
477 3045 648 3133 allegetur,
666 3044 734 3112 sive
749 3046 825 3131 non)
849 3052 896 3111 est
911 3042 951 3111 de
973 3065 1087 3111 earum
1107 3066 1257 3131 numero,
1279 3068 1354 3137 quae
1377 3069 1418 3114 cx
1499 3040 1500 3129 1

271 3152 346 3242 jure
361 3174 526 3240 expresso,
554 3152 603 3219 vel
619 3174 660 3218 ex
671 3150 876 3242 prudentum
895 3150 1122 3235 aestimatione,
1143 3151 1259 3219 merito
1271 3152 1417 3242 judicem

275 3267 461 3348 suspectum
476 3258 618 3327 reddunt
638 3285 645 3324 :
665 3258 740 3325 talis
758 3264 819 3343 est,
838 3257 929 3324 verbi
947 3257 1064 3347 gratia,
1082 3259 1344 3347 consanguinitas
1361 3260 1419 3350 ju·

275 3365 357 3433 dicis
382 3388 458 3433 cum
485 3366 670 3434 adversario
696 3366 754 3432 rei.
784 3364 820 3434 Si
842 3386 860 3432 e
882 3373 994 3433 contra
1023 3365 1218 3455 allegaretur
1248 3377 1418 3458 suspectus

272 3474 386 3563 judex,
403 3496 444 3540 ex
465 3476 622 3564 eoquod,
645 3472 735 3540 verbi
752 3472 869 3561 gratia,
890 3472 930 3539 sit
949 3472 1065 3541 balbus
1083 3471 1136 3539 vel
1158 3473 1324 3562 gibbosus,
1350 3498 1418 3543 non

275 3580 400 3648 adesset
414 3578 603 3669 legitimitas
611 3578 698 3668 juris
709 3604 718 3665 ;
731 3580 809 3670 quia
824 3579 903 3646 tales
915 3578 1069 3664 defectus,
1085 3579 1145 3647 etsi
1156 3581 1418 3651 reveraenistere
1499 3566 1500 3641 l

276 3689 310 3753 in
331 3685 442 3776 judico
462 3685 652 3775 probentur,
673 3708 751 3754 eum
773 3708 978 3777 nequaquam
1001 3685 1117 3754 merito
1134 3695 1319 3778 suspectum
1342 3690 1418 3757 red·

276 3794 369 3861 dunt.
400 3791 501 3859 Adest
526 3792 660 3883 insuper
682 3791 872 3883 lepitimr‘tos
890 3791 983 3882 sorti,
1008 3792 1138 3882 quaudo
1160 3816 1256 3862 causa
1274 3818 1364 3887 quae,
1394 3797 1420 3865 si
1499 3782 1500 3849 Ῑ

276 3901 445 3985 existeret,
460 3899 577 3968 merito
586 3897 734 3989 judicem
743 3907 931 3989 suspectum
944 3898 1104 3985 redderet,
1116 3900 1272 3989 probatur
1281 3901 1320 3969 dc
1328 3904 1419 3992 sacto

277 4008 427 4077 existere.
1499 4000 1500 4087 ᾗ

322 4116 380 4183 1161
405 4121 515 4183 autem
541 4112 729 4202 legitimitas
751 4112 838 4203 juris
860 4113 955 4203 prius
978 4113 1018 4180 ab
1045 4115 1176 4182 arbitris
1198 4115 1416 4205 exploranda;

279 4224 356 4314 quia
375 4224 482 4314 inepte
499 4222 720 4313 inquireretur
740 4244 781 4289 au
797 4243 892 4290 causa
908 4220 1044 4310 allegata
1064 4222 1193 4308 existat,
1216 4222 1255 4291 de
1270 4225 1373 4313 sacto,
1393 4227 1418 4293 si
