3050 4984
314 515 378 581 rm
689 532 865 581 rotmarus
888 532 927 580 nn
948 530 1082 581 rnnrcns.

306 657 551 748 perimentum?
571 692 616 709 -
640 654 699 725 Est
715 655 873 727 sententia
899 654 1081 727 communis
1104 650 1363 745 computandum
1389 672 1455 721 esse

311 788 332 833 a
346 763 401 833 die
416 771 579 833 attentatae
593 762 732 855 copulae.
747 764 798 832 Ex
815 764 911 857 praxi
926 770 1036 833 autem
1051 762 1211 832 Romanas
1223 760 1349 849 Curiae,
1365 782 1456 829 oom-

309 873 417 964 putari
431 870 514 940 adie
529 871 649 941 decreti
661 871 782 963 judicis
795 871 929 941 adnotat
944 869 1239 961 Schmalzgrueber
1255 869 1301 959 (in
1328 867 1381 937 tit.
1404 871 1453 952 11,

309 980 386 1048 libri
402 985 421 1047 l
437 980 579 1066 liceret,
596 1000 631 1048 n.
652 978 720 1069 85).

353 1089 455 1157 Noto.
471 1125 517 1139 -
529 1088 610 1156 Tres
624 1085 759 1155 ultimas
773 1086 970 1179 quaestiones
981 1085 1106 1156 cursim
1119 1082 1328 1175 attingimus,
1344 1104 1456 1174 recep-

307 1203 376 1263 tam
390 1194 607 1264 communiter
634 1192 820 1263 doctrinam
846 1192 1053 1285 exponendo,
1070 1190 1302 1284 pretermissis
1326 1189 1370 1259 acl
1388 1190 1456 1282 ejus

307 1303 534 1394 probationem
557 1300 781 1381 documentis;
809 1323 850 1370 ne
874 1301 995 1370 scilicet
1009 1298 1170 1392 ejusmodi
1197 1298 1346 1368 materiae
1365 1296 1455 1389 plus-

307 1432 408 1502 quam
434 1429 564 1477 necesse
591 1416 640 1476 est
660 1408 927 1477 immoraremur.
945 1408 1051 1477 Facile
1065 1415 1176 1477 autem
1190 1404 1345 1497 supplere
1358 1404 1456 1473 lector

307 1515 440 1608 poterit,
452 1513 592 1605 legendo
606 1523 729 1607 septem
740 1514 858 1607 capita,
873 1515 994 1607 quibus
1008 1521 1133 1584 constat
1141 1512 1256 1583 titulus
1274 1514 1329 1599 to,
1345 1510 1454 1581 libril

307 1622 547 1708 Decretalium;
574 1643 702 1691 necnon
716 1629 814 1715 eaput
830 1627 849 1689 l
865 1630 897 1691 ct
911 1629 1008 1715 caput
1025 1623 1066 1689 ll
1084 1620 1169 1691 tituli
1188 1622 1242 1707 19,
1259 1618 1338 1687 libri
1353 1622 1375 1687 2
1392 1620 1454 1689 De·

306 1730 497 1817 crctalium;
513 1736 546 1798 et
570 1729 753 1798 canonistas
768 1729 947 1822 prelatum
972 1728 1104 1800 titulum
1129 1732 1183 1817 15,
1208 1728 1284 1797 libri
1312 1731 1347 1815 l,
1367 1749 1455 1797 com-

306 1838 475 1907 mentariis
487 1836 698 1906 illustrantes.

350 1945 494 2028 ansrro
511 1948 558 2013 7⁸.
576 1982 621 1997 -
638 1941 729 2028 Quid
739 1942 939 2035 sommium,
956 1944 1038 2026 riri,
1057 1944 1098 2013 ob
1113 1944 1209 2035 cujus
1223 1942 1455 2035 impotentium

308 2052 505 2121 dissolutum
520 2064 566 2120 est
578 2051 842 2133 matrimonium,
856 2050 970 2121 deiide
984 2051 1079 2122 alieni
1086 2052 1175 2121 ineat
1186 2055 1256 2118 1-
1266 2049 1333 2120 Vel
1346 2050 1392 2121 ob
1407 2072 1454 2119 re·

304 2159 441 2231 lativam
467 2158 694 2251 impotentiam
725 2158 923 2229 dissolutum
950 2158 1013 2228 tuit
1039 2159 1303 2246 matrimonium,
1333 2158 1390 2228 vel
1418 2156 1454 2227 ob

307 2267 517 2336 absolutam:

352 2372 394 2443 Si
416 2372 456 2443 ob
478 2372 666 2455 relatiuam,
684 2373 770 2443 valet
795 2372 978 2443 secundum
998 2373 1270 2443 matrimonium:
1287 2372 1452 2464 siqnidem

308 2482 456 2573 primum
482 2502 597 2549 revera
619 2481 749 2550 nubum
770 2480 834 2549 luit
854 2480 897 2551 ob
910 2480 1081 2552 relativam
1095 2480 1340 2572 impotentiam,
1356 2504 1452 2573 quam

305 2589 389 2658 falso
412 2586 586 2678 allegatam
613 2587 713 2658 luisse
728 2610 937 2681 nequaquem
957 2590 1073 2681 probet
1086 2589 1269 2659 secundum
1284 2590 1454 2659 matrimo-
1498 2592 1499 2597 ’

305 2717 411 2764 mum.
1497 2704 1498 2718 ¹

351 2801 393 2871 Si
407 2803 446 2872 ob
461 2803 660 2885 absolutam,
672 2802 804 2872 irritum
819 2803 1002 2873 secundum
1016 2803 1267 2876 matrimonium
1284 2825 1293 2868 ε
1309 2826 1394 2874 nam
1408 2802 1454 2873 vel
1496 2800 1497 2835 ¹

305 2933 385 2981 vcra
398 2910 461 2980 fuit
473 2910 666 3002 impotentia
676 2909 843 2998 absoluta3
861 2918 979 2981 ettune
994 2919 1178 3002 permanet,
1191 2919 1223 2980 et
1237 2911 1374 2981 irritum
1384 2911 1453 2981 red·

306 3016 355 3086 dit
380 3016 631 3086 matrimonium
647 3016 828 3108 posterius3
844 3016 897 3086 vel
912 3016 994 3087 lalsa
1009 3016 1083 3105 fuit,
1104 3026 1135 3087 et
1157 3027 1236 3087 tunc
1261 3017 1353 3087 valet
1368 3018 1453 3109 prius
1494 3006 1495 3075 l

305 3124 568 3212 matrimonium,
585 3146 623 3192 ac
636 3132 871 3215 consequenter
886 3122 993 3193 valide
1009 3124 1157 3195 contrabi
1169 3147 1237 3195 non
1253 3125 1365 3217 potuit
1385 3148 1454 3218 pos
1493 3106 1494 3193 l

305 3231 420 3300 terius.
444 3231 540 3299 Unde
563 3230 600 3297 in
620 3230 681 3299 hoc
701 3252 779 3299 casu
793 3230 953 3322 posterius
969 3232 1232 3321 matrimonium,
1250 3232 1379 3326 absque
1394 3233 1454 3303 ulla

306 3338 405 3407 etiam
421 3338 624 3429 probatione,
642 3336 889 3408 dissolvendum
905 3348 963 3409 est.

351 3444 388 3514 Si
401 3445 563 3537 posterius
578 3445 827 3515 matrimonium
842 3454 1045 3517 contractum
1063 3457 1112 3517 est
1126 3456 1257 3518 mortua
1267 3446 1340 3539 jam
1358 3449 1454 3541 priori

308 3573 426 3639 uxore,
442 3551 658 3620 nibilominus
674 3552 728 3621 vir
745 3553 799 3643 (ob
819 3552 913 3645 cujus
928 3554 1153 3647 impotentiam
1166 3555 1352 3625 absolutam
1370 3558 1454 3649 prius

307 3658 503 3751 conjugium
532 3658 675 3728 solutum
702 3658 774 3750 luit)
803 3660 970 3752 prohiberi
999 3660 1094 3732 debet
1122 3686 1141 3730 ε
1169 3663 1256 3733 dicto
1284 3663 1452 3754 posteriori

306 3766 485 3853 consortio,
508 3764 610 3833 donec
640 3764 827 3857 probaverit
854 3788 887 3835 se
914 3776 1081 3860 potentem
1110 3790 1191 3859 esse,
1217 3777 1250 3839 et
1280 3769 1452 3839 Ecclesiam

307 3873 409 3943 luisse
433 3871 610 3962 deceptam.
632 3872 729 3961 (Vide
747 3870 1051 3965 Schmalzgrueber,
1067 3878 1103 3944 in
1116 3877 1165 3945 tit.
1185 3880 1240 3964 lt,
1257 3875 1338 3947 libri
1357 3882 1376 3946 t
1392 3878 1451 3947 lle·

308 3986 402 4067 cret.,
420 4000 455 4047 n.
469 3978 538 4067 92.)

352 4088 495 4168 Quasno
524 4088 570 4154 8².
593 4124 639 4137 -
663 4085 754 4169 Quid
766 4087 943 4178 opmdnm,
960 4090 1043 4174 sits,
1060 4091 1100 4160 ob
1113 4093 1210 4183 nrjns
1224 4090 1451 4185 impotentium

308 4194 505 4264 dissolutum
521 4204 568 4262 ert
576 4194 840 4278 matrimonium,
856 4200 1201 4292 postencomperiatur
1211 4200 1452 4293 firneepotera?

306 4338 352 4354 —
365 4299 633 4371 Restaurandum
656 4310 705 4371 est
732 4302 977 4375 matrimonium
1000 4305 1210 4398 dissolutum,
1228 4309 1362 4379 etiamsi
1378 4308 1450 4377 alter
