3050 4984
568 489 643 534 raus
664 478 811 535 secunus.
1192 466 1252 533 183

112 630 213 679 causa
225 610 295 695 illa,
315 609 443 679 etiamsi
465 632 580 679 revera
600 610 731 696 exutat,
750 616 936 699 suspectum
955 608 1100 699 judicem
1122 608 1256 681 reddere

114 726 266 809 nequeat.
281 717 366 785 Hinc
375 717 408 785 iu
419 717 562 786 formula
573 716 740 784 sententiae
750 714 791 783 ab
801 715 1203 807 arbitrispronuntiandae‚
1217 718 1257 787 de

113 835 254 915 utraque
270 848 377 893 eausae
398 824 614 913 legitimitate,
632 824 717 913 juris
737 844 856 913 nempe
876 830 908 891 at
927 822 1014 902 iacti,
1037 824 1117 892 solet
1138 826 1258 895 mentio

113 930 200 1014 fieri,
219 931 307 999 etde
323 938 460 1023 utraque
474 953 625 1022 expresse
640 928 782 997 decerni.
809 931 842 997 Ρ
858 928 1020 997 Adhiberi
1035 930 1129 999 debet
1144 932 1185 1000 ah
1205 956 1259 1001 ar-

112 1038 221 1122 bitris,
235 1038 276 1105 nd
292 1047 363 1106 acta
375 1037 560 1106 authentice
574 1036 786 1120 conficienda,
803 1036 948 1105 neurius
960 1058 1017 1104 seu
1029 1038 1256 1125 cancellarius3

112 1145 170 1212 sed
185 1168 304 1214 vocare
316 1144 359 1212 ad
374 1145 407 1213 id
423 1144 523 1213 officii
537 1153 671 1235 possunt
684 1145 863 1235 ipsummet
875 1144 1055 1213 actuarium
1069 1145 1259 1235 episcopalis

111 1252 226 1320 curiae.
248 1258 278 1318 5·
294 1252 507 1321 Pronuntiare
526 1252 698 1335 sententia,
721 1250 839 1319 debent
858 1250 971 1318 arbitri
992 1262 1061 1319 acta
1080 1252 1194 1321 omnia
1215 1252 1255 1321 ad

109 1358 255 1448 judicem
271 1367 456 1427 recusatum
474 1357 693 1426 transmittere
704 1384 712 1442 ;
725 1356 847 1447 quibus
868 1358 1018 1447 acceptis,
1040 1358 1068 1425 is
1086 1370 1183 1449 prout
1202 1383 1258 1429 su-

112 1466 315 1555 pradictum
332 1466 405 1553 luit,
423 1489 492 1534 sese
506 1474 608 1556 geret.

154 1574 301 1656 Qunsrro
311 1578 357 1642 4⁸.
369 1612 412 1625 --
425 1576 585 1657 Quanam
592 1573 656 1641 siut
663 1571 834 1641 recusandi
837 1573 858 1661 j
860 1571 962 1639 udicis
970 1572 1124 1663 lcqitc'mae
1131 1582 1257 1644 causae?

110 1719 155 1733 -·
172 1708 192 1745 «
214 1682 284 1749 Huc
307 1689 394 1749 certo
414 1679 544 1748 deliniri
564 1680 689 1771 nequit,
710 1678 767 1747 sed
787 1679 922 1747 arbitris
944 1680 1137 1771 plerumque
1160 1682 1200 1750 ad
1222 1683 1256 1751 id

115 1816 132 1850 a
155 1789 264 1857 electis
284 1788 542 1856 examinandum
559 1787 796 1879 relinquitur...
815 1786 908 1855 lustu
924 1786 1056 1855 interim
1073 1796 1104 1854 et
1125 1788 1258 1858 induhi-
1290 1826 1293 1837 ·

24 1961 25 1966 ,
115 1922 132 1958 u
156 1905 223 1963 tata
238 1905 408 1986 reputatur
421 1897 539 1986 (causa)
551 1894 619 1981 illa,
632 1917 732 1986 quam
744 1916 848 1961 canon
861 1897 911 1963 vel
920 1894 974 1961 lex
987 1916 1045 1985 pro
1056 1896 1113 1963 tali
1123 1895 1253 1965 habent.

24 2083 25 2086 Ἴ
115 2029 131 2065 a
154 2003 250 2071 Tales
273 2011 383 2070 autem
406 2003 505 2070 variae
527 2009 734 2070 recensentur
756 2029 763 2067 :
787 2010 819 2069 et
842 2009 977 2091 possunt
996 2000 1107 2069 reduci
1129 2002 1170 2071 ad
1195 2006 1256 2073 tria

115 2138 132 2173 a
154 2111 261 2199 capita
279 2134 286 2176 ε

157 2242 175 2280 «
195 2220 225 2282 l·
238 2216 377 2298 Quando
394 2216 497 2307 judex
518 2224 683 2283 recusatus
698 2222 747 2282 est
762 2215 955 2282 recusatoris
971 2215 1124 2283 iuimicus
1143 2244 1149 2283 :
1168 2218 1256 2306 quod

114 2352 131 2389 r
154 2326 314 2415 presumi
324 2332 444 2415 potest3
454 2324 577 2414 pdmc,
590 2324 615 2389 si
626 2322 717 2390 litem
730 2345 787 2389 seu
798 2322 987 2413 judicialem
999 2325 1255 2392 controversiam

114 2460 131 2495 a
149 2432 266 2499 lrabeat
281 2454 358 2499 cum
370 2430 520 2522 judice...
539 2428 698 2509 Secundo,
717 2429 745 2495 si
757 2428 860 2519 judex
876 2430 924 2496 illi
938 2430 1080 2497 minatus
1096 2430 1137 2496 sit
1152 2431 1254 2519 quod,

113 2568 130 2603 a
153 2540 323 2609 occasione
336 2538 456 2621 oblata,
473 2539 505 2605 ei
527 2538 605 2605 velit
619 2544 853 2605 nocumentum
876 2537 1007 2604 inferre.
1029 2538 1145 2618 Tertio,
1165 2538 1192 2605 si
1209 2539 1255 2607 si-

114 2676 130 2713 a
153 2670 259 2736 gnum
276 2644 510 2715 benevolentiae
524 2645 587 2736 ipsi
601 2643 750 2733 deneget,
772 2642 860 2733 quod
880 2644 954 2711 aliis
973 2643 1121 2734 ejusdem
1142 2647 1254 2713 condi-

24 2773 25 2780 *
115 2782 131 2819 a
154 2756 257 2823 tionis
272 2761 304 2821 et
318 2761 420 2821 status
433 2752 624 2821 homiuibus
639 2750 795 2819 exhibere
811 2751 903 2819 solet.

158 2889 175 2926 a
200 2867 234 2929 2·
257 2860 396 2943 Quando
418 2860 522 2952 judex
544 2869 709 2927 recusatus
732 2858 829 2927 habet
852 2858 1024 2949 specialem
1048 2860 1251 2929 affectionem

24 3011 25 3016 κ
113 3000 129 3035 a
154 2979 211 3039 aut
235 2970 425 3039 relationem
446 2968 489 3036 ad
510 2966 735 3036 adversarium
760 2964 950 3034 recusantis.
977 2966 1149 3056 Colligitur
1168 2967 1251 3053 hacc,

113 3106 130 3142 a
149 3078 275 3168 primo,
299 3077 327 3144 si
342 3076 445 3167 judex
466 3078 510 3144 sit
529 3075 664 3143 alterius
683 3074 784 3163 partis
797 3074 1059 3163 consanguineus
1081 3075 1130 3143 vel
1146 3075 1253 3144 affinis

114 3213 130 3249 u
157 3186 270 3276 (capite
292 3183 447 3252 Accedeus
463 3188 495 3268 t,
522 3186 563 3250 Ut
578 3183 635 3251 lite
650 3205 717 3250 noa
732 3184 847 3271 cont).
869 3180 1030 3262 Secundo,
1055 3183 1082 3249 si
1098 3182 1253 3251 dominus

113 3319 130 3356 a
153 3292 269 3383 (capite
291 3292 437 3359 Carnam
461 3295 514 3376 17,
535 3290 575 3358 da
596 3290 712 3381 Officia
733 3288 862 3379 delen).
891 3290 1007 3369 Tertio,
1033 3289 1062 3355 si
1078 3289 1184 3358 socius
1199 3292 1265 3367 vel

24 3419 25 3430 ²
114 3427 130 3461 a
153 3398 275 3489 collega
289 3399 405 3489 (capite
422 3400 505 3467 Cum
521 3402 558 3467 ll.
579 3401 632 3483 35,
651 3395 798 3486 ejusdem
814 3395 923 3486 tituli).
948 3398 1087 3480 Orrarto,
1105 3398 1133 3464 si
1153 3398 1253 3465 femi-

114 3536 131 3569 «
154 3506 255 3592 liaris,
275 3528 397 3594 magna
417 3504 549 3591 scilicet,
567 3528 632 3573 nou
648 3502 776 3570 modica
792 3502 1011 3571 familiaritate
1027 3503 1143 3593 (capite
1161 3506 1250 3572 lusi-

24 3613 25 3616 ’
115 3641 130 3675 a
152 3626 273 3681 nuaatc
285 3617 341 3697 25,
358 3612 504 3702 ejusdem
519 3612 595 3701 tit).
615 3613 750 3695 Quinto,
769 3612 798 3678 si
812 3618 968 3702 patronus
983 3609 1035 3678 vel
1052 3611 1151 3680 cliens
1169 3613 1250 3702 (lege

24 3749 25 3754 ¹
115 3710 570 3810 ach5‚ff.clc.lurejur.).

159 3832 224 3895 «3⁰
246 3826 383 3909 Quando
405 3826 507 3917 judex
535 3834 700 3894 recusatus
727 3825 823 3893 habet
847 3826 1021 3916 specialem
1046 3827 1249 3897 affectionem

114 3964 130 4001 α
153 3960 231 4027 erga
244 3958 373 4005 causam
389 3956 464 4024 quae
486 3933 679 4024 proponitur
698 3933 733 3999 iu
745 3931 879 4022 judicie.
903 3932 1013 4001 Talem
1031 3933 1148 4003 habere
1169 3958 1249 4005 cen-

114 4066 130 4103 «
154 4048 253 4126 setar,
270 4039 392 4130 pomo,
408 4038 435 4105 si
450 4039 486 4105 in
499 4037 612 4107 eodem
628 4037 758 4126 negotiu
772 4037 874 4127 egerit
893 4038 1087 4107 advocatum
1104 4042 1155 4109 vel
1170 4068 1248 4135 pre-

24 4199 25 4202 ,
115 4174 131 4209 a
154 4158 344 4215 curatorem.
360 4144 521 4225 Secundo,
537 4145 565 4212 si
579 4155 615 4213 ut
625 4146 774 4236 privatus
785 4146 929 4214 similem
940 4169 1070 4215 causam
1084 4148 1200 4219 habeat
1213 4155 1247 4220 in

24 4313 25 4342 Ξ
116 4279 132 4316 a
155 4252 216 4321 alio
229 4252 397 4321 tribunali.
414 4253 530 4335 Tertio,
548 4252 575 4318 si
591 4274 631 4319 ex
644 4274 740 4319 causa
756 4251 921 4342 injudicio
936 4254 1100 4344 proposita
1111 4260 1247 4347 speciale
