3050 4984
555 476 629 521 runs
653 474 797 521 securene.
1180 457 1243 520 205

107 622 123 659 ιι
147 594 291 681 adhibet,
309 603 346 664 ut
361 596 484 664 crimen
500 603 704 687 extorqueat,
723 596 763 664 de
784 618 848 686 quo
870 594 964 663 nulla
980 608 1095 663 extant
1110 595 1244 676 indicia,

108 730 125 766 ι
150 704 304 793 infamia,
323 716 383 771 aut
386 702 554 795 probatio.
574 730 590 767 u
614 702 816 793 (Pellegrini,
833 710 923 793 parte
940 706 972 788 l,
989 711 1065 770 sect.
1085 708 1117 790 9,
1135 726 1250 771 nume·

107 810 153 877 ris
171 814 203 897 9,
224 814 262 877 12
278 818 310 878 et
326 811 393 899 15.)

151 972 208 1039 lll.
231 974 272 1039 Ut
286 971 431 1062 lepitime
443 994 516 1039 reus
531 973 764 1061 interropetur,
789 970 967 1061 requiretur
986 984 1025 1039 ut
1035 971 1130 1061 prius
1144 974 1251 1065 eijc-

109 1079 171 1146 daz
185 1078 314 1157 indicet,
332 1101 484 1170 quanam
497 1091 611 1146 contra
627 1078 738 1168 ipsum
745 1077 908 1145 habeatur
917 1078 1082 1167 probatio,
1094 1078 1147 1147 vel
1161 1104 1250 1171 quee-

109 1208 190 1252 nam
205 1184 327 1252 iudicia
341 1184 471 1274 gracia,
488 1184 540 1252 cel
551 1207 708 1275 quanam
724 1184 877 1275 infamia.
893 1222 937 1235 -
952 1185 1121 1276 Duplirem
1136 1187 1175 1254 de
1192 1188 1253 1257 hoc

111 1294 268 1359 rationem
279 1291 372 1360 effert
384 1292 588 1379 pellegrinus
602 1292 683 1379 (loco
693 1290 802 1377 citato,
813 1312 848 1356 n.
863 1292 915 1379 11)
928 1317 936 1357 :
949 1317 966 1354 ι
978 1291 1103 1374 Primo,
1115 1301 1152 1359 ut
1163 1315 1251 1378 reus,

115 1426 131 1461 ι
153 1422 228 1467 cum
249 1400 311 1465 sihi
332 1398 453 1467 indicia
474 1398 732 1481 manifestentur,
748 1418 824 1487 quae
845 1407 958 1465 contra
972 1419 1046 1466 eum
1068 1408 1158 1485 sunt,
1174 1401 1254 1468 sciat

115 1532 131 1569 ι
154 1530 187 1573 se
203 1529 272 1574 esse
286 1507 320 1573 in
336 1515 467 1575 eostatn
481 1514 518 1574 ut
532 1514 679 1573 teneatur
696 1504 891 1595 respondere
903 1505 1072 1572 veritatem
1084 1505 1186 1596 judici
1202 1508 1253 1575 in·

117 1640 133 1677 ιι
156 1614 354 1701 terrognnti3
372 1614 450 1703 quia
462 1624 635 1701 antequam
652 1612 732 1679 sciat
746 1634 781 1677 se
794 1609 937 1699 legitime
951 1622 983 1679 et
994 1610 1134 1701 juridice
1151 1613 1255 1681 inter-

118 1746 133 1782 ιι
156 1722 277 1809 rogari,
296 1742 361 1788 non
377 1728 506 1787 tenetur
519 1719 691 1786 veritatem
707 1718 737 1785 ei
753 1718 1050 1809 propalare,ncque
1065 1720 1099 1785 in
1109 1721 1181 1788 loro
1194 1744 1256 1789 ex-

119 1856 135 1892 ι
156 1828 280 1911 teriori,
297 1850 404 1918 neque
424 1828 458 1894 iu
484 1825 630 1895 interiori
646 1828 681 1893 in
702 1827 799 1894 rebus
817 1826 955 1915 magnis,
973 1826 1095 1894 scilicet
1108 1829 1254 1915 honoris,

30 1932 32 2025 l
119 1962 135 1998 ι
159 1937 268 2022 famae,
285 1935 375 2021 vitae,
392 1936 567 2019 bonorum,
584 1934 612 1999 si
627 1942 721 2023 putat
735 1932 890 2000 delictum
904 1954 973 2000 esse
995 1935 1157 2003 occultum
1177 1938 1256 2005 etei

30 2070 35 2119 t
119 2070 135 2106 ι
158 2065 225 2110 non
239 2052 362 2110 constet
376 2041 466 2133 quod
480 2041 624 2129 legitime
641 2041 877 2129 interrogetur;
895 2062 988 2108 secus
1009 2042 1043 2107 in
1068 2044 1166 2109 rebus
1179 2066 1256 2133 pnr-

30 2168 31 2247 j
120 2176 136 2213 ι
159 2151 208 2217 vis
221 2160 251 2218 et
263 2150 452 2235 levioribus
469 2150 496 2215 si
511 2149 591 2217 sciat
607 2147 750 2240 judicem
764 2170 832 2215 esse
848 2148 956 2215 virum
972 2148 1110 2237 probum
1132 2159 1163 2217 et
1178 2152 1256 2219 doc-

30 2272 31 2341 ]
122 2284 138 2321 ι
160 2266 245 2341 tum;
271 2279 346 2324 nam
371 2266 449 2325 tunc
466 2265 593 2323 tenetur
607 2256 636 2322 ei
652 2254 795 2339 credere,
813 2264 845 2321 et
863 2255 1028 2322 veritatem
1055 2254 1171 2325 dicere.
1190 2262 1256 2326 Se-

123 2392 139 2429 ιι
161 2363 276 2444 cwrdc,
295 2374 330 2432 ut
345 2365 446 2455 possit
459 2386 493 2431 se
506 2384 648 2453 purgare
662 2371 694 2429 et
709 2360 816 2428 dicere
831 2370 944 2429 contra
960 2361 1081 2429 indicia
1095 2364 1255 2455 quidquid

30 2490 31 2543 t
124 2497 140 2535 u
160 2472 234 2561 jure
245 2472 395 2561 potuerit.

166 2604 183 2641 ι
203 2577 298 2646 Unde
313 2578 477 2645 conclusio
496 2584 555 2661 est,
579 2586 614 2643 ut
629 2576 658 2643 si
678 2573 870 2667 procedatur
884 2575 1044 2665 perviam
1072 2575 1257 2668 inquisitio-

30 2684 32 2765 ,
126 2712 141 2749 ιι
163 2686 226 2767 nis,
253 2687 366 2753 debeat
393 2685 441 2751 illi
466 2694 611 2753 constare
633 2684 673 2750 de
689 2684 824 2751 infamia
842 2709 849 2749 :
866 2684 893 2749 si
909 2683 962 2750 vin
976 2685 1199 2772 accusationis,
1216 2688 1257 2756 de

30 2830 31 2879 j
126 2821 142 2859 ι
164 2793 358 2884 semi-plena
373 2794 582 2883 probatione;
598 2791 630 2858 id
653 2800 712 2877 est,
741 2798 778 2858 ut
798 2792 840 2858 sit
859 2791 948 2858 testis
968 2792 1058 2858 omni
1071 2795 1258 2883 exceptione

127 2929 142 2966 ι
165 2902 287 2994 major;
309 2902 386 2992 quia
411 2902 438 2967 si
458 2908 561 2990 potest
583 2908 695 2967 contre
715 2921 820 2966 unum
839 2907 953 2965 testem
968 2900 1162 2991 semi-plene
1175 2924 1257 2993 pro-

30 3062 31 3095 ,
128 3036 142 3074 ι
166 3011 293 3077 bantem
308 3009 431 3099 aliquid
442 3007 583 3096 juridice
598 3006 733 3097 opponi,
749 3028 816 3074 non
837 3006 914 3073 lacit
928 3005 1070 3097 amplius
1084 3010 1258 3101 semi-ple-

30 3200 31 3213 }
129 3144 145 3181 ι
166 3140 239 3186 nam
265 3117 497 3209 probationem.
523 3115 563 3181 Et
587 3113 736 3181 similiter
760 3114 879 3181 debent
905 3114 952 3180 illi
977 3115 1116 3205 proponi
1140 3115 1260 3186 indicia

131 3252 145 3289 ι
167 3248 239 3316 quaa
254 3224 356 3315 judex
371 3234 483 3290 contre
498 3244 574 3289 eum
588 3221 702 3305 habet;
717 3242 793 3288 nam
810 3222 836 3287 si
853 3220 1022 3305 sintlevia,
1040 3222 1108 3289 vim
1123 3245 1188 3291 non
1200 3223 1259 3292 ha·

133 3360 147 3395 ιι
168 3334 242 3401 hent
256 3383 308 3416 ...,
326 3340 357 3399 et
372 3338 604 3420 consequenter
624 3328 797 3418 procedere
818 3349 884 3394 non
907 3336 1035 3415 posset:
1053 3330 1166 3417 gravia
1181 3354 1260 3399 vero

133 3464 147 3499 ι
166 3438 302 3527 juridice
316 3437 451 3528 probata
465 3456 534 3502 esse
550 3435 667 3502 debent
678 3434 863 3501 testimonio
877 3432 1017 3502 duorum
1028 3436 1158 3505 testium
1171 3440 1261 3506 omni

135 3571 149 3607 ι
170 3545 354 3636 exceptione
371 3542 546 3632 majorum.

174 3652 361 3742 «Alioquin
377 3650 405 3717 si
420 3672 495 3717 reus
515 3650 746 3737 interrogetur,
773 3648 823 3715 his
841 3669 908 3716 non
925 3649 1135 3741 manifestatis
1151 3701 1204 3736 ...,
1219 3650 1261 3719 de

136 3784 150 3821 ιι
171 3759 277 3849 aliquo
290 3757 414 3826 occulto
427 3757 576 3839 crimine,
593 3755 633 3823 de
648 3778 714 3846 quo
732 3777 796 3822 non
817 3764 866 3822 est
883 3754 1030 3842 infamia,
1055 3778 1113 3825 nec
1129 3757 1258 3843 indicia,
1368 3846 1372 3852 .

30 3928 31 3963 ,
137 3889 151 3927 ι
172 3886 229 3933 nec
241 3864 434 3955 semi-plena
449 3862 608 3952 probatio,
622 3884 687 3929 non
702 3872 847 3950 peccaret
860 3862 888 3927 si
903 3861 1058 3929 celaret.»

173 4026 228 4093 lv.
247 4026 321 4095 Nou
337 4037 446 4091 tamen
461 4035 590 4091 tenetur
598 4020 717 4113 judea,
734 4034 913 4112 antequam
926 4044 1017 4089 reum
1032 4021 1218 4112 iutmopet,
1233 4028 1265 4093 εἰ

137 4134 256 4224 copiam
270 4130 397 4200 tradere
409 4152 573 4223 processus
587 4128 801 4220 informativi.
819 4167 863 4180 -
887 4129 984 4196 Posse
1004 4151 1096 4196 reum
1118 4127 1263 4200 interro-

138 4242 199 4329 gari
227 4240 305 4333 quin
322 4238 417 4306 dicta
447 4237 537 4328 copia
566 4237 594 4303 ei
626 4235 785 4324 trudetur,
815 4242 1003 4327 supponunt
1038 4235 1147 4324 plures
1178 4238 1263 4332 juris
