3050 4984
523 494 598 543 PARS
623 495 770 544 emma,

70 938 138 999 Quid
146 937 351 991 mundanus
358 939 515 1004 exprobrata
522 940 694 993 ffiuwtbm
704 938 1011 1007 inquisitionisiujastitis
1020 947 1046 995 at
1053 942 1218 1011 erudelitate,

28 1180 33 1189 ·
114 1154 226 1236 Quam
239 1155 357 1224 aeriter
368 1162 402 1224 et
415 1165 538 1249 quanta
553 1155 761 1225 voluminum
779 1157 862 1226 mols
883 1157 919 1226 in
940 1158 1102 1249 ejusmodi
1121 1159 1228 1229 insti-¹

70 1262 232 1332 tutiomm
254 1262 427 1355 scriptores
447 1262 683 1355 quamplurimi
702 1263 851 1333 insectati
870 1266 949 1351 sint,
972 1286 1070 1335 nemo
1090 1276 1138 1335 est
1158 1268 1217 1360 qni

70 1369 213 1461 ignoret.
245 1370 298 1439 Ad
325 1370 420 1461 eujus
444 1368 646 1460 arguendam
672 1371 862 1462 injustitiam
893 1380 990 1463 atque
1017 1372 1214 1461 barbariem,

69 1475 196 1567 ubique
215 1496 365 1545 meamus
383 1498 493 1566 rogos,
514 1476 703 1545 sevientem
724 1484 898 1563 tenuram,
918 1480 1155 1571 pretermissas
1173 1502 1214 1548 ex

68 1580 147 1673 jure
175 1580 316 1652 naturali
338 1583 534 1652 necessarias
554 1582 779 1668 iormabtaten,
805 1591 901 1675 atque
930 1582 1006 1653 inde
1029 1606 1143 1655 manea
1161 1586 1218 1676 ju-

72 1689 174 1777 dicia,
190 1690 234 1758 ob
246 1689 358 1760 oeulos
372 1698 529 1781 perpetuo
544 1690 674 1758 sistunt.

117 1796 319 1867 Phantasma
342 1805 450 1866 tamen
474 1795 620 1888 prudens
638 1796 775 1889 quisque
800 1797 827 1864 si
850 1796 1048 1867 intrinsecus
1067 1798 1216 1888 rimetur,

71 1911 104 1973 et
130 1902 215 1995 quid
237 1904 273 1971 in
301 1924 370 1972 aese
397 1904 497 1973 luerit
525 1906 595 1995 ipsa
624 1902 780 1971 Eoelesiae
799 1903 959 1973 institutio
982 1904 1156 1995 expendat,
1183 1908 1220 1975 in

70 2009 204 2079 sumum
233 2020 330 2103 atque
360 2011 491 2080 inanem
520 2009 671 2079 umbram
701 2018 883 2078 monstrum
912 2032 1104 2080 evanescere
1128 2035 1218 2081 eom-

70 2119 190 2209 periet.

114 2224 231 2317 Neque
250 2226 339 2294 enim
357 2226 417 2295 boo
434 2226 469 2293 iu
492 2246 528 2294 ne
545 2224 626 2316 quid
647 2223 825 2293 identidem
848 2224 975 2315 iudicas
997 2248 1018 2293 a
1041 2235 1127 2297 recto
1149 2234 1219 2296 tra-

66 2331 146 2400 mite
174 2331 294 2401 alieubi
316 2330 574 2401 exorbitaverint
595 2329 839 2399 attendendum.
864 2329 901 2398 Id
931 2353 997 2401 non
1025 2332 1095 2425 ipsa
1118 2334 1214 2406 insti·

69 2440 155 2508 tutio
176 2445 236 2525 est,
252 2439 308 2507 sed
324 2438 536 2508 institutionis
554 2438 688 2508 abusus.
706 2437 833 2507 Pronos
849 2446 957 2507 auum
981 2460 1050 2509 asse
1070 2439 1217 2510 homines

66 2566 130 2637 pru
152 2544 326 2635 tragilitate
340 2568 401 2615 sua
414 2544 455 2614 ad
473 2544 675 2614 abutendum
693 2544 791 2612 rebus
806 2566 905 2636 quam
926 2546 1058 2637 optimis
1080 2549 1217 2639 vulgare

68 2653 205 2722 effatum
221 2662 280 2722 est.
304 2653 543 2722 Institutionum
562 2673 643 2741 ergo
658 2651 762 2742 ipsam
782 2651 911 2743 qualem
931 2650 1075 2723 decrevit
1090 2663 1122 2725 et
1135 2678 1217 2748 pro-

67 2760 162 2829 bavit
185 2759 339 2847 Ecclesia,
362 2780 428 2830 non
452 2760 586 2846 abusus,
613 2780 695 2850 qnos
722 2760 844 2827 nedum
867 2760 1065 2849 probaverit,
1090 2782 1218 2854 semper

67 2867 244 2937 abborruit
266 2876 298 2936 et
318 2866 497 2952 damnavit,
520 2868 676 2957 tantisper
693 2864 936 2956 expendamus3
956 2874 987 2935 et
1011 2890 1090 2938 num
1112 2868 1216 2960 injus-

67 2975 150 3045 titiae
164 2974 404 3043 crudelitatisve
416 2972 639 3042 insimulanda
653 2972 696 3039 sit
708 2973 935 3063 exquiramus.

111 3081 347 3151 'tribunalium
361 3102 460 3172 porro
473 3079 694 3173 inquisitionis
706 3077 867 3147 institutio
879 3080 1042 3171 praecipue
1056 3083 1144 3174 carpi
1162 3106 1216 3152 so-

66 3192 112 3260 let
131 3212 178 3259 ex
198 3188 407 3281 sequentibus
428 3186 610 3279 capitibus:
630 3190 663 3253 1⁰
683 3206 725 3253 ex
745 3206 785 3253 eo
809 3186 897 3277 quod
923 3188 1035 3255 multa
1056 3188 1214 3259 ordinarii

64 3296 186 3388 judieii
202 3295 413 3364 formalitates
434 3296 641 3380 omittantnr;
658 3296 692 3360 2⁰
715 3313 756 3360 ar
780 3293 923 3383 eoquod
943 3294 976 3361 in
1001 3302 1097 3363 testes
1115 3297 1214 3365 adhi-

66 3404 212 3474 beantur
232 3401 390 3471 inhabiles
404 3410 437 3469 et
451 3401 547 3469 etiam
562 3400 810 3488 consangninei3
830 3402 863 3466 3·
875 3420 916 3467 ex
938 3402 1083 3492 eoquod
1106 3404 1222 3472 oeten-¹

67 3518 123 3581 tur
140 3530 201 3579 reo
221 3510 351 3578 lesbum
372 3508 522 3594 nomina3
537 3510 571 3574 t⁰
586 3529 629 3575 ex
646 3529 686 3575 eo
709 3506 798 3597 quod
821 3506 999 3597 denegetur
1021 3508 1211 3603 appellatio;

69 3620 103 3683 b·
126 3638 173 3685 ex
195 3616 344 3707 eoquod
372 3615 564 3683 adhibeatur
592 3620 734 3692 tortum
764 3616 798 3679 6ο
828 3612 959 3680 tandem
985 3635 1027 3682 ex
1054 3636 1093 3683 eo
1123 3617 1210 3707 quod

66 3722 218 3792 damuati
237 3720 381 3790 haeretiei
401 3742 498 3813 poena
519 3720 631 3788 mortis
649 3718 729 3787 olim
748 3718 966 3806 afficerentur,
992 3727 1024 3788 et
1050 3721 1125 3811 igne
1143 3722 1212 3791 vivi

67 3830 352 3900 eombnrerentur.
375 3830 476 3921 Atqui
500 3849 542 3898 ex
570 3826 670 3895 nullia
690 3826 760 3894 istis
784 3825 942 3917 capitibus
964 3826 1132 3918 injustitia
1156 3838 1220 3897 ant

67 3932 273 4004 crudelitatis
286 3933 469 4001 insimulari
481 3941 585 4023 potest
599 3930 683 4000 diota
700 3930 887 4000 institutio:
1202 3936 1219 4003 ,¹

111 4043 140 4110 1.
158 4041 264 4112 Nulla
277 4040 394 4109 merito
406 4040 509 4132 objici
516 4052 624 4134 potest
634 4038 814 4131 injustitia,
830 4061 871 4107 ea
885 4061 922 4108 eo
934 4038 1023 4131 qaod
1033 4044 1215 4111 summarie

63 4147 245 4242 praedm
250 4158 372 4239 queunt
380 4147 596 4239 musitasse.
606 4146 740 4216 -Nsm
753 4144 918 4237 injudicio
925 4146 1022 4214 etiam
1030 4150 1215 4218 summario

67 4256 197 4329 mi
220 4255 339 4324 debent
363 4256 575 4328 formalitstes
599 4276 726 4342 omnes,
752 4274 827 4344 qum
853 4252 893 4321 de
914 4252 989 4342 jure
1014 4254 1162 4337 naturali¹
1181 4258 1219 4330 in·
