3050 4984
294 464 360 531 tto
671 480 847 529 mscrtrus
869 482 908 529 uu
930 480 1063 530 marma.

296 633 315 671 a
336 617 368 674 at
395 604 486 675 doli:
516 604 573 675 illa
596 604 685 684 enim
714 626 814 691 anno,
841 604 914 672 hnc
937 604 1069 673 biennio
1094 602 1249 673 continuo
1269 601 1435 671 linitur.»

295 709 607 802 (Schmalzgrueben
623 710 659 779 in
674 710 723 779 tit.
741 714 797 798 11,
814 709 890 779 libri
908 713 921 777 1
942 710 1083 795 Deerat,
1101 732 1134 778 n.
1154 710 1222 799 39.)

338 816 479 899 Quaene
506 821 574 885 10⁸.
597 854 642 869 -
669 816 794 901 01111111
816 816 851 885 in
866 814 1003 899 casibus,
1020 838 1087 885 non
1105 816 1439 908 obstantcpramissa

293 924 438 1015 perterali
449 924 576 1016 rapula,
592 924 695 992 etiarn
706 924 798 1015 lapso
813 922 1030 1014 quadriennio
1041 923 1206 992 restitutio
1216 922 1348 993 cosmedi
1356 945 1439 1015 pas·

291 1030 355 1099 sit?
369 1070 414 1083 -
442 1032 592 1101 Ecclesiae
617 1030 804 1101 conceditur
830 1028 1008 1118 restitutio,
1029 1031 1126 1099 etiam
1155 1040 1229 1121 post
1257 1030 1438 1123 quadrien·

292 1137 398 1223 nium,
409 1138 533 1230 primo,
551 1139 580 1207 si
593 1138 655 1208 boc
669 1137 885 1231 quadriennio
899 1136 1006 1206 adbuc
1019 1137 1140 1207 vixerit
1150 1136 1324 1227 Praelatus,
1341 1138 1438 1230 cujus

292 1252 458 1313 contractu
473 1244 614 1319 Ecclesia
628 1244 707 1314 laesa
729 1243 795 1313 11111
810 1270 818 1314 :
837 1243 988 1327 secundo,
1005 1246 1032 1311 si
1047 1244 1231 1336 trequentes
1246 1252 1278 1313 et
1294 1244 1439 1336 repenti-

291 1373 345 1420 nas
360 1351 577 1422 Praelatorum
593 1352 789 1421 mutationes
802 1352 863 1420 boc
876 1350 1093 1443 quadriennio
1107 1352 1200 1421 factas
1215 1352 1280 1419 sint
1297 1378 1305 1419 ε
1324 1353 1434 1433 tertio,

292 1458 320 1526 si
335 1460 427 1529 laesio
452 1458 552 1528 tuerit
565 1458 721 1528 enormis.
752 1457 848 1548 (Vide
876 1457 948 1526 lraec
962 1456 1050 1549 apud
1071 1457 1375 1549 Sabmalagrueber,
1402 1460 1436 1526 in

292 1565 342 1633 tit.
362 1569 416 1653 11,
432 1566 511 1635 libri
528 1570 541 1633 1
558 1566 701 1653 Deerat,
719 1588 754 1634 n.
777 1565 845 1655 111.)

334 1672 517 1741 Minoribus
532 1680 689 1743 autemst
705 1673 897 1765 majoribus,
914 1673 1024 1765 elapso
1035 1671 1264 1764 quadriennio,
1278 1696 1345 1743 non
1358 1694 1438 1743 cen-

292 1780 417 1849 ceditur
430 1779 603 1849 restitutio.
622 1778 735 1871 (thid,
752 1801 787 1848 u.
805 1782 874 1870 41.)

336 1890 480 1971 Qunarro
497 1890 566 1955 111.
582 1926 627 1939 -
640 1890 691 1956 An
703 1887 867 1958 restitutio
884 1890 919 1958 in
933 1888 1098 1979 inteprum
1111 1898 1227 1956 contra
1242 1888 1438 1956 senteruiam

287 1994 425 2087 judicis,
441 1994 618 2085 saperda
637 1994 710 2085 ejus
734 1996 973 2065 executionem?
987 2032 1033 2047 —
1052 1993 1261 2063 «Dicendum
1275 2002 1335 2080 est,
1350 1992 1439 2086 quod

296 2125 315 2167 a
338 2100 498 2169 restitutio
514 2101 710 2189 reguariter
723 2099 901 2191 suspendat
916 2101 1162 2187 executionem
1178 2101 1241 2169 nisi
1254 2116 1297 2171 ex
1310 2100 1439 2191 conjac-

298 2234 317 2273 1
338 2207 422 2275 turis
433 2208 587 2298 praesumi
603 2216 722 2299 posset,
739 2206 827 2299 quod
847 2232 885 2277 ea
911 2216 1039 2278 tantum
1054 2207 1096 2276 ud
1110 2208 1359 2300 protelationem
1373 2208 1440 2275 litia

299 2337 318 2379 a
339 2320 513 2405 peteretur.
532 2340 549 2379 a
567 2313 695 2405 (Engal,
709 2314 745 2383 in
759 2314 811 2384 tit.
831 2319 887 2403 11,
901 2315 978 2385 libri
997 2320 1011 2384 1
1030 2316 1171 2398 Deerat„
1189 2337 1224 2384 n.
1243 2315 1312 2405 10.)

758 2636 902 2709 CAPUT
926 2636 983 2709 111.

467 2848 574 2897 Nom
596 2848 782 2897 PROOEDENDI
804 2851 835 2896 lN
858 2851 961 2897 CAUSIS
982 2848 1274 2897 assumeremus.

340 3078 525 3168 Antequam
540 3076 712 3168 specialem
736 3078 771 3146 in
786 3078 997 3170 expediendis
1011 3079 1118 3149 causis
1143 3077 1439 3147 matrimonialibus

296 3181 514 3251 adhibendam
530 3206 679 3253 normam
693 3207 910 3277 exponamus,
928 3183 1195 3278 praemittendum
1209 3195 1270 3273 est,
1286 3206 1437 3277 quasnam

298 3312 404 3360 causas
429 3290 691 3361 matrimoniales
705 3292 840 3384 proprie
865 3292 1027 3381 dicantur,
1045 3301 1077 3362 et
1097 3291 1199 3384 judici
1226 3290 1439 3361 eeclesiastico
1510 3354 1511 3363 2

300 3397 498 3489 subjaceant.

346 3504 518 3596 «Proprie
546 3504 606 3574 boc
626 3506 758 3575 uomina
786 3504 841 3597 (ait
864 3502 1166 3599 Scbmalzgrueber)
1196 3505 1333 3575 veniunt
1357 3504 1437 3591 illae,

303 3636 321 3677 a
343 3610 464 3703 quibua
476 3612 697 3680 conuenersia
711 3620 742 3680 et
754 3614 892 3704 quaestio
905 3623 965 3703 est,
981 3615 1021 3682 de
1034 3612 1233 3684 matrimonii
1248 3621 1280 3681 et
1300 3634 1438 3704 sponsa·-

302 3744 320 3783 a
342 3717 426 3786 lium
442 3726 570 3802 natura,
587 3718 811 3809 qualitatibus,
826 3729 992 3790 contractu
1007 3729 1039 3790 et
1063 3718 1341 3790 benedictionibus
1355 3742 1438 3810 nup

303 3850 321 3889 a
344 3824 476 3893 tialibua
493 3850 501 3891 z
519 3822 559 3892 de
573 3822 751 3915 conjugum
767 3835 798 3895 et
815 3849 1010 3919 sponsorum
1022 3826 1152 3919 juribus
1178 3833 1210 3895 et
1233 3824 1439 3915 obligationi·
1509 3824 1510 3829 ’

301 3932 415 4017 «bus,
432 3930 513 3999 ortis
540 3952 582 3999 ex
606 3940 774 4003 contractu
799 3934 988 4026 sponsalitio
1015 3934 1067 4003 vel
1098 3932 1329 4002 matrimoniali
1362 3959 1370 3999 ι
1399 3931 1437 4000 de

303 4064 320 4104 e
344 4037 544 4130 sponsahum
569 4046 601 4105 et
626 4038 825 4109 matrimonii
850 4041 973 4130 valore,
999 4049 1032 4109 et
1057 4040 1097 4109 de
1125 4040 1332 4131 legitimitate
1362 4060 1435 4130 pro-

304 4146 427 4215 elium
449 4166 491 4212 ex
517 4143 692 4215 iateorta:
682 4144 783 4214 ·de
774 4168 922 4238 ipsorum
937 4148 1206 4269 impedimentis:
1223 4146 1509 4237 dispensatio·
1508 4180 1509 4183 ¹

305 4250 476 4324 unibus'
467 4273 501 4319 m
527 4250 716 4345 hujusmodi
744 4253 1035 4344 impedimentisr'
1026 4254 1128 4346 1psius
1154 4252 1355 4324 matrimonii
1385 4252 1437 4320 vel
1508 4212 1509 4296 1
