3050 4984
559 448 634 495 rans
657 448 802 495 emmor.
1187 430 1247 494 173

107 609 168 678 pra
197 585 340 654 stabilita
368 586 521 655 recedunt
544 588 642 655 etiam
672 587 841 655 nonnulla²
867 586 1092 677 exceptionum
1120 588 1252 678 species,

106 716 250 786 nempe:

157 827 173 864 r
189 801 316 882 Primo,
334 804 541 892 exceptiones
553 801 717 871 dilatoriae
733 823 808 893 quar
821 822 1009 893 processum
1026 813 1113 869 retro
1124 802 1257 869 rinellum

113 934 131 969 a
156 906 298 975 reddunt
322 909 454 1000 :qualis
479 918 526 976 est
547 908 694 999 exceptio
712 907 787 977 falsi
811 910 1031 999 procuratoris
1050 908 1133 999 (lege
1154 908 1254 991 Licet,

112 1042 129 1077 e
158 1018 213 1101 rt,
230 1037 260 1083 c.
283 1014 323 1083 de
339 1018 489 1104 Procne.)
518 1016 690 1105 :exceptio
711 1015 784 1082 falsi
799 1016 915 1083 tutoris
938 1015 1111 1107 :exceptio
1131 1014 1258 1083 incom-

113 1148 130 1185 e
155 1122 294 1212 petentis
311 1122 445 1213 judicis,
465 1122 492 1189 si
508 1122 581 1189 talis
600 1122 655 1189 ille
674 1123 727 1208 sit,
752 1122 787 1189 in
810 1144 908 1213 quem
930 1144 1006 1213 pars
1027 1121 1159 1210 litigans
1179 1144 1259 1189 con-

112 1254 130 1291 e
159 1228 278 1295 sentire
293 1251 360 1296 non
373 1229 515 1321 possit...
536 1228 751 1320 Proceditqne
766 1228 840 1313 hoc,
858 1238 895 1296 ut
907 1228 1097 1318 hujusmodi
1112 1230 1258 1319 exceptio

114 1362 132 1399 e
156 1336 276 1426 opponi
301 1335 402 1425 possit
420 1336 519 1403 etiam
540 1344 612 1425 post
633 1335 850 1417 seutentiam
868 1357 945 1403 nam
962 1358 1038 1403 cum
1055 1336 1098 1402 sit
1113 1335 1259 1426 exceptio

112 1469 131 1506 a
155 1442 327 1528 nuditatis,
345 1444 598 1534 omnitempore
611 1443 733 1535 opponi
749 1450 864 1533 potest.

160 1577 176 1615 e
199 1550 360 1633 Secrmdo,
384 1551 590 1642 exceptiones
611 1573 686 1641 quae
701 1572 883 1641 precamen
899 1551 1110 1619 successivum
1125 1550 1257 1631 tradent,

113 1684 131 1722 e
155 1657 205 1725 nti
218 1666 269 1725 cst
283 1659 430 1749 exceptio
445 1658 506 1726 loci
524 1680 590 1725 non
606 1657 680 1743 tuti,
697 1658 832 1725 termini
845 1657 989 1747 angnrsti,
1007 1657 1178 1745 feriarum,
1195 1668 1256 1727 etc.

161 1765 311 1846 «Tertio,
330 1765 477 1857 exceptio
491 1763 845 1834 excommunicationis
863 1763 996 1854 majoris
1015 1792 1021 1831 :
1040 1788 1117 1833 nam
1138 1765 1209 1833 haec
1225 1767 1259 1832 in

114 1894 363 1963 «quacumque
397 1880 487 1961 parte
517 1871 633 1963 judicii
671 1870 823 1939 dilatoria
853 1871 972 1962 opponi
1010 1881 1112 1961 potest
1145 1872 1260 1964 (capite

114 2008 133 2044 e
158 1979 405 2069 deceptionem,
425 1982 479 2065 12,
497 1978 536 2046 de
550 1978 821 2069 Exceptionibns,
839 1985 931 2045 -et
953 1978 1056 2068 capite
1074 1978 1146 2062 Pie,
1172 1980 1260 2070 ejus·

114 2116 131 2149 «
158 2087 234 2154 dem
252 2086 350 2171 tituli,
368 2088 403 2153 in
416 2088 460 2176 6).

163 2215 179 2253 a
206 2194 346 2273 Quarto,
365 2190 484 2281 opponi
501 2191 557 2258 lite
572 2199 758 2277 contestata,
775 2192 844 2258 imo
859 2192 894 2258 in
912 2192 982 2282 ipsa
997 2194 1184 2261 executione
1197 2217 1259 2284 po-

114 2327 132 2361 a
159 2305 221 2365 test
236 2296 384 2387 exceptio
399 2298 638 2387 competentiae.

163 2431 180 2468 e
207 2404 343 2487 Quinto,
368 2414 439 2493 post
459 2412 669 2472 contestatam
684 2404 776 2472 litem
793 2405 900 2496 excipi
917 2413 1019 2496 potest
1040 2407 1080 2473 de
1100 2406 1260 2499 ineptitu-

15 2571 16 2574 ,
118 2538 136 2575 e
161 2511 240 2578 dine
253 2510 397 2578 libelli...

164 2645 181 2682 e
204 2620 318 2697 Sento,
341 2626 417 2685 sunt
439 2628 470 2685 et
489 2618 562 2685 aliae
581 2620 789 2709 exceptiones
804 2618 977 2706 dilatoriae,
996 2620 1102 2711 ipram
1125 2644 1260 2689 cainam

15 2779 16 2788 ,
118 2751 135 2789 ι
160 2724 374 2814 respicientes,
399 2746 475 2816 quae
501 2734 653 2815 poterunt
680 2735 753 2817 post
772 2724 863 2793 litem
886 2734 1095 2793 contestatam
1118 2727 1214 2819 objici
1232 2738 1263 2796 et

15 2847 16 2920 ᾗ
118 2856 136 2893 e
160 2829 311 2921 probari;
329 2852 405 2897 cum
421 2852 488 2897 non
500 2830 649 2899 videatur
662 2852 737 2899 reus
750 2831 784 2898 in
800 2831 868 2899 ullo
884 2831 944 2897 sibi
962 2832 1175 2923 prejudicare
1189 2843 1262 2903 ante

119 2965 135 2999 a
159 2936 252 3004 litem
281 2958 347 3004 non
371 2936 598 3027 proponendo;
622 2959 697 3005 cum
727 2960 766 3005 ea
792 2960 865 3029 pne
893 2959 1029 3005 eausam
1054 2955 1259 3021 concernunt,

15 3103 16 3106 ,
120 3073 137 3109 ι
162 3045 294 3112 nonnisi
316 3044 490 3112 constituto
511 3044 635 3135 judicio
660 3047 725 3112 sint
748 3046 959 3136 proponenda
983 3055 1014 3113 et
1041 3047 1217 3115 tractanda.
1242 3075 1258 3113 n
1340 3082 1341 3085 π

120 3150 438 3241 (δαὴωαὶῑςτυεὴετ,
457 3152 527 3220 loco
541 3153 611 3238 cit,
627 3176 661 3219 n.
680 3152 748 3241 22.)

15 3321 16 3358 r
165 3257 308 3340 ansno
339 3263 385 3326 5².
413 3298 457 3311 -
484 3258 706 3342 erondonem
731 3259 874 3349 proponi
904 3257 1040 3327 debeant
1066 3264 1264 3353 exceptiones

15 3363 16 3452 ζ
113 3366 370 3457 peremptorie?
380 3404 426 3417 —
434 3366 627 3455 Respondeo
638 3366 832 3454 regulariter
845 3388 900 3433 eas
911 3374 983 3457 post
994 3374 1205 3437 contestatam
1217 3370 1264 3436 li-

15 3545 16 3560 *
120 3485 187 3541 tem
211 3495 280 3541 esse
296 3472 514 3565 opponendas.
534 3474 584 3540 lta
603 3474 824 3541 communiter
838 3473 983 3541 doctores
998 3483 1117 3542 eruunt
1136 3477 1264 3567 exlege

15 3567 16 3594 l
120 3580 296 3671 Siquidem
316 3582 361 3670 (9,
374 3603 403 3647 c.
421 3578 461 3647 de
475 3580 753 3671 Exceptionibns),
770 3588 801 3647 et
815 3602 856 3647 ex
872 3580 943 3669 lege
958 3583 1200 3673 Peremptorias
1216 3586 1261 3673 (2,

120 3712 150 3754 e.
169 3690 314 3755 Sentent.
331 3687 468 3755 rescind.
484 3690 671 3777 conpore).
687 3688 782 3755 Ratio
795 3688 930 3779 estquis
944 3686 1263 3783 hujusmodiexoep-

120 3795 229 3861 tiones
238 3794 375 3885 proprie
389 3802 466 3861 sunt
483 3793 628 3861 exclusio
649 3793 783 3861 actionis
806 3820 813 3860 :
831 3794 960 3861 excludi
974 3805 1084 3863 autem
1099 3807 1130 3864 et
1143 3797 1263 3888 perimi

15 3975 16 3980 ἵ
120 3899 205 3967 actio
226 3922 292 3967 non
314 3907 430 3989 potest,
450 3908 624 3992 antequam
640 3900 806 3992 proposita
821 3902 862 3967 sit
877 3902 911 3967 in
931 3902 1067 3993 judicio,
1085 3902 1171 3993 quod
1187 3928 1263 3975 con·

15 4075 16 4090 p
120 4008 271 4075 stituitur
284 4030 344 4098 per
355 4007 420 4074 litis
434 4008 712 4077 contestationem.

169 4114 298 4181 Dantur
320 4121 431 4181 tamen
453 4138 473 4180 a
493 4115 636 4203 generali
658 4115 714 4182 illa
741 4115 856 4204 regula
879 4116 1061 4184 recedentes
1076 4117 1192 4208 aliquae
1207 4142 1265 4189 ex·

15 4191 16 4278 l
123 4220 314 4314 ceptionum
333 4221 627 4312 peremptoriarum
645 4222 777 4313 species,
793 4244 933 4315 nempe:
