3050 4984
549 528 622 573 unns
650 526 795 572 sannaus.
1178 509 1239 571 227

149 649 179 713 1.
200 646 319 730 anad
330 669 446 715 causas
459 647 579 731 civita,
594 648 667 715 haee
680 646 897 716 abactoribus
910 646 995 716 tradi
1007 647 1111 716 solent
1124 674 1131 715 :
1147 650 1178 714 1⁰
1188 647 1245 714 de-

99 753 155 820 bet
168 752 272 845 judex
287 756 481 823 sententiam
496 754 582 823 terre
596 778 655 845 pro
672 754 727 823 illa
739 764 844 846 parte,
861 776 936 845 qaae
947 754 1002 846 jus
1012 778 1110 823 suum
1126 754 1247 846 proha·
1300 750 1303 757 ’

100 860 149 926 vit
162 861 345 929 rationibus
366 861 652 953 probabilioribus.
675 861 777 952 idque
789 861 924 930 omnino
938 869 1032 929 extra
1056 868 1246 930 connover-

98 968 182 1036 siam
201 977 260 1055 est,
284 992 358 1037 oum
386 968 568 1061 oppositam
594 969 785 1037 senentiam
811 990 965 1060 expresse
981 969 1247 1038 condemnaverit

99 1074 308 1145 Innocentius
330 1075 390 1163 xt,
408 1075 461 1143 die
487 1081 506 1143 2
524 1076 632 1145 martii
657 1080 754 1143 1679.
774 1076 822 1143 De
838 1098 906 1167 quo
920 1074 1017 1143 facile
1030 1076 1114 1143 ratio
1129 1084 1216 1165 patet
1235 1103 1242 1142 ε
1342 1077 1344 1082 ’

99 1180 185 1249 Nam
206 1210 222 1247 ι
247 1182 309 1251 hoc
331 1184 435 1273 exigit
444 1183 557 1275 primo
572 1188 691 1251 natura
703 1182 858 1273 justitire3
876 1204 951 1274 qna
968 1183 1070 1251 instar
1093 1182 1192 1250 laneis
1206 1204 1246 1249 eo

102 1312 119 1351 r
145 1287 289 1374 inclinat,
306 1288 363 1355 ubi
380 1287 485 1379 majus
497 1297 546 1355 est
558 1286 688 1380 pondus
700 1288 867 1357 rationum
880 1296 912 1355 et
925 1288 1042 1356 merita
1050 1310 1169 1355 cansa.
1185 1291 1246 1356 Se-

102 1420 119 1457 a
144 1394 261 1477 cundo,
273 1393 416 1467 offianm
427 1395 548 1486 judicis
562 1417 658 1475 ;nam
666 1394 769 1486 judex
778 1394 987 1463 constituitur
995 1415 1244 1486 aamexpressa,

101 1527 119 1565 ι
143 1499 196 1569 vel
210 1502 324 1571 saitem
339 1504 435 1573 tacita
450 1501 649 1591 obligatione
664 1501 901 1593 pronuntiandi
924 1501 1105 1570 seeundum
1121 1501 1246 1593 majora

102 1634 118 1671 ιι
143 1608 258 1675 merita
274 1630 392 1678 eausa.
415 1608 535 1691 Tertio,
553 1607 745 1677 rationabile
761 1607 963 1676 desiderium
978 1629 1091 1675 eorum
1108 1607 1165 1698 qui
1185 1607 1247 1698 jn-

102 1741 118 1777 ι
142 1714 224 1783 dicis
233 1715 409 1806 implorant
422 1715 603 1803 auxilium3
620 1716 672 1783 aui
683 1714 921 1783 rationabiliter
936 1716 1141 1800 irasceretur,
1150 1736 1247 1802 eum-

101 1844 207 1914 aque
227 1822 397 1915 injustitia
419 1824 630 1913 redargueret
656 1825 698 1911 is,
725 1824 785 1914 qui
814 1824 937 1891 vidamt
963 1846 1009 1907 se,
1037 1825 1248 1913 quantumvis

101 1957 117 1995 ιι
144 1930 336 1999 melioribus
357 1929 581 1999 fundamentis
606 1932 743 2015 nitatur,
758 1930 981 2016 condemnari,
996 1938 1029 1996 et
1041 1950 1172 1997 eausam
1188 1929 1246 1998 ad·

99 2062 116 2101 ιι
138 2036 281 2127 judicari
302 2037 503 2124 adversario,
529 2038 640 2106 minus
659 2036 840 2128 probabilia
854 2034 1011 2105 afferenti.
1029 2062 1047 2099 s
1069 2034 1247 2127 (Sebmalz-

96 2143 252 2231 grneher,
270 2144 305 2211 ia
319 2144 369 2211 tit.
387 2148 445 2231 27,
459 2143 537 2212 libri
553 2148 572 2211 2
590 2144 732 2230 Deerat,
749 2166 783 2211 n.
802 2146 872 2233 28.)

141 2255 175 2319 2.
206 2251 243 2319 Si
255 2251 411 2343 utrinque
428 2260 489 2319 stat
514 2252 652 2343 aqualis
664 2250 896 2342 probabilitas,
914 2260 1071 2343 putarunt
1096 2252 1248 2320 nonnulii

96 2358 246 2427 doctores
261 2380 360 2449 penes
371 2358 514 2449 judicem
529 2368 627 2445 stare,
645 2366 680 2425 ut
690 2379 749 2449 pro
764 2357 899 2426 arbitrio
909 2358 1097 2448 pronuntiet
1110 2358 1145 2425 in
1154 2358 1246 2427 lavo·

94 2487 169 2533 rem
187 2464 289 2556 hujus
303 2466 355 2533 vel
370 2465 505 2533 alterius
531 2466 643 2557 partis.
662 2464 726 2533 Sed
744 2465 862 2533 merito
877 2465 988 2556 opinio
1004 2465 1075 2533 brae
1098 2487 1246 2535 eommu-
1375 2474 1377 2477 ’

93 2574 173 2641 nius
187 2573 352 2664 rejicitur3
370 2580 401 2641 et
419 2595 478 2663 pro
494 2572 609 2661 rapula
635 2571 781 2661 paruuli
807 2572 841 2637 in
858 2570 918 2638 boe
934 2592 1011 2639 oasa
1027 2572 1193 2657 statuitur,
1209 2585 1246 2641 ιιι

89 2680 198 2769 judex
213 2702 234 2747 a
248 2680 382 2749 feranda
398 2680 556 2749 sententia
581 2678 757 2764 abstineat;
774 2676 942 2746 suadendo
956 2699 1074 2769 nempe
1100 2682 1247 2770 partibus

93 2796 131 2853 ut
161 2789 196 2855 in
220 2788 505 2878 compromissum,
523 2787 574 2855 vel
590 2786 843 2854 transactionem
859 2786 1082 2871 consentinam
1112 2786 1141 2853 si
1167 2810 1246 2857 vero

93 2894 156 2963 hoa
173 2894 280 2962 lacere
302 2904 410 2986 partes
428 2894 604 2989 noluerint,
630 2914 760 2961 causam
777 2892 819 2959 ad
835 2893 986 2982 saperius
1001 2892 1143 2960 tribunal
1159 2894 1244 2961 reie-

92 3000 211 3069 rendo.
231 3001 323 3082 Quod
340 3000 415 3069 vide
431 3001 597 3068 firmatum
615 2999 700 3090 apud
729 2998 1020 3089 Sobmalzgrneber
1039 3000 1145 3090 (citato
1159 3001 1241 3087 loeo,

93 3132 127 3175 n.
146 3110 217 3198 29).
234 3108 388 3177 Diximus
404 3129 465 3200 pro
480 3107 597 3198 rapula
608 3106 754 3196 penerali
771 3133 782 3171 .-
797 3129 874 3174 nam
888 3106 930 3173 ab
941 3106 1002 3173 bae
1014 3106 1128 3195 regula
1139 3108 1243 3177 dace-

92 3214 242 3283 dendum
251 3222 298 3283 est
310 3213 683 3305 (latentibusomnibus),
695 3212 820 3303 primo,
836 3213 871 3279 in
880 3234 956 3280 casu
969 3236 1035 3304 quo
1044 3213 1241 3303 litigantium

91 3322 178 3388 alter
201 3330 249 3388 est
275 3322 309 3387 in
334 3321 554 3411 possessione;
572 3320 650 3412 qnia
673 3320 707 3385 iu
731 3319 791 3386 hae
807 3318 1005 3409 possessione
1020 3317 1243 3388 defendendus

91 3438 155 3515 est,
175 3426 278 3496 donec
293 3428 333 3495 de
348 3426 494 3495 adversa
510 3427 610 3517 partis
619 3428 694 3517 jure
709 3435 844 3512 constet,
862 3435 960 3517 prout
973 3426 1126 3494 statuitur
1136 3428 1241 3517 eapite

14 3608 15 3613 ,
91 3537 148 3603 Ea
174 3534 290 3603 litteris
310 3536 354 3625 (3,
371 3534 411 3603 de
425 3533 702 3622 Probatioaibus),
718 3543 749 3601 et
763 3533 877 3623 regula
889 3533 975 3624 juris
992 3537 1033 3598 bb
1052 3532 1099 3623 (in
1115 3536 1237 3623 sexto),

91 3642 152 3709 ubi
166 3641 287 3709 dieitur
299 3642 333 3709 in
344 3643 423 3732 pari
435 3662 535 3709 causa
541 3641 706 3731 pmiorem
718 3662 782 3708 esse
796 3639 1016 3707 conditionem
1023 3640 1238 3731 possideam·

90 3748 245 3829 secundo,
274 3748 311 3815 in
324 3753 429 3817 causis
447 3746 691 3833 favorabilibus,
722 3758 820 3838 prout
834 3747 1046 3834 matrimonii,
1062 3748 1159 3834 dotis,
1175 3757 1236 3816 ete.

89 3858 198 3924 Debet
214 3876 332 3945 nempe
342 3854 443 3946 judex
460 3856 687 3946 pronuntiare,
712 3854 805 3923 verbi
819 3855 937 3943 gratia,
957 3855 991 3922 in
1008 3853 1154 3923 favorem
1168 3856 1238 3946 ejus

89 3967 148 4054 qui
164 3962 367 4031 matrimonii
378 3962 522 4031 valorem
535 3962 684 4046 sustinet,
697 3962 848 4052 quamvis
861 3960 961 4030 ultera
970 3984 1046 4051 pars
1054 3962 1237 4031 nullitatem

90 4069 297 4137 matrimonii
312 4090 405 4160 mque
420 4068 633 4159 probabiliter
646 4068 844 4158 probaverit.

14 4196 15 4207 ¹
135 4176 180 4243 ΙΙ.
205 4174 325 4259 Quaem
341 4197 456 4243 causas
476 4174 670 4256 manaa,
695 4186 820 4242 eertum
843 4184 892 4241 est
910 4175 1145 4243 absolvendum
1167 4199 1238 4245 esse

14 4290 15 4347 3
88 4306 200 4371 reum,
228 4282 360 4374 qumodo
375 4283 477 4373 ipsius
493 4282 676 4351 innoeentia
689 4292 720 4347 et
735 4281 938 4371 culpabilitas
955 4304 1048 4375 aeque
1063 4284 1241 4389 probabili3
