3050 4984
251 378 267 441 b
625 400 801 445 rnucrorns
824 402 862 445 on
883 400 1018 446 suerrus.

291 520 432 589 Smenos
449 543 601 589 couorrro.
620 560 663 571 -
678 521 821 589 Libellus
836 522 1059 591 accusatorius
1071 522 1162 617 debet
1176 545 1240 591 esse
1248 526 1310 593 rite
1319 526 1390 616 for·

246 642 367 697 molus.
384 666 429 679 -
442 628 542 696 Debet
553 650 672 718 nempe
682 630 868 719 exprimere
880 652 999 697 nomen
1007 629 1136 721 judices
1145 632 1232 722 apud
1243 656 1340 722 quem
1355 632 1391 700 tit

245 736 425 813 accusatio;
449 742 610 827 quatenus
630 736 782 823 cognosci
796 736 901 805 valeat
916 758 958 803 au
979 738 1021 805 sit
1040 749 1252 829 competens:
1270 762 1391 808 nemen

244 840 442 911 accusatoris
458 853 489 909 et
503 840 669 924 ueuesuti;
685 852 721 908 ut
742 850 897 933 appareat
915 842 1041 909 ausint
1059 843 1137 911 tales
1157 844 1214 935 qui
1239 867 1390 913 accusare

243 951 294 1019 vel
319 948 463 1017 accusari
489 948 616 1015 valeant
646 972 653 1011 :
680 949 819 1039 speeiem
843 948 977 1032 delicti;
991 950 1070 1041 quia
1094 952 1256 1020 accusatio
1280 952 1388 1021 delicti

242 1063 277 1127 in
291 1079 422 1149 genere,
441 1057 524 1124 sieut
540 1055 672 1146 probari
688 1056 813 1148 nequit,
830 1057 876 1124 ita
888 1057 1026 1126 omnino
1042 1058 1220 1149 rejicienda
1239 1068 1307 1148 est;
1329 1083 1389 1130 nec

244 1174 350 1258 posset
363 1164 480 1257 judex,
507 1164 570 1231 uisi
596 1162 753 1231 delictum
780 1161 1068 1251 determinaretur,
1094 1166 1240 1235 debitam
1254 1190 1387 1259 poenam

243 1273 434 1341 aestimare:
460 1270 589 1341 locum:
611 1269 688 1360 quia
710 1268 857 1359 alioquin
877 1270 1001 1337 deesset
1020 1294 1076 1339 reo
1097 1271 1233 1340 facultas
1246 1296 1314 1342 sese
1328 1274 1377 1342 de-

240 1377 409 1464 fendendi,
426 1375 595 1469 probando
612 1376 799 1465 negativam
812 1375 920 1468 quoad
932 1376 1030 1445 talem
1044 1377 1168 1463 locum,
1184 1380 1278 1447 etsie
1293 1388 1387 1448 testes

240 1486 387 1554 falsitatis
401 1481 625 1552 convincendo
641 1510 649 1550 ε
667 1506 792 1551 anuum
808 1495 840 1550 et
856 1507 1018 1567 mensem,·
1032 1485 1074 1553 ob
1089 1486 1274 1577 expositam
1286 1488 1386 1556 ratio·

241 1616 318 1662 nem
332 1592 440 1684 quoad
452 1591 574 1660 locum.
591 1589 673 1672 Quo
690 1590 816 1677 omnia,
832 1601 1052 1683 preterquam
1065 1593 1234 1683 quodlege
1244 1596 1386 1664 naturali

240 1700 431 1787 suadentur,
447 1706 593 1766 constant
610 1719 763 1788 expresse
776 1720 818 1765 ex
829 1698 926 1765 citata
935 1698 1006 1789 lege
1018 1699 1222 1767 libellorum
1233 1701 1280 1793 (3,
1294 1701 1330 1770 ff.
1346 1702 1387 1771 de

240 1808 420 1897 Accusat),
443 1806 478 1874 in
493 1807 565 1875 loro
585 1804 799 1873 ecclesiastico
822 1814 998 1897 receptam.
1018 1807 1056 1873 ln
1079 1807 1224 1875 formula
1236 1810 1325 1877 enim
1339 1811 1385 1878 ihi

240 1913 1383 2010 prolormundolibellopraesoriptu,exprimendumindiciturnomen

237 2023 369 2117 judicis,
395 2020 592 2091 accusatoris
617 2030 649 2088 et
675 2022 828 2106 accusati,
856 2044 934 2088 oum
959 2021 1196 2113 specificatione
1221 2024 1382 2111 criminis,

239 2155 297 2202 nec
314 2153 380 2199 non
394 2151 480 2198 anno
494 2138 525 2197 et
542 2150 664 2197 mense.
682 2129 722 2196 Et
736 2129 846 2220 quoad
861 2128 971 2197 locum
994 2129 1041 2196 sie
1054 2130 1265 2220 subjungitur
1281 2158 1292 2201 e
1311 2136 1385 2202 llti-

239 2262 300 2333 que
321 2238 410 2306 euim
430 2250 461 2305 et
480 2236 568 2305 locus
583 2234 800 2326 desiqnuuelus
823 2247 935 2318 est...,·
950 2236 1012 2304 boc
1026 2236 1114 2305 usim
1129 2238 1198 2329 lepe
1210 2240 1304 2309 lulio
1315 2264 1384 2331 pu-

241 2348 399 2416 blicorum
412 2357 556 2413 cavetur.

287 2452 412 2535 «Quod
431 2450 459 2519 si
476 2474 542 2519 una
557 2473 598 2518 ex
615 2450 807 2518 memoretis
821 2450 1076 2518 circumstantiis
1089 2452 1272 2539 omittatur,
1290 2456 1385 2527 libel-

241 2591 257 2627 o
272 2563 324 2631 lus
337 2570 496 2649 tauquam
512 2557 647 2625 vitiosus
660 2580 701 2624 ex
718 2556 824 2625 officio
839 2557 929 2647 rejici
944 2558 1079 2627 debet.»
1097 2560 1332 2652 (Reiffenstuel,
1348 2566 1384 2633 in

238 2670 287 2738 tit.
305 2673 334 2752 l,
351 2666 427 2733 libri
446 2670 463 2731 5
479 2665 621 2750 Decret,
635 2688 669 2731 n.
691 2665 735 2754 8.)
755 2663 851 2745 Quod
865 2673 991 2733 constat
1005 2666 1128 2756 pariter
1143 2690 1185 2735 ex
1201 2668 1297 2737 citata
1311 2671 1383 2760 lege

236 2774 448 2852 libellorum,
472 2772 506 2837 in
522 2793 587 2863 qua
611 2772 656 2838 sic
674 2770 860 2838 decernitur
884 2799 891 2839 :
913 2769 1058 2854 Quodsi
1080 2772 1183 2843 libelli
1196 2775 1380 2869 irueriptio·

236 2905 318 2949 uum
333 2878 478 2969 leqilime
501 2876 648 2945 ordinati
667 2899 732 2944 uon
743 2878 883 2967 ficemur,
900 2878 959 2946 Rei
970 2900 1087 2947 nomen
1102 2880 1251 2949 aboletur
1269 2911 1280 2950 .-
1296 2897 1328 2953 et
1342 2910 1382 2953 eu

236 2992 363 3079 intepro
389 2983 557 3076 repetendi
580 2988 686 3051 Reum
710 2996 856 3075 potestus
877 2986 948 3075 fiet.
981 2985 1065 3053 Hinc
1093 2995 1204 3057 teuent
1234 2988 1383 3061 doctores

235 3092 467 3173 communiter,
492 3101 690 3159 memoratas
712 3092 973 3160 circumstantius
993 3092 1033 3160 de
1046 3094 1231 3164 substantio
1247 3120 1380 3169 acema-

235 3202 331 3273 tiouis
344 3222 418 3267 esse.
435 3197 670 3289 (Reidenstuel,
687 3198 757 3267 loeo
773 3198 871 3265 modo
886 3199 956 3289 cit.)

280 3306 429 3375 Occurrit
438 3306 490 3373 hic
500 3304 653 3391 dubium,
668 3328 709 3372 nn
725 3314 844 3395 praeter
856 3304 956 3373 dictas
969 3306 1240 3399 circumstantias,
1258 3318 1380 3407 apponi

236 3416 334 3485 etiam
349 3414 383 3480 in
395 3412 504 3481 libello
514 3420 659 3502 oporteat
671 3412 759 3480 diern
773 3412 890 3502 patrati
903 3412 1024 3500 delicti,
1039 3438 1099 3483 nec
1110 3430 1177 3484 non
1187 3418 1276 3489 diem
1287 3422 1380 3493 facte

234 3520 457 3605 accusationis,
483 3528 514 3589 et
538 3519 761 3587 determinate
777 3542 883 3609 peenae
899 3521 1109 3610 petitionem?
1131 3525 1324 3618 Respondeo
1338 3531 1380 3598 ad

231 3633 381 3726 primum
404 3656 414 3696 :
442 3649 547 3719 neque
568 3626 656 3695 diem
677 3650 783 3718 neque
797 3627 915 3697 horam
929 3631 1049 3721 patrati
1064 3631 1173 3701 delicti
1185 3658 1254 3703 esse
1270 3660 1381 3707 neces-

234 3742 319 3808 sario
334 3734 599 3826 exprimendam,
616 3732 672 3801 sed
687 3734 883 3802 accusatoris
899 3735 1035 3806 arbitrio
1045 3738 1079 3805 id
1093 3740 1246 3833 relinqui.
1255 3744 1304 3811 lta
1319 3767 1378 3812 er-

231 3866 339 3939 presse
353 3842 496 3911 decrevit
512 3840 567 3908 lex
581 3840 678 3909 citata
700 3840 902 3909 libellorum
917 3842 966 3933 (3,
983 3842 1018 3911 ff.
1044 3843 1224 3938 dedecus.)
1239 3876 1250 3915 .·
1266 3854 1378 3943 Neque

233 3966 346 4022 autem
373 3949 471 4031 diuo,
496 3970 597 4039 neque
617 3948 737 4015 borum
764 3947 888 4017 inuitus
915 3950 1175 4042 consprebeudet.
1206 3955 1301 4037 Quod
1325 3982 1379 4027 sa-

232 4062 356 4152 pienter
372 4055 514 4149 proiecto
529 4062 689 4123 statutum
704 4063 753 4123 est
771 4081 779 4122 ε
800 4056 894 4124 facile
909 4057 999 4125 enim
1017 4068 1121 4150 potest
1143 4062 1217 4153 quis
1230 4064 1378 4135 oblivisci

230 4166 297 4239 diei
310 4164 361 4237 vel
375 4164 473 4235 etiarn
491 4160 706 4233 hebdomade
721 4163 836 4257 patrati
858 4163 1000 4251 sceleris,
1024 4189 1122 4258 quern
1141 4177 1250 4239 tamen
1265 4171 1307 4238 ab
1321 4195 1375 4241 ao-
