3050 4984
581 532 657 579 rens
678 532 823 578 secusne.
1205 510 1263 575 ill

121 672 304 740 per-sonam
317 651 367 719 rei
375 677 390 734 ;
405 652 497 722 verbi
511 654 628 743 gratie,
645 652 732 745 qnod
757 653 857 721 luerit
880 654 922 722 ab
936 661 1043 721 actore
1059 651 1225 744 spoliatus,
1241 660 1272 719 et

128 768 299 850 propterea
317 767 405 853 petat
418 784 453 830 se
466 762 558 853 prius
571 763 607 830 in
622 763 786 852 integrum
803 760 942 847 restitui,
959 783 1057 853 quam
1074 758 1269 851 respondere

127 876 274 955 cogatur.
306 871 337 936 t·
352 868 484 961 Aliquae
508 868 685 961 respiciunt
711 870 818 937 locam
834 881 865 936 et
889 882 1015 960 tempus
1026 866 1166 959 judicii·
1181 864 1269 958 quod

128 971 282 1042 videlicet
294 974 384 1044 locus
396 976 515 1045 nonsit
528 985 630 1061 tutus,
642 974 731 1067 quod
742 985 869 1066 tempus
879 974 920 1043 sit
929 975 1092 1059 feriatum,
1108 974 1269 1042 terminus

127 1079 226 1148 nimis
241 1091 411 1171 augustus,
427 1094 488 1151 etc.
509 1088 541 1151 5⁰
554 1083 684 1175 Aliquae
700 1082 879 1174 respiciunt
890 1104 1023 1150 causam
1036 1082 1142 1173 ipsam
1150 1106 1164 1163 ‚·
1178 1080 1269 1148 verbi

127 1188 244 1275 gretia,
261 1188 348 1279 qarod
356 1188 485 1258 libellus
494 1189 535 1257 sit
551 1189 680 1280 ineptus
688 1191 740 1257 vel
753 1190 922 1275 ohscuruS,
935 1188 1024 1279 quod
1041 1188 1114 1281 plus
1129 1195 1269 1279 petetur,

127 1294 217 1385 quod
243 1296 414 1365 solutionis
443 1296 512 1365 dies
528 1295 674 1365 nondum
702 1296 881 1365 advenerit.
915 1300 947 1363 θ’
962 1295 1038 1364 Post
1060 1302 1270 1363 contestatam

128 1401 218 1471 litem
234 1410 338 1493 potest
351 1404 452 1472 etiem
467 1426 543 1473 reus
556 1404 705 1495 excipere
720 1416 836 1473 contra
861 1415 952 1471 testes
977 1426 996 1470 a
1024 1410 1113 1493 parte
1135 1400 1270 1469 adversa

129 1510 314 1599 productos.

173 1617 317 1698 Oceano
334 1622 379 1686 3².
397 1656 442 1671 -
460 1618 629 1701 Quomodo
644 1640 684 1687 ea
694 1618 976 1709 jureeaceptianis
987 1618 1209 1709 separaturjas
1220 1641 1271 1685 re-

125 1725 336 1814 plicationis?
360 1764 404 1777 —
430 1725 609 1817 Replicatiu
637 1734 685 1793 est
712 1725 910 1816 exceptionis
937 1725 1039 1811 elisio,
1066 1748 1132 1817 qua
1157 1747 1271 1815 nempe

129 1842 217 1901 actor
231 1856 325 1902 reum
339 1834 552 1925 excipientem
569 1832 705 1924 repellit.
724 1832 852 1901 Dicitur
867 1841 975 1901 annm
992 1834 1053 1901 hoc
1069 1832 1213 1917 nomine,
1229 1854 1269 1899 ex

129 1963 168 2008 eo
181 1939 271 2031 quod
282 1939 336 2032 jus
350 1963 370 2009 a
385 1962 441 2009 reo
466 1962 524 2031 per
545 1941 769 2032 exceptionem
789 1962 898 2007 coram
913 1938 1021 2031 judice
1045 1939 1146 2008 veluti
1161 1940 1271 2007 ceoln-

131 2061 216 2129 tnm‚
233 2049 276 2116 ab
290 2048 545 2140 actoreplicetnr
557 2070 615 2115 seu
629 2048 830 2133 revolvatur,
839 2046 1092 2140 utqueinefficex
1103 2047 1268 2115 reddatur.

130 2156 279 2247 AEquam
294 2166 402 2225 autem
417 2165 498 2241 erat,
524 2165 560 2224 ut
574 2158 657 2225 sicut
672 2179 727 2225 reo
751 2155 973 2225 conceduntur
997 2156 1214 2247 exceptiones,
1228 2158 1273 2222 ite

128 2271 162 2330 et
187 2264 290 2332 actori
317 2264 541 2354 replicationes
562 2263 795 2332 tribuerentur.
820 2262 915 2345 Quod
928 2262 983 2354 jus
998 2262 1225 2353 exceptionum
1240 2268 1272 2328 et

23 2368 24 2400 ³
129 2367 392 2459 replicationum,
409 2370 504 2437 etiarn
525 2371 558 2436 in
575 2371 645 2437 toro
660 2370 872 2438 ecclesiastico
893 2370 1004 2459 vigere
1030 2377 1123 2436 extra
1139 2376 1272 2435 contro-

23 2489 24 2540 l
129 2476 272 2544 versiam
283 2486 343 2545 est.

174 2582 270 2663 Quod
294 2584 323 2650 si
352 2606 428 2652 reus
454 2584 661 2675 replicationi
683 2584 726 2652 ab
756 2594 863 2651 actore
891 2581 1057 2674 productae
1082 2582 1273 2673 respondeat

23 2749 24 2786 3
130 2712 267 2780 eamque
280 2690 426 2780 repellat,
447 2690 519 2759 fieri
534 2689 713 2781 duplicatio
728 2691 847 2758 dicitur
866 2718 872 2757 :
893 2690 935 2757 sit
951 2690 1090 2760 vicissim
1117 2689 1271 2779 duplica-

23 2795 24 2822 *
131 2798 214 2864 tiani
227 2798 420 2888 respondeat
434 2808 534 2881 actor,
549 2801 585 2864 tit
598 2798 776 2888 triplicatio
788 2823 800 2877 ,·
823 2807 854 2865 et
870 2798 915 2865 sic
938 2796 1102 2887 deinceps,
1118 2796 1271 2886 quadrii-

23 2941 24 2970 ι
125 2903 275 2991 plicatio,
292 2904 555 2995 qicintuplicatio,
573 2916 633 2971 etc.
660 2904 707 2972 Ne
731 2914 840 2971 eutem
861 2904 895 2969 in
920 2902 1080 2993 ejusmodi
1100 2903 1271 2992 reciprocis

23 2979 24 3010 l
131 3012 386 3101 oppositionibus
399 3012 484 3078 ultra
504 3011 635 3079 modurn
652 3010 892 3101 procederetur,
909 3012 1020 3077 statuit
1034 3009 1053 3077 J
1057 3010 1271 3077 ustinianeutn

129 3118 183 3209 jus
202 3118 396 3209 (authentica
410 3118 576 3198 labemus,
598 3140 626 3184 c.
642 3116 682 3184 de
692 3117 854 3205 indiciis),
871 3126 907 3184 ut
923 3138 1020 3208 penes
1032 3116 1174 3206 judicem
1190 3124 1272 3183 esset

23 3251 24 3262 ¹
133 3224 171 3291 iis
196 3224 373 3292 terminum
398 3224 576 3313 imponere.
593 3225 675 3305 Quae
691 3224 872 3315 dispositio,
889 3246 962 3291 cam
977 3224 1077 3290 sacris
1096 3222 1274 3289 canonibus

132 3354 197 3399 uon
211 3331 440 3415 contrarietur,
455 3331 614 3399 censenda
628 3342 677 3399 est
700 3342 732 3399 et
757 3332 792 3397 iu
817 3330 889 3398 loro
905 3330 1117 3398 ecclesiastico
1145 3330 1269 3418 vigere.

132 3438 181 3505 lix
197 3438 283 3527 stylo
304 3438 438 3527 iusuper
460 3461 517 3505 seu
531 3436 765 3506 cousuetudine
780 3436 1037 3528 uniuscnjusque
1053 3436 1153 3503 curiae
1171 3436 1273 3504 eccle‘

132 3546 268 3613 siasticae
285 3544 452 3635 prohiberi
475 3544 567 3631 solet,
585 3568 625 3613 ne
641 3544 832 3635 triplicatio,
860 3544 911 3612 vel
937 3543 979 3610 ad
1008 3565 1173 3611 summum
1189 3566 1271 3634 qna-

132 3654 332 3743 <implicatio
348 3650 534 3720 excedatur.

176 3761 320 3841 Quassrro
336 3762 382 3826 4².
409 3797 454 3809 -
482 3757 622 3841 Quando
651 3759 774 3849 apponi
802 3757 938 3826 debeam
964 3756 1165 3847 acceptiones
1189 3756 1239 3824 dil
1259 3795 1275 3808 -

23 3907 24 3922 .
133 3869 245 3936 toria?
260 3905 304 3917 -
319 3864 510 3958 Respondes
534 3865 728 3954 regulariter
752 3887 821 3932 esse
837 3863 1063 3956 proponendas
1089 3864 1193 3951 initio,
1216 3886 1273 3933 seu

23 3975 24 3994 ¹
133 3983 205 4041 ante
234 3973 300 4040 litis
326 3972 602 4040 contestationem.
631 3976 738 4062 Atque
763 3972 797 4039 id
817 3980 927 4039 tenent
942 3970 1159 4039 communiter
1177 3992 1275 4038 cano-

23 4061 24 4144 l
133 4079 498 4164 nistae,etdeducuntex
507 4080 609 4170 capite
623 4082 713 4145 Inter
726 4078 963 4146 monasterinm
975 4077 1042 4168 (20,
1054 4076 1093 4144 de
1105 4078 1275 4144 Sententia

134 4201 162 4254 ct
176 4210 212 4254 re
231 4186 369 4277 judic),
386 4209 444 4253 uec
459 4208 523 4252 nou
538 4208 579 4253 ea
594 4185 664 4273 lege
680 4184 796 4251 ultima
812 4185 897 4253 tituli
911 4185 950 4253 de
966 4183 1217 4274 [deceptionibus
1240 4185 1274 4251 in

134 4294 333 4363 lmtinianeo
360 4292 478 4361 codice.
497 4292 592 4360 Ratio
614 4301 662 4359 est
686 4292 763 4383 quia
790 4314 826 4359 ce
841 4290 1035 4384 opponendo
1063 4298 1133 4381 post
1148 4300 1275 4361 canus·
