3050 4984
576 492 653 542 rues
673 494 819 542 smenon
1205 477 1267 542 itt

118 614 284 706 parochus
297 637 460 707 vagorum
475 615 696 687 matrimoniis
721 615 884 702 assistere,
902 615 966 685 nisi
989 617 1082 708 prius
1096 616 1270 708 diligenter

118 722 331 816 inquisiverit
345 746 427 794 num
441 724 508 793 sint
521 723 617 792 liberi
629 722 672 791 ad
685 721 957 812 contrahendum,
975 723 1010 791 id
1020 732 1081 812 est,
1094 725 1186 794 nullo
1199 725 1269 816 jem

119 838 284 900 contracto
300 830 513 900 matrimonio
541 830 650 919 ligati3
669 837 701 898 et
725 831 861 922 insuper
888 829 951 898 nisi
967 852 1039 899 rem
1055 831 1098 900 ed
1125 829 1270 901 Ordina-

117 938 209 1010 rium
222 937 387 1028 detulerit,
403 947 436 1008 et
457 938 622 1010 licentiam
644 938 852 1010 matrimonio
877 938 1049 1009 assistendi
1062 940 1104 1009 ab
1124 962 1164 1010 eo
1184 940 1271 1012 obti-

118 1047 242 1116 nuerit.

165 1154 207 1224 11.
224 1154 402 1224 Irntrnctio
416 1157 521 1225 suncti
538 1158 656 1250 Officii,
676 1179 740 1248 per
755 1155 920 1226 decretum
937 1155 1112 1226 Clementis
1137 1159 1173 1224 X
1187 1179 1268 1226 con-

117 1263 270 1350 firmata.
281 1300 326 1314 -
338 1287 356 1328 r
370 1262 457 1331 Cum
468 1262 549 1332 alies
561 1285 620 1354 per
634 1263 771 1332 Sacram
783 1261 1079 1352 Congregationem
1094 1260 1196 1329 sancti
1211 1261 1270 1328 Dl-

123 1366 246 1452 uficii,
275 1366 398 1437 iteratis
423 1367 693 1437 instructionibus
716 1367 758 1436 ab
786 1365 900 1436 eadem
931 1366 1102 1454 emanatis,
1120 1365 1160 1434 de
1182 1386 1269 1434 enno

122 1497 142 1539 r
167 1476 251 1541 1658
266 1481 299 1542 et
316 1477 414 1560 1665,
430 1474 642 1566 locorumque
668 1473 851 1543 Ordinariis
872 1472 1084 1560 transmissis,
1099 1472 1270 1564 provisum

123 1607 142 1649 a
165 1580 278 1668 luerit,
294 1590 332 1651 ut
346 1581 546 1675 praescriptis
558 1581 818 1674 interrogatoriis
832 1581 989 1652 iaciendis
999 1581 1147 1667 testibus,
1157 1579 1215 1672 qui
1228 1579 1271 1648 ed

123 1687 374 1779 «probandum
401 1695 525 1759 statum
554 1689 696 1758 liberum
724 1688 988 1758 contrahentium
1018 1686 1269 1756 matrimonium

119 1822 143 1863 u
166 1794 381 1883 inducuntur,
397 1797 504 1867 omnis
518 1819 654 1890 prorsus
669 1795 892 1866 secluderetur
905 1795 1014 1865 aditus
1023 1795 1077 1884 iis,
1092 1794 1149 1887 qui
1163 1793 1271 1862 adbuc

125 1929 143 1970 u
165 1903 297 1974 vivente
311 1904 414 1974 altero
428 1904 579 1996 conjuge,
595 1912 653 1976 aut
669 1904 749 1973 alies
763 1901 925 1996 impediti,
941 1902 983 1972 ad
999 1901 1142 1973 secunda
1156 1901 1271 1971 illicite

124 2038 143 2079 c
165 2019 242 2082 vota
266 2012 404 2081 transire
422 2012 611 2103 satagebant
629 2038 637 2080 ι
654 2011 770 2082 videns
797 2010 1013 2080 nibilominus
1040 2009 1271 2080 sanctissimus

124 2144 143 2184 a
166 2104 326 2188 Dominus
340 2118 458 2189 Noster
470 2119 681 2211 quamplures
696 2118 843 2188 locorum
860 2115 1064 2205 Ordinarios,
1082 2116 1135 2186 vel
1155 2139 1269 2186 eorum

124 2227 315 2297 «vicarios
338 2236 371 2295 et
395 2226 567 2318 deputatos
594 2227 635 2295 ad
659 2224 868 2318 excipiendas
887 2225 1022 2295 testium
1038 2224 1269 2317 depositiones,

123 2361 143 2403 u
166 2357 292 2406 necnon
307 2333 467 2427 parochos
491 2343 524 2404 et
541 2334 696 2423 notarios,
714 2335 751 2403 in
763 2333 893 2402 casibus
906 2332 1080 2425 expressis,
1098 2339 1154 2402 aut
1168 2331 1271 2401 omit-

124 2469 144 2509 «
167 2452 235 2512 tere
247 2450 305 2512 aut
319 2465 386 2514 uon
399 2443 573 2512 observare
585 2441 780 2512 earumdem
793 2442 1046 2511 instructionum
1061 2447 1223 2522 tenorem;
1239 2449 1270 2510 et

124 2577 144 2617 a
166 2549 240 2618 licet
250 2549 427 2641 aliquando
440 2549 534 2641 plene
547 2549 732 2636 observent,
754 2571 822 2618 non
836 2557 945 2618 temen
961 2549 1162 2638 interrogare
1176 2555 1272 2617 testes

125 2683 145 2723 u
167 2679 266 2749 super
279 2657 352 2725 eliis
365 2656 607 2750 impedimentis
621 2655 850 2726 dirimentibus
867 2681 875 2725 :
892 2655 966 2725 ideo
981 2655 1093 2724 volens
1109 2653 1271 2724 Sanctitas

125 2789 144 2832 c
167 2764 236 2834 Sua
250 2764 416 2856 praedietis
441 2765 537 2834 mulis
565 2787 748 2847 occurrere,
766 2786 802 2832 re
829 2771 956 2833 mature
971 2761 1175 2833 considerata
1195 2785 1271 2832 cum

124 2898 145 2939 u
165 2871 443 2942 Eminentissimis
472 2880 504 2942 et
529 2871 828 2942 Revereudissimis
857 2871 1008 2940 Dominis
1043 2869 1272 2940 Cardinalibus

124 3005 144 3046 u
167 2978 381 3049 Generelibus
396 2979 656 3071 inquisitoribus,
673 2979 829 3070 praesenti
845 2978 972 3047 decreto
999 2978 1164 3070 perpetuis
1175 2978 1272 3047 futu-

123 3112 143 3152 «
166 3086 212 3154 ris
228 3087 427 3178 temporibus
448 3085 619 3174 duraturo,
647 3087 767 3155 iterum
789 3085 935 3178 injungit
949 3085 1105 3154 omnibus
1131 3084 1271 3156 Vicariis

125 3218 144 3259 n
167 3215 225 3264 seu
238 3193 400 3285 deputatis
411 3215 472 3285 pro
485 3193 713 3263 examinandis
727 3193 862 3264 testibus
875 3193 917 3262 ed
930 3192 1138 3286 probandum
1150 3202 1271 3264 statum

124 3322 144 3363 u
166 3296 309 3366 libe'rum
334 3297 596 3368 contrabentium
610 3299 871 3387 matrimonium,
885 3321 1013 3368 necnon
1028 3299 1193 3391 parochis,
1210 3323 1271 3368 no-

125 3431 145 3470 a
167 3403 259 3473 teriis
272 3411 304 3472 et
316 3405 582 3497 quibuscumque
596 3405 673 3476 aliis
688 3407 878 3498 respective,
893 3405 955 3474 sub
969 3407 1074 3498 poenis
1083 3407 1181 3476 etiem
1195 3430 1271 3498 gre·

124 3536 145 3578 a
167 3511 264 3581 vibus
278 3511 501 3603 corporalibus
512 3511 649 3581 arbitrio
662 3512 771 3582 Sacrae
783 3513 1066 3602 Congregationis,
1082 3514 1270 3583 utiustruc-

125 3645 144 3686 a
167 3618 290 3688 tionem
308 3619 554 3712 infrascriptum
579 3622 621 3688 ad
649 3643 797 3710 unguem
825 3621 1010 3690 observent.
1038 3659 1082 3674 -
1095 3623 1270 3690 instructio

126 3751 145 3790 u
163 3749 228 3817 pro
241 3726 395 3796 creamine
406 3726 541 3796 illorum
555 3727 700 3809 testium,
711 3727 771 3819 qni
783 3726 986 3797 inducuntur
994 3752 1057 3821 pro
1071 3730 1271 3798 contraben-

125 3857 144 3897 α
166 3832 218 3902 dis
229 3834 463 3917 matrimoniis,
482 3835 605 3902 tamin
618 3834 711 3903 curia
726 3833 990 3904 Eminmtissimi
1003 3848 1034 3904 et
1060 3835 1271 3906 deserendis-

124 3964 144 4004 «
166 3939 244 4008 simi
258 3940 396 4010 Domini
411 3939 597 4012 Gurdirmlir
616 3941 709 4010 Urbis
736 3941 869 4025 Vicarii,
898 3965 1000 4034 quom
1015 3943 1049 4010 in
1075 3943 1149 4011 aliis
1169 3944 1269 4012 curiis

124 4073 143 4113 u
166 4059 360 4116 ceterorum
388 4045 653 4118 ordinariorum.
672 4087 717 4100 —
744 4053 775 4118 1ο
801 4049 973 4142 Imprimis
993 4049 1083 4118 testis
1098 4058 1270 4119 moueatur

124 4180 143 4221 u
166 4153 207 4222 de
222 4155 379 4244 gravitate
391 4148 571 4247 juramenti
594 4155 630 4224 in
656 4155 718 4225 hoc
735 4157 921 4248 praesertim
947 4156 1077 4246 negotio
1093 4157 1268 4248 pertimes-

123 4288 142 4330 α
165 4261 272 4351 cendi,
290 4261 325 4331 in
354 4285 420 4354 quo
446 4261 559 4333 divine
579 4263 680 4334 simul
694 4270 726 4332 et
739 4264 887 4334 humana
902 4262 1051 4355 majestas
1066 4261 1209 4355 laeditur,
1226 4266 1269 4334 ob
