3050 4984
285 466 323 532 56
648 483 822 532 cancrosus
849 486 889 531 os
911 484 1044 532 marcus.

282 608 493 678 convincatur
508 606 645 675 scienter
660 630 717 677 seu
740 632 780 677 ex
798 606 923 676 malitia
947 606 1028 677 lalso
1048 607 1267 695 denuntiasse,
1283 609 1420 679 habetur

283 725 440 807 tanquam
459 738 554 783 oeus
575 715 809 798 calumniator,
835 723 867 783 et
882 736 995 807 poenas
1015 715 1289 784 calumniatorum
1311 718 1421 787 subire

284 823 390 893 debet.
420 824 467 891 lta
482 821 629 891 doctores
641 822 842 892 unanimiter
859 850 867 891 :
884 822 958 892 vide
976 844 1093 892 eorum
1111 825 1363 894 commentarios
1385 826 1421 894 in

284 930 418 999 titulum
433 932 466 1009 2,
484 928 563 997 libri
581 929 846 999 obcertantium.

329 1035 364 1105 Si
378 1034 505 1105 deficiat
520 1036 557 1103 in
572 1036 719 1105 criminis
732 1038 880 1105 intentati
896 1037 1096 1128 probatione,
1113 1036 1174 1107 hoc
1188 1045 1249 1125 eat,
1260 1038 1289 1105 si
1302 1061 1419 1109 verum
1518 1095 1519 1098 ,

283 1165 349 1212 non
363 1140 545 1234 reperiatur
558 1142 713 1211 delictum
728 1141 816 1234 quod
831 1141 1047 1230 denuntiavit,
1064 1142 1201 1211 habetur
1217 1144 1288 1234 jam
1302 1166 1343 1212 ex
1359 1142 1421 1213 boc
1518 1213 1519 1222 ,

284 1250 352 1319 solo
375 1257 531 1340 tanquam
541 1261 765 1342 presumptor
780 1250 1021 1334 colomarium&
1041 1259 1073 1319 et
1087 1249 1129 1318 ab
1142 1250 1247 1319 officio
1267 1273 1305 1318 ac
1319 1250 1420 1319 bene·

282 1356 356 1425 ficio
381 1355 536 1448 suspendi
563 1364 678 1448 potest,
707 1354 809 1425 donec
831 1357 1051 1425 innocentiam
1076 1356 1276 1449 purgaverit,
1303 1357 1418 1445 idest,

282 1464 385 1532 donec
410 1463 597 1555 probaverit
618 1485 652 1531 se
665 1463 751 1532 bona
766 1462 830 1532 fida
854 1462 1051 1532 sufficientes
1065 1470 1229 1555 reputasse
1242 1487 1324 1556 quas
1338 1486 1420 1554 sug-

282 1570 381 1661 gessit
396 1568 612 1662 probationes.
631 1568 764 1639 Constat
775 1593 818 1638 ex
833 1569 984 1639 decretali
1004 1572 1089 1641 Cum
1103 1569 1235 1639 dolemus
1253 1572 1299 1663 (2,
1315 1572 1365 1639 tit.
1383 1575 1418 1659 2,

283 1679 359 1747 libri
386 1678 574 1767 5Decret.),
600 1678 636 1746 in
652 1701 717 1770 qua
739 1678 784 1746 sic
806 1678 1018 1746 Innocentius
1042 1679 1087 1747 lll
1112 1705 1119 1747 :
1149 1678 1268 1747 «Cum
1284 1678 1421 1748 dilectus

287 1813 304 1852 a
328 1784 416 1855 filius
423 1786 580 1877 magister
593 1784 792 1855 scholarium
806 1784 1002 1853 Palaestinus
1011 1783 1053 1853 ad
1066 1784 1185 1855 Sedem
1199 1786 1420 1877 Apostolicam

288 1922 303 1961 a
327 1894 520 1979 accessisset,
530 1901 562 1962 et
570 1893 609 1963 dc
621 1916 680 1964 suo
690 1893 849 1985 Episcopo
857 1916 1008 1962 exeamus
1021 1893 1128 1962 varim
1137 1894 1327 1982 nuntiasset,
1342 1917 1422 1964 exa-

278 2027 305 2067 .«
330 2001 543 2069 minationem
554 2000 786 2070 commisimus
799 2022 993 2069 excessuum
1005 2000 1246 2092 objectorum...
1261 2000 1346 2071 Cum
1360 2024 1422 2069 au-

289 2135 306 2175 a
328 2118 396 2177 tem
412 2131 599 2200 processum
613 2108 733 2199 negotii
746 2108 1047 2177 examinaverimns
1055 2106 1238 2198 diligenter,
1255 2130 1312 2176 nec
1324 2108 1422 2176 intel-

289 2243 306 2284 a
329 2215 430 2307 ligere
444 2216 648 2308 potuerimus
662 2215 837 2307 probatum
851 2237 920 2284 esse
931 2214 1126 2283 sufficienter
1137 2214 1269 2307 aliquod
1284 2215 1324 2284 da
1336 2236 1422 2307 pres·

289 2350 306 2390 a
328 2323 435 2410 dietis,
452 2321 607 2391 eumdem
621 2322 819 2414 Episcopum
835 2320 1070 2390 absolvendum
1088 2320 1292 2391 decernimus
1306 2321 1348 2390 ab
1363 2321 1423 2390 ob-

289 2460 306 2499 a
327 2431 419 2524 jectis
443 2457 450 2499 :
480 2430 571 2499 vobis
593 2430 790 2497 mandamus
808 2437 966 2521 qnatenus
980 2437 1200 2499 memoratum
1225 2430 1423 2519 magistrum

289 2566 305 2605 a
329 2538 541 2623 scholarium,
559 2536 661 2605 donec
682 2538 837 2605 canonice
860 2559 954 2605 snam
975 2536 1164 2627 purgaverit
1185 2534 1421 2623 innocentiam,

290 2670 307 2709 a
330 2641 450 2711 scilicet
462 2640 550 2731 quod
574 2662 641 2708 nou
657 2640 881 2709 calumniandi
894 2642 1005 2709 animo
1018 2642 1059 2709 ad
1078 2639 1267 2733 hujusmodi
1285 2641 1424 2733 crimina

290 2778 307 2816 a
331 2747 539 2841 proponenda
553 2748 719 2839 processit,
736 2748 778 2815 ab
791 2747 896 2815 officio
909 2756 941 2815 et
955 2748 1114 2817 beneficio
1138 2746 1342 2839 suspendatis
1361 2772 1368 2811 :
1387 2758 1425 2817 ut

290 2885 306 2923 a
330 2856 440 2925 crateri
451 2854 550 2923 simili
566 2876 662 2946 poena
671 2855 849 2946 perterriti,
865 2854 907 2923 ad
918 2854 1091 2924 infamiam
1104 2878 1240 2924 suorum
1251 2876 1317 2925 non
1331 2854 1425 2923 facile

291 2992 307 3030 a
331 2961 506 3055 procedant
517 2960 747 3031 Praelatorum.
766 2988 783 3028 o

333 3076 363 3139 5.
379 3068 580 3138 Denuntians
596 3092 636 3137 ea
648 3069 764 3161 officio,
780 3069 885 3162 qualis
906 3078 955 3137 est
975 3068 1093 3140 fiscalis
1111 3077 1294 3162 promotor,
1315 3068 1377 3138 etsi
1390 3070 1425 3137 in

287 3176 455 3270 probando
470 3175 607 3263 deficiat,
625 3198 691 3246 non
709 3175 817 3247 evadit
832 3189 1053 3269 praesumptus
1067 3176 1300 3247 calumniator.
1316 3175 1354 3245 Si
1375 3184 1426 3244 ta-

288 3308 364 3353 men
377 3282 558 3375 reperiatur
571 3284 707 3352 scienter
721 3306 780 3353 seu
799 3284 959 3354 malitiose
975 3283 1057 3352 falsa
1076 3283 1248 3351 intentasse
1270 3282 1422 3369 crimina,

284 3409 344 3479 pro
359 3410 433 3455 vero
449 3388 687 3457 calumniatore
710 3389 859 3476 habetur,
887 3400 919 3459 et
932 3390 1107 3458 calumniae
1135 3412 1247 3481 poenas
1270 3389 1421 3457 incurrit.

291 3519 308 3559 a
332 3494 426 3563 Ratio
439 3502 487 3561 cst
501 3496 579 3586 quia
594 3495 747 3585 obligatio
760 3495 857 3563 officii
872 3519 927 3564 eos
946 3502 1079 3564 excusat
1093 3519 1114 3563 a
1131 3504 1344 3587 presumpta,
1359 3517 1426 3563 non

290 3626 306 3665 a
329 3601 409 3797 itepn
421 3624 441 3669 a
451 3602 715 3673 vcracalumnia.
727 3630 743 3669 s
759 3602 992 3695 (Reiffenstuel,
1005 3602 1040 3671 in
1052 3601 1102 3671 tit.
1118 3606 1152 3689 2,
1166 3602 1242 3677 libri
1255 3603 1424 3693 5Decret.,

286 3727 320 3774 n.
342 3711 371 3775 5.

815 3872 837 3963 a
859 3871 916 3941 m.

473 4038 585 4091 Effectus
597 4040 799 4094 denuntiationis
805 4042 935 4108 judicialis
947 4041 1032 4109 quoad
1052 4040 1239 4095 senmurum.

331 4236 460 4325 Rufinus
477 4241 523 4318 1⁸.
540 4278 584 4293 -
600 4240 759 4317 Prodente
774 4241 1030 4324 denuntiatores,
1046 4254 1232 4341 coeperest
1247 4242 1424 4324 decentio·
