3050 4984
297 413 358 481 622
812 431 918 480 murex.

356 558 411 606 tum
429 553 462 606 sit
475 553 553 606 hodie
564 554 591 606 iu
604 553 687 605 Gallia
700 565 777 618 posse
795 553 828 604 ad
847 553 941 605 sedern
953 549 1139 618 apostolicam,
1153 549 1248 603 omisso
1262 548 1368 612 medio.

356 637 480 700 appellari
484 667 1368 686 ......................
1402 633 1444 678 iit

325 715 407 779 §vlt
422 715 558 778 Quomodo
572 729 618 766 aen
629 729 681 781 qua
692 715 777 766 torma
788 713 929 780 appellatio
940 713 999 765 fleri
1009 713 1123 765 debeat‘l
1145 748 1367 763 ......
1401 713 1444 760 iii

328 798 438 859 Queatio
448 800 484 846 1⁸.
499 797 589 848 Utrum
602 794 741 862 appellatio
758 809 775 846 a
788 794 917 846 sententia
934 794 1076 858 definitiva,
1087 794 1148 844 visa
1162 805 1239 856 roae,
1252 805 1287 843 an
1296 803 1367 841 vero

356 877 383 927 in
396 876 498 942 seriptis
509 875 628 926 iacienda
642 876 697 925 etti
728 907 1366 926 ................
1401 873 1444 919 aia

326 958 435 1020 Qusstio
447 963 483 1008 ta.
497 957 564 1016 Quid
582 957 612 1008 in
631 955 721 1006 libello
740 956 911 1022 appellatorio
931 955 1087 1008 asententia
1105 954 1236 1006 definitiva
1250 951 1369 1019 exprimi

356 1038 468 1088 debeat?
486 1070 1369 1088 ......................
1403 1035 1444 1081 eii

327 1118 482 1181 Quastiaia.
495 1117 630 1177 Quomodo
648 1115 1279 1182 eitappellandumaaententiainterlooutoriat
1315 1151 1325 1165 .
1359 1151 1367 1164 .
1401 1117 1445 1161 iis

328 1200 437 1262 Quaestio
450 1203 485 1250 tt.
499 1201 539 1250 An
552 1198 691 1264 appellatio
713 1197 770 1249 fieri
787 1199 869 1263 possit
880 1200 968 1251 sarbia
984 1199 1103 1261 matiam,
1115 1211 1174 1263 quus
1191 1195 1370 1262 aequivaleant

356 1279 490 1331 vocabulis
503 1279 605 1344 appatio
615 1279 656 1328 vel
669 1277 797 1343 pinocoi
813 1308 1368 1330 ..............
1402 1275 1444 1321 itt

291 1403 294 1412 .
327 1360 423 1424 §Viti
436 1360 501 1419 Quid
513 1359 564 1410 sint
575 1359 855 1425 apostolitQuomodo
868 1359 973 1424 petendi
986 1363 1012 1410 et
1023 1357 1238 1410 coneedendit.
1272 1392 1280 1405 .
1316 1389 1326 1404 .
1358 1391 1366 1403 .
1403 1355 1445 1400 ait

327 1429 437 1502 Quaestio
450 1439 488 1489 1⁸.
501 1439 629 1498 Quidnam
638 1439 878 1504 injuriaprudentia
887 1439 1045 1504 intelligatur
1053 1439 1228 1504 apostotorum
1236 1434 1369 1487 nominet
1402 1436 1444 1481 eit

325 1521 435 1581 Quaestio
446 1524 484 1570 2¹.
496 1519 645 1584 Quotuplex
664 1519 697 1570 ait
717 1520 894 1584 apostolorum
909 1521 1028 1585 speciest
1062 1551 1367 1570 ........
1401 1515 1442 1560 {ii

326 1601 436 1664 Quaestio
450 1605 485 1652 8⁸.
499 1604 539 1651 An
552 1599 659 1652 omnino
677 1613 788 1652 necesse
804 1600 837 1650 ait
849 1600 903 1665 peti
919 1600 1069 1665 apostolos?
1103 1632 1368 1650 .......
1402 1597 1442 1643 233

328 1682 437 1744 Quaeso
451 1683 486 1730 te.
500 1678 632 1744 Anjudex
645 1695 661 1730 a
675 1694 723 1746 quo
737 1680 868 1744 apostolos
881 1681 981 1745 petenti
993 1684 1112 1733 teneatur
1126 1677 1323 1730 concederet.
1361 1713 1368 1724 .
1402 1677 1443 1721 iia

328 1762 438 1823 Quaatio
453 1766 487 1810 5⁸.
500 1762 571 1810 lutra
583 1759 653 1824 quod
667 1763 771 1824 tempus
783 1760 900 1825 petendi,
914 1760 1087 1824 concedendi,
1098 1763 1126 1810 et
1138 1757 1222 1824 judici
1234 1755 1267 1807 ad
1282 1767 1369 1820 quem

356 1834 530 1905 praesentandi
541 1840 592 1889 sint
607 1840 737 1904 apostoli?
771 1872 1367 1890 ...............
1401 1837 1443 1882 218

326 1921 437 1982 Quaestio
452 1925 488 1968 6³.
506 1919 641 1978 Quomodo
654 1919 708 1984 peti
724 1924 751 1970 et
769 1918 880 1970 oonoedi
899 1920 1013 1971 debeant
1026 1918 1155 1985 apostolit
1188 1952 1369 1968 .....
1402 1917 1443 1962 iit

328 2001 439 2062 Quaestio
451 2003 486 2048 ia.
501 1999 591 2050 iudice
605 2014 621 2048 a
634 2014 682 2064 quo
700 2001 832 2065 apostolos
845 2000 1000 2065 denegante,
1014 2015 1047 2051 an
1065 1999 1147 2065 possit
1157 1999 1254 2062 absque
1266 1995 1300 2046 iis
1321 2009 1370 2061 ap-

357 2077 456 2144 p'ella'na
468 2071 676 2145 auam'pr'oaequi
690 2071 913 2145 appellationem?
940 2112 1369 2131 ...........
1403 2079 1442 2124 iit

327 2160 438 2226 Questio
454 2157 490 2214 aa.
504 2163 582 2228 GuJus
594 2163 715 2227 expensis
730 2163 838 2226 petendi
849 2167 876 2214 et
888 2163 1050 2214 concedendi
1061 2163 1114 2214 sint
1124 2160 1277 2228 apostolil.
1316 2196 1325 2209 .
1360 2195 1369 2209 .
1403 2161 1440 2205 iit

326 2245 341 2308 Q
355 2243 394 2292 tx.
409 2244 446 2293 De
460 2240 577 2292 fatalibus
591 2242 773 2306 appellationis
775 2275 1369 2293 ...............
1403 2239 1442 2284 iat

327 2326 438 2386 Quaestio
453 2327 489 2372 aa,
500 2318 568 2381 Quid
581 2322 633 2372 sint
643 2322 748 2373 letalia?
773 2355 1368 2374 ...............
1403 2319 1440 2364 itt

327 2405 436 2467 Quaestio
450 2407 486 2451 ta.
502 2404 572 2452 intra
584 2402 655 2466 quod
668 2406 772 2468 tempus
785 2401 925 2468 appellatio
936 2402 1068 2470 interponi
1079 2401 1194 2452 debeat?
1227 2435 1234 2449 .
1270 2435 1278 2448 .
1313 2435 1324 2449 .
1360 2433 1369 2446 .
1401 2399 1441 2444 iil

327 2487 436 2548 Quasiio
452 2487 486 2534 ³².
499 2483 607 2542 Quando
626 2497 732 2535 currere
751 2483 859 2549 incipiat
875 2483 1034 2535 decendium
1051 2483 1085 2534 ad
1101 2480 1286 2548 appellandum
1300 2492 1370 2530 con·

357 2566 480 2617 cessum‘l
522 2597 1366 2615 .....................
1402 2561 1442 2607 28³

327 2648 436 2710 Quaestio
451 2650 485 2695 ta.
499 2646 568 2696 Intra
579 2643 650 2710 quod
665 2647 769 2709 tempus
788 2646 922 2711 appellans
941 2646 1064 2710 prosequi
1078 2648 1105 2696 et
1120 2643 1196 2694 finire
1208 2642 1306 2694 debeat
1320 2655 1369 2706 ap·

354 2727 543 2792 pollutionem?
562 2759 1367 2777 ....................
1402 2723 1441 2768 ἰῐΰ

328 2810 436 2872 Quaestio
450 2813 486 2857 aa.
499 2804 606 2864 Quando
619 2819 724 2856 currere
742 2805 851 2870 incipiat
866 2805 928 2856 anni
938 2805 981 2856 vel
992 2803 1095 2856 biennii
1108 2804 1242 2866 terminus,
1254 2801 1289 2853 ad
1300 2816 1367 2866 pro·

357 2886 516 2953 sequendam
535 2890 560 2936 et
573 2885 714 2936 finiendam
732 2885 933 2951 appellationem
953 2887 1113 2937 conoessua‘l
1148 2919 1367 2937 ......
1402 2885 1442 2930 tii

328 2970 437 3032 Quaesiio
451 2971 487 3016 ta.
501 2966 624 3024 Quanam
638 2965 689 3015 aint
697 2965 773 3030 justae
785 2980 868 3017 caueae
881 2966 1046 3017 concedendi
1058 2965 1202 3017 seeundum
1211 2976 1321 3025 annum,
1331 2962 1366 3012 ad

357 3047 564 3114 prosequendum
578 3047 604 3096 et
617 3044 757 3095 finiendam
770 3047 991 3111 appellationem?
1021 3079 1366 3096 .........
1401 3045 1443 3089 iti

328 3130 437 3193 Quaestio
448 3128 484 3176 7¹.
492 3128 558 3177 Num
569 3126 646 3176 etiam
655 3126 722 3177 ultra
730 3125 865 3178 biennium
873 3125 1015 3196 appellanti
1022 3125 1135 3192 concedi
1145 3124 1248 3186 debeat,
1257 3123 1366 3188 quando

359 3209 422 3260 eitra
434 3207 489 3272 ejus
502 3205 684 3271 negligentiam
705 3207 886 3272 appellationis
899 3220 976 3258 eausa
995 3207 1062 3257 intra
1075 3205 1210 3256 biennium
1224 3203 1297 3254 linita
1307 3217 1366 3253 non

358 3291 413 3341 esar
441 3320 1364 3338 .......................
1399 3285 1442 3334 iil

327 3371 436 3434 Quaestio
445 3373 481 3418 8⁸.
492 3370 531 3418 An
541 3366 669 3418 terminus
680 3367 762 3432 ajure
775 3381 914 3419 oonoeeaus
923 3367 957 3417 ad
965 3366 1174 3433 prosequendam
1187 3369 1213 3417 et
1221 3364 1365 3416 finiendam

357 3449 556 3516 appellationem
576 3449 658 3512 possit
676 3463 725 3514 per
736 3448 853 3513 judicem
873 3449 988 3500 arotarii
1021 3484 1364 3500 .........
1399 3450 1442 3496 isa

328 3533 385 3596 §a
399 3533 435 3580 De
450 3528 536 3580 officio
545 3528 668 3593 judieiaa
683 3545 741 3594 quo,
755 3533 782 3579 et
791 3528 887 3593 iudicia
900 3529 936 3579 ud
948 3543 1031 3595 quem,
1044 3533 1104 3594 post
1120 3527 1298 3594 interpositam
1317 3541 1366 3592 ap·

357 3610 521 3676 pollutionem
525 3644 1363 3662 .....................
1398 3613 1443 3658 aaa

328 3693 438 3757 Quaeaiio
452 3691 488 3740 1⁸.
505 3689 611 3740 Gninum
624 3690 793 3755 appellationi
807 3689 908 3741 deterre
923 3691 1018 3742 debeat
1026 3690 1127 3756 J'udext
1144 3725 1364 3741 ......
1398 3693 1442 3738 titt

329 3775 439 3838 Quaestio
458 3773 495 3820 2¹.
514 3770 581 3829 Quid
601 3785 679 3836 agere
700 3771 795 3822 debeat
808 3771 890 3835 judex
910 3771 945 3822 ud
960 3787 1044 3836 qum,
1062 3777 1122 3837 post
1137 3771 1313 3824 introductam
1335 3771 1365 3821 in

356 3849 748 3918 ipsiusauriaappellationem‘i
768 3887 1365 3903 ...............
1398 3851 1442 3901 236

330 3935 441 3999 Quaestio
455 3936 491 3982 aa.
505 3930 673 3990 Quandonam
684 3932 767 3997 iudex
778 3930 814 3982 ad
826 3947 898 3997 quem
910 3933 991 3997 possit
1002 3933 1119 3984 inhibere
1130 3933 1215 3999 judiui
1228 3948 1244 3984 o
1257 3947 1318 3999 quo,
1329 3946 1366 3983 ne

357 4013 481 4081 procedat
492 4013 520 4062 in
534 4013 628 4063 eeusa‘i
647 4048 1366 4066 ..................
1400 4017 1442 4063 aa?

327 4100 342 4162 ᾗ
355 4099 398 4147 iit.
411 4097 447 4146 De
458 4093 585 4144 attentatis
597 4097 656 4157 post
668 4094 869 4158 appellationem
895 4131 1365 4146 ............
1398 4100 1441 4145 aaa

329 4177 439 4242 Quaestio
453 4175 489 4224 ro,
503 4170 568 4232 Quid
581 4171 662 4237 possit
671 4169 754 4236 judex
766 4189 781 4224 o
791 4189 850 4240 quo,
863 4175 1035 4239 appellatione
1047 4175 1189 4240 pendente,
1198 4188 1290 4240 agere,
1299 4176 1366 4240 quin

358 4257 447 4308 vitium
467 4254 583 4304 attentati
601 4253 735 4304 incurrat?
770 4289 1367 4306 ...............
1398 4257 1439 4302 aaa
