3050 4984
548 504 620 551 runs
644 504 792 551 sucrum.
1171 486 1233 551 237

92 631 156 693 tute
170 624 325 705 hebetum
346 634 378 694 et
393 646 453 717 pro
467 648 501 693 se
520 626 616 695 hubet
634 627 923 718 praesumptionem
937 627 1027 716 juris
1042 638 1074 695 et
1093 626 1234 717 dejure,

92 731 181 823 quod
204 733 245 799 sit
264 732 353 825 justa
375 760 382 800 :
406 744 518 825 estque
541 732 754 825 praesumptio
775 732 848 801 hmo
865 732 946 802 udeo
966 732 1071 821 tortis,
1093 742 1130 803 ut
1149 736 1238 827 ejus·

93 838 184 907 modi
199 840 366 909 senteutiae
382 841 533 909 standum
556 842 610 927 sit,
625 864 684 919 uec
701 841 878 909 instaurari
899 845 1008 931 posteo
1028 840 1069 908 lis
1086 840 1132 910 itu
1147 844 1239 911 tuito

138 947 208 1015 suit.

91 968 195 1121 polit.
214 1055 356 1146 Effectus
370 1054 485 1147 quoad
496 1076 631 1123 causum
646 1056 764 1147 ipsam.
780 1094 826 1108 -
841 1060 874 1122 1ο
891 1055 956 1124 Per
969 1056 1161 1124 seutentiam
1182 1056 1238 1126 de·

95 1162 257 1229 finitivum
276 1162 446 1232 finitur-lis
460 1184 518 1231 seu
539 1164 772 1250 controversia,
787 1162 895 1255 quood
912 1162 1102 1231 instantium
1121 1164 1157 1230 in
1174 1188 1241 1256 qua

93 1268 346 1359 pronuntiatur;
366 1270 445 1361 quia
466 1277 537 1361 post
549 1269 649 1337 lutum
668 1269 861 1339 sententium
882 1270 922 1360 (si
940 1268 1049 1337 vulidu
1063 1269 1115 1359 sit)
1136 1270 1239 1362 judex

94 1374 203 1445 officio
214 1398 275 1445 suo
290 1376 421 1445 iunctus
434 1384 494 1462 est,
511 1384 542 1443 et
556 1375 678 1446 desinit
691 1398 760 1444 esse
770 1375 874 1467 judex
888 1376 996 1467 quood
1008 1399 1080 1445 eum
1093 1398 1237 1447 usurum.

95 1488 131 1551 2ο
146 1484 229 1551 Luto
247 1484 282 1551 iu
298 1482 444 1552 iuvorem
464 1483 616 1569 auctoris,
636 1482 712 1551 iuuit
727 1492 764 1551 ut
782 1491 872 1550 actor
891 1482 1007 1552 hubout
1026 1484 1186 1553 actionem
1205 1486 1242 1553 in

91 1592 235 1681 fuctum,
254 1592 289 1658 vi
304 1590 398 1682 enjus
411 1590 563 1681 persequi
579 1598 684 1681 potest
701 1589 735 1657 id
752 1590 794 1659 ud
812 1589 900 1681 quod
915 1612 991 1658 reus
1009 1589 1242 1661 condemnatus

96 1705 157 1765 est.
177 1700 210 1764 3ο
229 1697 309 1766 Luto
323 1698 360 1765 in
382 1697 527 1767 ievorem
547 1698 608 1783 rei,
626 1696 702 1765 iuuit
719 1706 757 1765 nt
774 1717 832 1765 reo
851 1705 1011 1788 competat
1029 1698 1176 1789 exceptio
1195 1699 1244 1766 rei

16 1828 17 1831 ¹
90 1804 257 1895 judicatu
272 1814 384 1874 eontra
403 1811 544 1874 uotorum
563 1805 697 1896 eiusque
715 1802 891 1873 haeredem.
914 1808 948 1872 4⁰
971 1804 1172 1897 Quandoque
1195 1809 1243 1875 ir-

16 1930 17 1969 1
97 1921 194 2002 rogat
207 1912 375 1981 ininmium
391 1934 446 1982 reo
462 1912 696 1990 condemnut03
713 1933 830 2003 nempe
838 1912 964 2003 primo,
982 1911 1114 2004 quondo
1134 1914 1244 2004 ugitur

16 2024 17 2027 ’
98 2020 138 2089 de
154 2020 281 2089 delictis
302 2019 454 2111 publicis,
471 2028 508 2087 ut
528 2019 556 2087 si
576 2019 650 2110 quis
669 2018 904 2087 condemnetur
925 2018 966 2087 de
988 2018 1161 2106 adulterio,
1187 2044 1242 2089 ve·

99 2127 231 2214 nefiuio,
246 2139 306 2196 etc.
325 2126 486 2210 Secundo,
498 2127 630 2218 quundo
643 2148 719 2195 reus
731 2126 967 2195 sondemnotur
979 2127 1021 2193 ob
1037 2126 1176 2213 furtum,
1190 2130 1242 2198 vel

98 2234 263 2327 rupinum,
288 2235 341 2304 vel
355 2234 521 2326 injurium,
543 2234 594 2303 vel
610 2233 734 2303 dolum.
761 2233 877 2315 Tertio,
896 2232 1028 2323 quondo
1048 2234 1246 2303 eundemne-

16 2410 17 2413 ,
101 2350 155 2411 tur
170 2343 214 2410 ob
232 2340 329 2411 fidem
346 2365 411 2411 non
427 2350 588 2412 servatum
608 2342 644 2409 in
663 2350 830 2410 contractu
849 2340 1000 2431 depositi,
1017 2340 1069 2408 vel
1085 2340 1242 2427 mundati,

16 2472 18 2537 ᾖ
101 2450 153 2518 vel
169 2449 294 2537 tutelae,
311 2449 362 2519 vel
376 2449 546 2519 societatis.
574 2453 605 2515 5⁰
626 2448 792 2517 Sententia
807 2447 978 2517 definitiva
994 2447 1101 2516 irritut
1115 2457 1245 2516 contra-

16 2552 17 2611 ἐ
101 2559 188 2626 rium
208 2558 399 2649 rescriptum
415 2558 528 2649 papule
546 2556 714 2625 obtentum
729 2580 749 2623 e
763 2578 831 2641 reo,
851 2555 918 2623 nisi
940 2556 975 2623 in
996 2576 1035 2623 eo
1056 2554 1096 2623 de
1113 2564 1243 2624 seuten-

102 2666 146 2733 tie
169 2673 281 2734 eontra
307 2686 399 2733 reum
422 2664 546 2755 prolata
570 2664 689 2733 mentio
711 2664 779 2731 fiet.
804 2667 837 2729 6⁰
857 2663 895 2729 ln
917 2663 1018 2731 dubio
1038 2685 1080 2729 un
1097 2663 1184 2753 justa
1203 2662 1244 2730 sit

103 2774 261 2841 sententio
277 2774 412 2864 prolata,
430 2773 524 2841 debet
532 2771 648 2862 judex,
664 2770 704 2839 ud
721 2793 820 2863 quem
831 2770 1025 2861 appelletur,
1037 2792 1110 2838 eum
1123 2771 1244 2839 confir-

105 2902 215 2965 mare3
233 2882 311 2971 quia
329 2880 617 2971 praesumptionem
638 2902 697 2971 pro
719 2902 753 2947 se
774 2877 890 2963 habet;
916 2877 1004 2947 uude
1023 2877 1072 2945 illi
1093 2878 1246 2946 standum

106 2996 169 3073 est,
194 2988 255 3055 nisi
279 2988 400 3080 injuste
420 2990 592 3079 probetur.
614 2987 702 3056 Vide
729 2985 1022 3074 Schmulrgrueber
1044 2987 1089 3074 (in
1111 2988 1159 3055 tit.
1190 2992 1244 3072 27,

107 3095 181 3163 libri
197 3099 216 3162 2
232 3096 371 3183 Horret,
386 3120 418 3163 n.
441 3098 479 3161 88
496 3096 637 3185 etseq..)

570 3424 714 3495 CAPUT
737 3425 779 3491 lt.

449 3625 487 3671 DE
509 3623 683 3671 SENTENTIAE
705 3619 907 3667 murrone.

154 3848 233 3929 Qum
245 3846 288 3915 ud
300 3845 466 3913 sententiar
475 3843 701 3913 executionem
714 3840 877 3931 pertinent
883 3860 1086 3929 exponemus
1099 3842 1131 3905 1⁰
1143 3839 1249 3929 quood

114 3957 258 4045 regiones
288 3956 322 4020 in
353 3953 472 4044 quibus
498 3950 642 4019 Ecolesiu
673 3948 769 4039 pleno
796 3948 871 4038 jure
895 3967 955 4013 suo
980 3946 1102 4033 utitur,
1131 3967 1188 4013 seu
1214 3946 1250 4013 iu

16 4118 17 4123 ,
114 4062 229 4150 quibus
245 4059 347 4153 judex
370 4058 600 4127 ecclesiasticus
623 4053 747 4122 brachii
771 4052 937 4121 secularis
959 4051 1120 4119 uuxilium
1140 4049 1247 4120 hahet.

16 4224 18 4235 ,
117 4170 149 4233 2ο
171 4166 282 4251 Quoad
303 4164 451 4255 regiones
468 4164 503 4231 in
521 4163 639 4255 quibus
655 4160 757 4252 judex
774 4159 1004 4229 ecclesiasticus
1024 4158 1109 4225 dicto
1127 4156 1251 4227 bruchii

16 4289 17 4319 ³
118 4275 276 4347 secuturis
292 4272 416 4343 auxilio
430 4270 629 4339 destituitur.
