3050 4984
664 457 839 504 tesaurus
867 458 905 504 utt
928 457 1059 508 tituletis.

872 688 913 755 11.

533 829 654 880 Formols
662 827 795 880 mribendi
808 831 866 880 sote
876 827 1049 894 inquisitionis
1059 827 1195 894 generalis.

340 981 484 1050 uenum
500 989 602 1072 potest
615 980 676 1048 hoc
690 990 747 1049 aut
762 980 862 1050 simili
880 981 976 1052 modo
1002 1009 1009 1049 :
1036 1008 1053 1046 a
1080 985 1118 1050 ln
1134 980 1267 1050 nondcte
1289 981 1436 1049 Domini.

296 1092 411 1158 Amen.
428 1128 474 1141 -
489 1089 550 1156 Hic
565 1101 611 1156 est
622 1111 791 1180 processus
805 1089 1025 1181 inquisitionis
1040 1089 1212 1180 qmeralts,
1231 1110 1336 1182 quam
1351 1111 1440 1158 reue

296 1195 503 1264 tardissimus
514 1195 737 1265 Ambianensis
748 1195 940 1288 Episcopus,
952 1207 992 1264 nt
1003 1218 1090 1264 esua
1101 1195 1443 1286 dioeeesieapedantnr

295 1302 388 1384 uitia,
405 1315 437 1370 et
457 1301 675 1394 delinquentes
696 1324 804 1393 poerese
824 1316 914 1371 metu
938 1325 960 1370 a
985 1300 1226 1371 commiscenda
1250 1301 1443 1370 mannaan
1507 1347 1508 1424 p

296 1408 608 1499 abstineantsacere
623 1408 854 1478 determinavit
865 1409 1042 1478 incivitate
1053 1411 1096 1480 N.
1112 1411 1334 1501 Ouapropter,
1346 1411 1443 1500 priris

296 1517 396 1607 affice
411 1516 552 1604 majoris
565 1515 701 1584 ecclesia
714 1515 808 1585 dicta
823 1517 966 1585 ciuitates
980 1517 1083 1585 calon
1104 1515 1207 1585 edicto
1228 1513 1270 1583 de
1289 1515 1354 1584 sibi
1368 1539 1443 1584 nsa-

294 1620 484 1712 nilestandis
502 1621 645 1713 publicis
664 1621 800 1704 delictis,
816 1624 850 1690 in
865 1645 904 1690 aa
919 1625 1049 1714 cepione
1062 1644 1085 1689 a
1100 1622 1243 1713 quicque
1261 1623 1359 1690 annm
1375 1623 1444 1714 (qui

295 1750 452 1796 numerus
466 1749 627 1797 annorum
643 1738 787 1801 mutetur
803 1729 854 1797 vel
869 1728 1014 1799 deleatur
1027 1739 1126 1820 prout
1140 1729 1291 1797 statuerit
1306 1727 1443 1819 Episco-
1507 1795 1508 1820 1

296 1838 370 1928 pus)
383 1836 539 1927 patratus,
557 1835 610 1903 die
682 1835 799 1904 menas
868 1837 951 1904 anni
968 1887 1020 1936 ···.’
1037 1835 1144 1904 sedens
1157 1859 1220 1930 pro
1232 1835 1400 1904 tribsinadi
1413 1836 1445 1902 in

299 1945 341 2030 (et
356 1942 400 2009 ibi
414 1951 555 2033 ponatur
566 1943 681 2030 loeus),
692 1941 822 2010 audiuit
836 1942 1070 2034 depositionem
1090 1944 1232 2022 testium,
1248 1954 1322 2011 tum
1336 1943 1446 2010 nomi-

296 2049 403 2117 natim
422 2048 568 2140 ejusdem
591 2049 732 2140 episcopi
747 2051 847 2139 jussu
867 2062 1071 2132 vocatorum,
1090 2061 1164 2116 tum
1183 2061 1298 2140 sponte
1324 2049 1447 2118 vitute
1507 2063 1508 2154 l

292 2155 447 2247 praedicti
460 2155 558 2224 edicti
571 2154 830 2224 advenientium.
1507 2159 1508 2164 ’

345 2264 492 2354 sitaque
502 2263 615 2353 primo
634 2263 823 2354 comparuit
840 2263 1032 2354 Stephanus
1046 2265 1104 2345 N„
1123 2275 1183 2332 etc.
1200 2287 1218 2326 n

342 2406 393 2474 lbi
410 2405 593 2474 referantur
609 2405 880 2496 interrogationes
894 2413 926 2475 et
949 2406 1175 2496 responsiones
1192 2405 1336 2488 testium,
1349 2405 1445 2497 juzu

297 2513 437 2582 formam
456 2512 544 2581 inlra
558 2510 748 2582 tradendam
761 2535 822 2604 pro
837 2512 1066 2581 examinandis
1078 2513 1232 2600 testibus;
1246 2536 1326 2582 oum
1340 2536 1380 2583 co
1394 2526 1446 2582 in-

299 2641 376 2688 men
390 2618 593 2703 disorimine,
610 2619 697 2710 quod
711 2618 814 2710 judex
829 2618 1030 2708 interrogare
1044 2642 1110 2688 non
1126 2619 1222 2687 debet
1233 2619 1275 2689 de
1289 2619 1358 2688 ulls
1372 2643 1446 2712 per-

299 2749 380 2795 sona
391 2726 424 2792 in
441 2724 643 2817 particulari,
660 2748 700 2792 au
717 2725 792 2792 talis
804 2724 911 2793 delicti
927 2749 984 2795 rea
1000 2726 1053 2812 sit,
1070 2726 1124 2794 vel
1144 2727 1298 2796 etiamen
1314 2727 1446 2819 aliquod

300 2833 452 2901 delictum
474 2832 671 2924 patraverit3
687 2831 745 2900 sed
773 2840 900 2901 tuntum
925 2833 1120 2922 generaliter
1141 2855 1183 2901 an
1206 2833 1447 2924 aliqundelictu

298 2940 333 3008 in
358 2963 396 3007 ea
422 2940 553 3029 regione
579 2946 704 3030 patrata
729 2938 795 3006 sint
820 2947 852 3006 et
868 2939 989 3030 qualia.
1013 2940 1049 3008 Si
1073 2940 1295 3030 interrogatus
1310 2963 1449 3032 respon-

301 3049 375 3117 dent
388 3045 595 3133 affirmative,
622 3054 653 3113 et
673 3044 827 3113 delictum
854 3044 985 3137 aliquod
1002 3044 1135 3133 revelet,
1152 3046 1290 3115 ulterius
1305 3046 1449 3116 interro-

301 3176 379 3242 gare
395 3162 498 3244 potest
510 3151 613 3244 judex
629 3174 670 3220 an
686 3151 879 3243 delinquens
891 3152 932 3219 sit
943 3160 1041 3220 notus
1053 3152 1088 3220 in
1102 3151 1240 3239 vicinia,
1256 3153 1349 3222 itaut
1362 3153 1450 3222 fama

304 3259 432 3350 publiea
446 3281 522 3326 eum
538 3257 685 3348 designet
700 3266 855 3347 tauquam
881 3259 1031 3326 oriminis
1049 3268 1227 3327 auctorem.
1246 3258 1298 3327 Ad
1314 3261 1408 3351 quod
1423 3263 1450 3328 si

303 3367 423 3433 iterum
437 3363 629 3432 affirmative
646 3364 865 3452 iuterrogatus
880 3363 1086 3455 respondeat,
1100 3366 1219 3455 poterit
1236 3364 1354 3457 judex,
1374 3368 1451 3459 quia

299 3471 367 3562 jam
382 3472 421 3538 de
436 3470 566 3560 publico
579 3469 695 3538 delicto
710 3470 832 3558 agitur,
849 3471 979 3559 exigere
993 3481 1030 3539 ut
1045 3471 1109 3538 sibi
1126 3471 1321 3562 delinquens
1343 3473 1450 3541 deno-

303 3578 456 3646 minetur.
474 3576 514 3644 Et
529 3585 640 3644 eontra
664 3576 709 3642 sie
728 3574 974 3644 denominatum
998 3577 1124 3645 institui
1141 3578 1258 3668 poterit
1282 3579 1451 3672 inquisitio

305 3682 462 3774 specialis.

870 3799 925 3874 lll.

492 3942 583 4000 llotlus
597 3944 770 4001 concludendi
779 3965 930 4016 processum
941 3947 1115 4016 inquisitionis
1125 3947 1264 4022 generalia

350 4099 433 4172 Cum
450 4097 635 4193 praecipuus
658 4103 878 4194 inquisitionis
901 4105 1063 4194 generalis
1079 4131 1197 4201 scopus
1222 4111 1276 4197 sit,
1295 4119 1333 4178 ut
1350 4105 1450 4200 judex

307 4208 536 4276 aeclesiasticus
561 4216 732 4300 cognoseat
754 4209 902 4300 publicos
918 4211 1156 4304 delinquentes,
1175 4215 1326 4284 absoluta
1352 4217 1451 4308 depo-
