3050 4984
283 414 345 477 362
657 432 832 478 reserares
854 432 894 477 oa
915 432 1048 479 sunium.

280 552 342 621 hoc
366 573 463 621 sensu
487 551 657 621 intellecta
672 551 768 621 dictae
790 552 985 645 episcopales
1007 554 1173 623 senuntiae
1188 556 1222 622 in
1236 554 1429 645 generalem

280 658 485 750 disciplinam
496 658 616 747 abiere,
641 667 673 728 et
693 668 771 728 sunt
796 659 832 727 in
853 659 997 729 Ecclesia
1015 668 1153 753 acceptae
1168 670 1200 730 et
1218 660 1429 754 approbatae.

281 766 353 835 Janr
370 788 447 834 vero
462 764 549 856 quod
561 766 653 835 toties
670 789 727 857 per
739 765 873 835 Sacram
886 767 1182 857 Congregationem
1192 768 1329 838 Concilii
1341 768 1432 857 legi·

281 872 397 941 timum
413 871 592 941 declaravit
616 872 716 941 Sedes
731 873 930 964 apostolica,
946 873 1099 966 quodque
1113 886 1268 966 unquam
1283 875 1430 943 uuiver-

283 980 360 1048 salis
375 978 547 1071 disciplina
572 980 607 1047 in
622 979 764 1049 Ecclesia
788 980 944 1049 catholica
968 981 1140 1051 inductum
1154 989 1187 1049 et
1207 981 1431 1072 approbatum

282 1095 341 1173 est,
358 1085 395 1155 id
406 1086 613 1155 auctoritatis
627 1086 768 1155 abusum
783 1086 902 1174 dicere,
918 1098 950 1155 et
960 1088 1115 1178 riporosre
1128 1087 1340 1179 naturalique
1346 1088 1430 1179 jus-

282 1193 364 1262 titiae
389 1192 602 1279 contrarium,
630 1216 695 1267 non
722 1195 930 1263 temerarium
951 1192 1172 1281 solummodo,
1196 1195 1253 1264 scd
1268 1203 1300 1262 el
1313 1204 1432 1286 aperte

283 1322 457 1369 erroneum
472 1300 689 1392 reputandum
703 1308 762 1369 est.
779 1301 876 1389 Eine,
893 1324 953 1392 pro
966 1324 1005 1371 ea
1019 1300 1180 1393 singulari
1193 1302 1430 1389 aestimatione,

283 1430 348 1499 qua
362 1430 423 1497 ego
444 1406 660 1475 clarissimum
675 1417 839 1477 auctorem
859 1409 931 1500 (etsi
953 1410 1035 1477 forte
1054 1431 1289 1501 nonnunquam
1302 1409 1337 1476 in
1351 1432 1431 1500 spe-

283 1513 422 1582 culando
437 1512 655 1606 audaciorem)
668 1516 819 1607 prosequi
836 1514 935 1602 soleo,
951 1515 1089 1583 libenter
1102 1516 1283 1607 suspicarer
1298 1514 1433 1585 lunda-

285 1630 394 1689 mento
416 1643 482 1689 non
497 1644 619 1710 carere,
647 1620 893 1713 quodquidam
917 1622 1077 1709 dictitant,
1093 1623 1134 1690 da
1159 1622 1340 1692 adulterato
1371 1622 1433 1692 illo

283 1724 541 1816 Bolgeniioperc
557 1726 744 1817 posthumo.
773 1747 776 1752 ⁴

329 1838 362 1900 2⁰
384 1836 491 1901 Error
503 1833 598 1915 altu,
618 1834 728 1925 priori
747 1858 763 1901 c
789 1833 950 1905 diametro
966 1836 1142 1928 oppositus.
1161 1861 1205 1887 —
1221 1836 1432 1929 Perspicien·

284 1948 330 2007 tes
346 1940 495 2009 nonnulli
508 1941 543 2009 in
559 1949 715 2033 quantem
740 1941 892 2011 Eoclesiae
908 1942 1081 2011 utilitatem
1101 1943 1206 2032 cedat,
1232 1966 1324 2034 posse
1343 1945 1433 2035 Epi·

285 2070 397 2139 scopos
418 2069 459 2116 ex
485 2048 661 2116 informata
687 2049 883 2118 conscientia
899 2049 1083 2141 procedere,
1101 2052 1184 2118 tanti
1199 2072 1319 2118 novam
1332 2051 1433 2120 illam

284 2152 491 2245 disciplinam
508 2154 641 2244 faciunt,
660 2164 694 2223 ut
719 2157 915 2225 anteriorem
930 2157 1067 2225 noxium
1087 2158 1202 2247 fuisse,
1219 2158 1431 2243 existiment,

284 2267 380 2351 atque
395 2282 538 2331 asserere
554 2284 620 2331 non
641 2261 867 2332 reformident.
892 2264 995 2332 Porro
1022 2275 1052 2331 et
1068 2264 1114 2332 ibi
1126 2286 1219 2333 error
1243 2264 1430 2334 sublatitat.

283 2366 381 2436 Nullo
395 2368 483 2437 enim
510 2381 664 2459 tempore,
683 2392 784 2461 prava
805 2379 862 2439 aut
884 2370 998 2439 salutis
1022 2371 1207 2439 animarum
1234 2372 1432 2441 srabversive

284 2495 352 2541 esse
366 2483 468 2566 polest
483 2476 645 2565 generalis
657 2476 807 2545 Ecclesiae
823 2476 1006 2570 disciplina.
1024 2477 1156 2560 Quoties
1169 2477 1289 2569 quippe
1300 2478 1433 2571 aliquid

284 2581 319 2647 in
334 2582 518 2670 generalem
534 2606 625 2652 suam
641 2583 844 2675 disciplinam
872 2584 1013 2653 Ecclesia
1028 2585 1164 2669 inducit,
1181 2606 1251 2653 esse
1267 2584 1349 2653 illud
1365 2586 1433 2655 bo·

285 2709 378 2775 num,
394 2688 529 2771 licitum,
547 2699 578 2758 et
604 2690 713 2780 (relate
739 2689 781 2758 ad
795 2691 1055 2759 circumstantias
1068 2692 1102 2758 in
1129 2692 1249 2784 quibus
1263 2694 1429 2782 versatur)

283 2792 479 2884 proficuum,
496 2796 661 2869 existimat
687 2804 719 2865 et
742 2798 827 2865 facto
850 2797 923 2889 ipso
946 2797 1098 2866 declarat.
1126 2798 1164 2865 ln
1188 2821 1254 2891 quo
1273 2821 1339 2868 non
1356 2820 1432 2868 ma·
1502 2873 1503 2876 ,

285 2902 336 2991 gis
347 2924 456 2971 errare
471 2910 585 2994 potest,
603 2926 702 2996 quarn
719 2904 754 2973 in
770 2904 840 2996 ipso
856 2904 1048 2974 declarando
1064 2905 1235 2995 dogmate;
1251 2905 1330 2997 quia
1344 2906 1433 2975 sicut

286 3114 347 3183 bos
361 3116 534 3185 Ecclesiam
551 3117 731 3187 immunem
745 3126 777 3185 et
792 3141 920 3211 semper
945 3120 1099 3205 servavit,
1115 3128 1147 3189 et
1161 3143 1263 3212 usque
1278 3120 1314 3189 in
1327 3122 1430 3190 finem

287 3222 401 3291 mundi
413 3224 555 3293 servabit
570 3225 748 3316 promissus
758 3225 821 3316 ipsi
833 3225 976 3316 Spiritus
991 3226 1100 3295 Sancti
1112 3227 1240 3296 ductus.
1254 3228 1339 3297 Cum
1348 3250 1430 3319 ergo

285 3330 448 3420 vigentem
480 3340 574 3401 antea
606 3331 812 3423 disciplinam
839 3333 981 3401 Ecclesia
1007 3333 1163 3402 catholica
1192 3335 1286 3403 novis
1315 3357 1429 3404 rarum

284 3438 532 3507 circumstantiis
558 3438 667 3530 aliqua
695 3438 920 3509 immutatione
950 3439 1182 3528 accommodat,
1210 3464 1277 3509 non
1308 3451 1431 3535 putan-

284 3548 364 3616 dum
379 3546 413 3615 id
431 3546 514 3632 lieri,
531 3556 567 3615 ut
583 3568 722 3637 pravum
736 3546 818 3638 quid
832 3557 889 3616 aut
907 3548 1057 3635 stultum,
1076 3548 1225 3617 minusve
1247 3549 1430 3639 prudenter

285 3662 379 3722 antea
394 3653 618 3722 introductum
634 3653 817 3741 corrigatur
839 3662 872 3720 et
892 3654 932 3720 de
954 3653 1061 3721 medio
1086 3652 1238 3741 tollatur3
1254 3654 1310 3723 sed
1327 3655 1431 3725 dnm-

285 3768 386 3849 taxat,
403 3768 440 3828 ut
455 3759 579 3852 praxis,
594 3780 668 3851 quae
684 3758 747 3827 huc
764 3782 866 3851 nsque
879 3759 978 3848 bona,
995 3769 1105 3828 salicta
1119 3768 1153 3827 et
1165 3760 1338 3830 retinenda
1352 3762 1429 3831 fue-

284 3876 347 3957 rat,
364 3868 496 3937 mutatis
522 3867 737 3958 temporibus,
754 3866 862 3952 alteri,
880 3888 941 3957 pro
969 3875 1045 3934 tunc
1068 3867 1165 3936 eliam
1180 3867 1292 3954 bonae,
1308 3881 1428 3938 sancta

286 3984 318 4045 et
343 3976 460 4044 merito
483 3972 689 4059 inducenda,
710 3974 818 4043 locum
833 3974 936 4043 cedat.
954 3974 1040 4042 Hinc
1063 3975 1147 4043 sicut
1171 3974 1383 4045 temerarium
1397 3985 1429 4045 et

284 4105 455 4153 erroneum
484 4090 544 4170 est,
573 4080 804 4174 episcopalium
820 4105 861 4151 ex
885 4081 1061 4153 informata
1075 4082 1271 4151 conscientie
1297 4091 1427 4151 senten-

284 4190 402 4261 tiarum
419 4189 636 4282 disciplinam,
657 4213 676 4256 a
700 4188 891 4260 Tridentina
914 4188 1039 4283 synodo
1068 4188 1247 4278 inductam,
1273 4189 1427 4283 injustam
