3050 4984
537 523 611 568 PARS
634 521 780 568 SECUNDA.

616 769 720 862 siv.

80 939 108 991 Si
121 938 323 992 denuntiationis
335 937 439 992 libellus
452 953 500 1006 per
512 940 649 1005 epistolam
658 955 675 991 a
685 939 855 992 denuntiante
870 940 963 992 missus
976 940 1063 1002 tuerit,
1080 942 1106 990 et
1128 938 1228 992 denun-

161 1029 228 1082 tians
244 1027 326 1096 possit
337 1029 369 1081 ed
384 1027 483 1082 curiam
502 1029 636 1094 accersiri,
650 1030 745 1099 potent
757 1033 864 1082 actuum
878 1028 984 1094 scriptio
998 1029 1034 1080 sic
1044 1027 1127 1096 incipi
1142 1045 1148 1079 :

130 1239 147 1278 a
163 1217 201 1282 In
213 1215 390 1282 nomine...
410 1216 452 1306 (et
463 1215 601 1306 reliqua,
612 1223 648 1283 ut
660 1215 696 1283 in
710 1215 818 1306 prima
830 1215 929 1306 hujus
940 1214 1054 1306 capitis
1069 1212 1223 1298 formula,

77 1319 240 1412 usquead
257 1343 352 1391 voces
370 1323 458 1391 Cam
473 1321 588 1412 enim).
609 1323 695 1390 Cam
712 1321 799 1389 enim
814 1321 860 1390 ad
874 1321 970 1390 illam
985 1321 1063 1410 (sive
1081 1349 1088 1389 :
1114 1319 1162 1388 ad
1172 1342 1226 1388 re-

77 1427 348 1496 verendissimam
355 1427 605 1496 Ambianensem
618 1429 832 1522 Episcopum)
847 1427 954 1496 disten
961 1425 1153 1496 Francr‘scus
1163 1429 1191 1494 Z
1192 1450 1225 1495 e-

76 1534 224 1625 lataper
239 1533 365 1603 litteras
380 1535 517 1604 misisset
542 1534 688 1603 libellam
782 1535 824 1624 (et
847 1535 984 1627 reliqua,
1007 1538 1101 1603 utin
1126 1535 1224 1603 modo

75 1637 165 1707 dicta
179 1639 336 1726 formula,
353 1641 406 1710 cui
417 1640 609 1732 posteahsec
622 1640 796 1731 addantur)
817 1669 825 1710 :
846 1641 1226 1733 «Comequmteraaiens

74 1747 270 1816 reuerendus
294 1751 353 1829 Ν.,
384 1749 531 1816 Vicarius
551 1749 724 1839 pennalis,
742 1749 847 1840 officio
860 1771 919 1818 sao
948 1749 1143 1840 satisfacere,
1166 1771 1222 1817 vo-

74 1876 153 1922 care
163 1855 252 1945 fecit,
271 1877 323 1923 me
345 1855 555 1947 infrascripto
577 1867 749 1946 prasente,
768 1855 996 1947 supradictam
1017 1855 1223 1924 Franciscam

76 1960 244 2042 Zetatam,
262 1961 321 2052 qni
341 1959 626 2030 denuntiatoriam
645 1960 774 2051 scripsit
796 1961 988 2053 epistotam·
1014 1974 1046 2031 ct
1071 1961 1224 2030 eidelato

69 2068 271 2158 juramento
293 2067 333 2136 de
347 2067 485 2136 veritate
504 2065 653 2149 dicenda,
670 2065 762 2160 qaod
775 2079 807 2136 et
818 2067 985 2160 praestitit,
1003 2068 1225 2160 interrcqatns

71 2173 145 2266 suit
157 2185 190 2241 ct
201 2173 366 2265 respondit
379 2187 419 2244 at
433 2175 605 2266 sequitur:
622 2178 656 2241 1⁰
670 2173 894 2267 interrapatus
908 2175 1122 2266 anscrrpserit
1136 2197 1225 2242 reue·

75 2278 270 2349 rendissimc
294 2281 509 2350 Ambianensi
529 2281 691 2373 Episcopo
711 2282 776 2373 (vel
791 2281 897 2373 ipsius
915 2281 1059 2371 generali
1080 2280 1222 2370 Vicario)

76 2387 211 2478 aliquos
225 2387 372 2456 litteras?
387 2387 562 2480 Respondit
579 2414 591 2455 .·
604 2388 1011 2480 scripsi2⁰1nterropatas
1022 2400 1138 2456 utram
1144 2409 1225 2479 pra·

70 2493 156 2585 pria
169 2515 214 2562 an
228 2493 338 2562 aliena
353 2494 504 2564 aetitia
518 2517 635 2575 manu,
653 2517 708 2562 eas
722 2495 909 2586 scripserit?
921 2493 1098 2586 Respondit
1121 2521 1132 2562 :
1144 2516 1227 2585 pro-

73 2601 157 2691 pria
172 2623 247 2668 mea
268 2623 384 2669 mana.
411 2605 444 2668 3⁰
460 2604 697 2691 Interropatus,
715 2600 800 2693 quid
815 2623 859 2670 ere
875 2601 991 2671 littera
1005 2601 1228 2669 continerent?

75 2705 255 2798 Respondit
282 2734 293 2774 .·
321 2707 602 2776 denuntiationem
623 2707 806 2799 qnamdam
831 2722 947 2777 contra
973 2708 1137 2777 Andream
1164 2711 1223 2790 Ν.,

70 2813 315 2906 presbyterum,
331 2818 366 2882 i·
381 2817 610 2906 Interropatas
624 2837 669 2882 aa
683 2838 738 2884 aas
749 2828 949 2905 apncsceret,
965 2815 995 2882 si
1003 2815 1068 2906 ipsi
1081 2814 1227 2882 ostende-

75 2923 219 2987 rentur?
233 2920 408 3011 Respondit
425 2947 437 2987 .·
453 2921 580 3012 Absque
604 2919 797 3012 diffimltate
811 2921 881 2989 nlla
896 2943 1109 3010 apncscerem.
1139 2924 1226 2989 Tame

76 3028 111 3096 ei
125 3039 252 3095 ostensa
267 3039 313 3096 est
328 3028 575 3097 denemtiatoria
590 3027 740 3119 epistota,
767 3049 871 3118 qaam
886 3028 1001 3095 statim
1024 3049 1087 3118 pro
1109 3049 1169 3095 saa
1194 3040 1225 3092 et

75 3159 141 3203 saa
165 3158 266 3204 mann
287 3138 410 3228 scripta
433 3137 578 3226 aptarit.
598 3139 678 3205 Acta
702 3150 777 3204 srmt
803 3137 873 3205 icccc
888 3137 940 3205 die
1038 3135 1157 3204 mensis

76 3265 206 3311 minc...
224 3279 269 3294 -
283 3245 356 3332 Epo
370 3245 428 3324 Ν.,
440 3243 560 3335 judea.
578 3281 622 3295 -
637 3245 711 3334 Epo
731 3246 788 3324 Ν.,
806 3243 986 3311 actuarias.
1013 3269 1030 3307 s

619 3469 707 3561 §a

76 3629 106 3680 Si
118 3627 277 3680 denuntiatio
291 3629 370 3680 missa
382 3631 460 3681 tuerit
469 3645 517 3695 per
530 3629 639 3692 litteras,
653 3634 679 3681 et
694 3644 747 3681 non
759 3630 882 3697 expediat
896 3630 1119 3682 denuntiationem
1131 3630 1164 3682 ad
1180 3645 1225 3682 cu·

142 3705 208 3757 riam
221 3708 320 3771 vocari,
332 3711 358 3759 et
370 3707 524 3759 denuntians
535 3708 563 3758 in
582 3707 690 3760 dioecesi
711 3706 813 3771 existat,
827 3707 934 3773 procedi
949 3713 976 3760 et
988 3707 1067 3760 scribi
1089 3708 1185 3774 poterit
1197 3709 1224 3760 in

145 3788 214 3838 hunc
224 3787 333 3838 modum
346 3802 353 3838 :

73 4020 76 4027 ,
125 3957 152 4025 1.
171 3956 350 4046 Eligendus
363 3968 413 4027 est
426 3958 687 4046 commissarius,
702 3959 761 4052 qui
774 3958 1020 4030 denuntiantem
1036 3959 1130 4029 adeat
1141 3969 1171 4030 et
1183 3961 1224 4029 ab

77 4085 119 4131 eo
135 4063 297 4153 exquirat,
314 4087 358 4132 an
374 4065 650 4134 denuntiationem
663 4089 723 4156 pro
736 4089 798 4134 sua
810 4075 974 4155 agnoscat.
1002 4067 1065 4137 Pro
1081 4068 1225 4136 actuario

78 4177 206 4255 autem,
220 4171 329 4261 quaed
342 4171 566 4263 exequendam
582 4171 746 4263 ejusmodi
762 4171 1036 4258 commissionem,
1057 4172 1108 4242 vel
1122 4173 1226 4265 depu-

82 4285 171 4348 tatur
183 4275 301 4377 aliquis
315 4278 458 4374 quijsm
474 4278 517 4348 sit
533 4278 679 4351 notarius
694 4277 859 4378 publicus,
878 4278 928 4348 vel
957 4301 1023 4354 noa
1043 4305 1050 4346 ε
1075 4279 1103 4348 si
1118 4281 1222 4381 prius,
