3050 4984
480 547 487 558 .
565 514 641 560 rins
667 501 818 561 smonnti
1194 491 1254 560 tot

110 633 198 711 nico,
223 633 362 698 salutem
385 635 419 697 in
447 633 586 705 Cllristo.
613 671 652 681 -
677 636 842 721 Quoniam
860 633 1154 700 Reverendissimus
1182 636 1260 700 Am·

110 740 277 806 dianerrsis
302 742 493 825 Episcopus,
506 742 599 806 nobis
623 742 748 806 Vicario
766 741 914 823 penerali
927 759 998 818 suo,
1014 759 1129 805 causas
1147 743 1257 806 crimi-

109 847 205 912 nales
214 847 355 932 hujusce
364 849 530 914 dioceseos
540 848 729 926 dirimendi,
739 866 862 912 necnon
877 849 976 912 etiam
988 848 1023 912 in
1033 849 1077 912 eis
1087 848 1261 933 delegandi

104 963 306 1038 potestatem
329 956 511 1038 specialiter
533 955 757 1033 dommodooit,
778 955 884 1018 nostri
906 956 1050 1018 menteris
1075 963 1132 1032 est,
1153 965 1190 1020 ut
1209 955 1261 1020 de-

112 1063 194 1126 licto
206 1081 279 1146 queo
293 1063 340 1128 aci
350 1065 501 1128 notitiam
514 1069 661 1128 nostram
677 1063 884 1145 perueniunt,
900 1063 1090 1144 opportunis
1108 1063 1260 1126 remediis

110 1188 329 1235 coerceamus.
352 1167 437 1238 Cum
451 1171 553 1252 ipitur
567 1170 611 1249 (st
628 1169 753 1252 reliqua
771 1174 808 1234 ut
832 1169 868 1232 in
890 1169 1079 1252 precedenti
1103 1168 1256 1248 formula,

112 1277 256 1358 exceptis
268 1277 375 1341 vorbis
393 1283 541 1340 nostrum
555 1280 590 1339 in
610 1276 739 1342 Cltrr'sto
755 1275 875 1356 filium,
891 1293 948 1358 pro
971 1275 1089 1358 quibus
1111 1275 1186 1358 poni
1201 1291 1258 1356 po·

114 1387 178 1447 test
194 1392 342 1447 nostrum
356 1384 392 1446 in
407 1383 537 1450 Gltristo
548 1384 714 1465 fratrem).
731 1408 748 1440 s

159 1517 216 1586 m.
234 1516 270 1586 si
287 1495 448 1606 detegatis
465 1518 523 1585 fiat
537 1539 557 1585 a
571 1517 704 1586 viano
723 1516 896 1608 capituari
916 1525 1052 1586 vannis
1073 1517 1161 1603 nse,
1177 1538 1258 1585 oon-

111 1623 239 1693 cinuari
255 1632 361 1715 potest
376 1623 436 1692 boo
451 1624 550 1692 modo
566 1650 574 1692 :

159 1790 175 1826 a
200 1765 385 1833 Reuerendo
407 1766 567 1848 confratri
587 1773 696 1829 nostro
719 1766 851 1830 dornino
883 1767 964 1831 Titio
982 1815 1041 1831 .....
1062 1765 1202 1832 salutern
1226 1770 1261 1832 in

116 1875 258 1942 Clrn'sto.
274 1911 313 1922 -
329 1874 493 1956 Quoniam
508 1884 642 1938 vacante
661 1874 748 1954 scdc,
767 1875 916 1956 repentia
936 1875 1078 1940 dioecesis
1097 1884 1194 1958 atque
1213 1893 1262 1937 or·

114 1983 255 2047 dinarios
276 1980 518 2065 jurisdictionis
545 1982 731 2066 episcopalis
753 1982 938 2046 exercenda
962 2000 1041 2046 cura
1066 1991 1098 2046 et
1120 1991 1261 2064 poteslas

112 2090 163 2152 ad
179 2089 246 2154 Nos
265 2090 406 2167 transiit,
428 2091 529 2172 cripit
549 2090 693 2153 muneris
714 2089 820 2151 nostri
841 2089 925 2151 ratio
948 2089 992 2170 (st
1016 2089 1150 2173 reliqua,
1167 2092 1203 2153 ut
1226 2089 1260 2153 in

113 2197 220 2279 prima
233 2195 382 2274 formula,
405 2197 546 2279 exceptis
558 2196 666 2261 verbis
683 2195 790 2274 filium
810 2203 970 2274 nostrum,
987 2197 1150 2260 mutandis
1168 2201 1204 2260 ut
1227 2197 1261 2262 iu

113 2303 258 2368 munda
271 2303 436 2385 formula).
453 2329 468 2362 o

161 2438 220 2509 [V.
247 2437 285 2508 si
312 2437 471 2528 delegatio
497 2438 553 2507 tiat
578 2439 620 2507 ab
641 2437 904 2508 administratore
927 2437 1095 2523 dioecesos,
1119 2436 1171 2508 vol
1194 2435 1259 2506 ulio

112 2545 320 2636 superiores
334 2544 630 2636 praeintisdiverso,
647 2545 739 2614 facile
752 2546 871 2636 poterit
882 2543 1037 2630 formula,
1054 2543 1184 2613 attentis
1200 2542 1259 2610 tri-

113 2655 180 2722 bus
198 2651 394 2743 promissis,
411 2651 667 2730 accommodari;
685 2651 773 2720 unde
794 2672 1074 2744 supervacaneum
1098 2650 1181 2784 foret
1201 2671 1261 2740 pro

114 2757 280 2849 siugulis
272 2758 342 2826 istis
356 2757 484 2828 casibus
496 2781 571 2827 eam
586 2757 780 2826 describere.

666 2982 708 3049 ΙΙ.

414 3126 507 3176 Forma
522 3123 715 3190 legitimationis
729 3123 842 3189 delegati
855 3123 959 3188 jndicis.

162 3268 246 3338 Cum
260 3268 428 3358 delegatus
438 3266 541 3359 judex
554 3267 595 3336 ad
611 3268 718 3336 locum
733 3268 931 3359 pervenerit,
948 3267 982 3335 iu
998 3289 1063 3358 quo
1075 3267 1260 3358 jurisdictio

114 3383 165 3444 est
179 3375 220 3444 ab
239 3397 277 3443 eo
290 3375 483 3458 exercenda,
507 3396 695 3466 processum
716 3382 791 3443 ante
813 3395 878 3441 non
900 3374 1045 3465 incipiat,
1069 3396 1129 3443 neo
1152 3375 1258 3444 ullum

114 3489 227 3550 actum
239 3480 429 3574 judicialem
449 3489 608 3569 exerceat,
632 3503 731 3572 quam
747 3502 816 3548 sese
834 3479 1077 3570 legitimaverit.
1101 3480 1154 3550 Ad
1175 3481 1260 3549 hano

115 3597 227 3660 antem
243 3589 513 3682 legitimationem
533 3589 612 3657 satis
633 3597 692 3672 est,
711 3598 749 3656 ut
768 3587 883 3656 litterar
903 3588 1113 3678 delegationis
1129 3589 1261 3682 publice

113 3698 278 3787 legantur.
304 3696 375 3764 lmo
396 3695 515 3764 sufficit
534 3719 588 3764 ess
611 3695 677 3786 legi
702 3717 813 3764 coram
840 3695 964 3787 aliquot
987 3696 1067 3764 viris
1089 3696 1259 3786 gravibus,

114 3805 174 3897 qui
194 3803 233 3872 de
253 3824 369 3871 earum
387 3802 573 3872 litterarum
592 3802 764 3872 existentis
789 3803 1011 3871 testimonium
1028 3802 1106 3870 dare
1121 3801 1256 3894 possint.

114 3912 351 4004 (inoperatio,
376 3919 598 4001 opportunum
619 3909 692 3996 erit,
711 3911 773 3978 etsi
792 3932 859 3978 non
881 3910 1113 3996 necessarium,
1128 3910 1168 3978 de
1189 3909 1260 4000 ipsa

113 4017 348 4106 legitimatione
376 4017 634 4086 instrumentum
667 4017 794 4102 confici,
826 4017 861 4084 in
889 4016 989 4103 hunc,
1018 4016 1111 4084 verbi
1139 4015 1256 4106 gratis,

115 4123 282 4192 modum:

161 4290 175 4327 a
209 4267 273 4332 Nos
301 4267 514 4354 infrascripti,
544 4266 623 4330 darn
649 4266 832 4356 legerentur
864 4263 1062 4344 audivimas,
1092 4273 1123 4328 et
1145 4273 1257 4347 postea
