3050 4984
537 480 610 526 rans
641 479 787 528 saccant.
1189 459 1228 526 63

98 621 157 668 non
168 597 292 681 delere,
301 621 376 668 cum
390 599 554 691 iaquisitio
566 603 643 692 fieri
653 601 767 670 debeat
777 599 982 670 solummodo
994 619 1090 692 super
1104 597 1180 681 illis,
1192 600 1231 668 de

98 709 208 799 pimus
220 709 378 777 wormes
389 708 747 801 aliquiprecesscrunt.
760 708 810 777 lbi
819 707 905 777 clare
913 707 1071 798 egiturde
1080 705 1230 794 crimine,

98 815 179 906 quad
194 837 253 907 per
268 814 402 885 idoneos
415 823 511 886 testes
525 817 658 909 probari
674 817 708 884 in
720 814 845 907 judicio
861 823 963 908 potest
985 841 993 882 :
1016 822 1048 882 et
1060 813 1233 883 nihilomi-

99 945 168 1009 nus,
183 922 261 1014 quia
274 945 350 990 reus
371 922 517 992 nondum
540 931 589 991 est
612 923 812 1010 diffamatus,
827 922 970 992 decernit
990 921 1141 990 Pontifex
1156 942 1233 990 eum

100 1051 159 1096 non
175 1051 268 1120 posse
283 1029 410 1120 puniri3
425 1029 491 1099 imo
507 1052 565 1098 nec
579 1054 648 1100 esse
671 1038 785 1100 contra
797 1028 949 1098 eumdem
965 1026 1151 1120 recipienda
1164 1036 1233 1096 tes-

99 1135 250 1213 timonie;
266 1145 297 1202 et
312 1136 472 1205 rationem
486 1137 581 1223 dans,
597 1138 769 1230 ipsammet
784 1157 882 1228 quam
902 1135 1101 1204 sustinemus
1113 1157 1233 1228 propo·

99 1241 255 1328 sitionem,
278 1249 431 1332 tanquam
456 1243 678 1314 inconcussam
698 1243 785 1336 juris
807 1243 955 1331 regulam
979 1243 1102 1333 profert
1127 1270 1135 1310 ε
1158 1266 1234 1311 mim

100 1349 259 1440 inquisitio
270 1350 347 1440 fieri
360 1349 472 1418 debeat
487 1350 690 1419 solummodo
705 1373 803 1442 super
814 1350 890 1430 illis,
900 1349 941 1418 de
951 1349 1068 1440 quibus
1078 1349 1236 1417 clamores

100 1457 199 1548 aliqui
210 1470 450 1548 precesserunt.
469 1457 553 1525 Hinc
573 1456 613 1525 ad
633 1480 703 1526 earn
718 1479 830 1526 vocem
851 1455 1056 1524 solummodo
1076 1456 1120 1524 ita
1144 1464 1235 1524 notat

100 1566 200 1652 glossa
215 1592 222 1631 :
236 1587 277 1632 eu
287 1565 348 1632 ltoc
363 1565 461 1634 habes
475 1565 564 1657 quod
576 1564 615 1634 de
631 1565 763 1634 occrtltr's
778 1588 844 1633 non
858 1578 904 1632 est
918 1563 1168 1656 inquirendum·
1178 1588 1234 1632 neo
1339 1553 1343 1559 ⁴

98 1694 191 1762 super
203 1672 269 1740 illis
287 1673 440 1762 juratur.
464 1672 597 1741 Undesi
614 1673 727 1740 dicant
743 1684 835 1740 testes
854 1671 1027 1763 superbis,
1046 1693 1112 1739 aon
1125 1672 1235 1740 ualent

99 1779 176 1846 talia
184 1777 285 1860 dicta,
297 1791 410 1871 utpote
421 1801 488 1847 non
493 1780 618 1870 jurati.
632 1779 756 1871 (Glossc
767 1778 854 1846 edita
861 1777 1029 1867 Lugduni,
1039 1800 1124 1846 anno
1134 1783 1232 1866 tiss,

99 1894 201 1953 tomus
213 1887 248 1953 in
264 1884 436 1954 decretales
457 1886 604 1976 Gregorii
620 1885 677 1972 lx,
694 1885 877 1974 soliciti.)

138 1991 227 2059 Idem
249 1999 373 2061 constat
395 2013 436 2060 ex
456 1991 573 2062 celebri
597 1991 725 2061 decreto
742 1992 895 2074 Qualiter
908 2004 938 2060 et
953 1992 1086 2084 picando
1105 1997 1171 2083 (tt,
1189 1994 1235 2060 ti·

99 2098 295 2182 tuli1‚libri
314 2099 586 2188 5Dccretalinm),
604 2099 638 2166 in
658 2099 793 2168 concilio
808 2100 1007 2168 oecumcnico
1027 2099 1235 2168 Laterenensi

99 2205 173 2273 anni
188 2208 272 2272 1216
289 2205 425 2297 prolato,
443 2205 477 2272 in
493 2227 557 2296 quo
572 2205 617 2273 sic
633 2206 786 2273 statuitur
805 2232 812 2273 :
828 2205 923 2273 Sicut
937 2207 1176 2274 accusationem
1190 2208 1235 2274 le-

98 2311 214 2400 pitima
229 2311 321 2380 debet
330 2311 512 2402 precedere
526 2311 703 2403 increpatio,
722 2311 812 2380 sicet
832 2311 1112 2381 denuntiationem
1124 2314 1237 2381 clori-

99 2419 202 2486 totioa
216 2418 365 2500 monitio,
382 2431 413 2486 et
428 2418 671 2510 inquisitionem
686 2420 830 2488 clamosa
845 2420 1024 2488 insimtatio
1042 2421 1233 2510 mesenus.

100 2525 182 2614 Ergo
198 2525 227 2591 si
241 2524 318 2592 velit
333 2525 481 2616 superior
494 2547 552 2615 per
566 2526 652 2594 viam
669 2525 892 2616 inquisitionis
906 2525 1091 2617 procedere,
1109 2549 1236 2595 necesse

98 2641 143 2698 cst
158 2631 361 2721 precessisse
376 2629 434 2700 Rei
450 2631 714 2699 diffamationem.
730 2632 832 2722 Cujus
846 2632 930 2720 legis
942 2631 1189 2700 fundamentum
1206 2643 1238 2701 et

100 2739 190 2824 ratic,
209 2738 255 2805 sic
275 2737 451 2828 exponitur
471 2739 532 2805 sub
552 2738 698 2829 ejusdem
719 2738 838 2806 decreti
861 2739 992 2807 initium
1011 2767 1019 2806 z
1040 2740 1189 2822 Qualiter
1207 2751 1237 2807 et

100 2843 228 2933 pisanam
244 2843 357 2912 debeat
372 2845 534 2914 Praelatus
550 2844 723 2934 procedere
738 2843 1029 2935 adinquirendum
1049 2860 1081 2914 et
1094 2848 1237 2937 punien-

99 2949 178 3017 dum
204 2951 409 3020 subditorum
432 2975 585 3032 excessus,
612 2975 652 3020 ea
676 2953 928 3020 auctoritatibus
959 2954 1076 3020 Veteris
1099 2968 1132 3022 et
1152 2957 1240 3024 Noui

103 3059 298 3125 Testamenti
310 3058 476 3149 colliqitur
490 3058 670 3140 euidenter;
685 3083 725 3127 cor
747 3059 865 3150 quibus
883 3071 997 3149 pastea
1017 3077 1238 3151 processuum

101 3165 260 3234 canonicae
275 3165 452 3232 sanctiones
469 3192 481 3232 .-
498 3165 579 3234 sicut
594 3165 674 3232 olim
685 3165 731 3254 (1)
748 3179 861 3256 aperte
878 3165 1097 3248 distinximus,
1112 3180 1239 3237 etnunc

101 3273 185 3338 sacri
211 3271 447 3363 approbatione
480 3271 610 3340 concilii
643 3273 888 3362 confirmamus.
921 3273 1059 3364 Lepitur
1083 3276 1172 3342 enim
1202 3277 1238 3344 in

102 3379 292 3468 Euanpelio,
306 3378 396 3470 quod
406 3379 532 3447 villicus
540 3379 594 3448 ille
603 3379 663 3470 qui
675 3377 865 3471 diffamatus
876 3394 947 3447 erut
961 3380 1056 3470 opud
1067 3381 1238 3451 dominum

100 3505 211 3565 suum,
229 3487 324 3576 quusi
338 3485 521 3576 dissipasset
543 3485 628 3553 bono
642 3485 757 3576 ipsius,
774 3484 902 3552 audiuit
917 3485 959 3553 ab
974 3486 1031 3554 illo
1049 3513 1060 3553 :
1076 3486 1162 3568 Quid
1178 3488 1238 3557 hoo

101 3590 197 3659 audio
212 3592 253 3659 de
274 3595 325 3659 te‘l
339 3591 438 3659 redde
462 3593 618 3659 rationem
638 3592 847 3660 villicationis
870 3601 936 3661 tuas
954 3593 1042 3683 :jam
1060 3596 1148 3662 enim
1173 3618 1238 3664 uon

104 3699 220 3786 poteris
230 3698 372 3790 amplius
383 3699 537 3766 villicare.
547 3701 594 3767 Et
605 3698 640 3766 in
656 3699 769 3768 Genesi
780 3699 940 3768 Dominus
953 3700 1003 3768 ait
1016 3726 1027 3767 .·
1038 3701 1238 3771 Descendunt

102 3813 131 3870 ct
146 3805 276 3891 videbo,
287 3813 398 3874 utrum
410 3805 583 3874 clamorem
598 3806 656 3896 qni
666 3807 754 3874 venit
766 3805 808 3874 ad
823 3829 874 3873 me
885 3829 982 3896 opere
993 3808 1235 3900 compleverint.

104 3913 156 3978 lia
170 3913 287 4003 qadim
302 3913 551 3982 auctoritatibus
566 3912 736 4004 manifeste
746 3913 920 4004 probatur,
938 3914 1029 4006 quod
1046 3938 1112 3983 non
1131 3917 1238 3986 solum

133 4187 164 4248 (t)
180 4185 238 4236 Jam
256 4183 358 4236 scilicet
378 4200 445 4237 anno
460 4189 531 4250 tatu,
547 4183 712 4236 Innocentius
732 4185 764 4236 111
783 4187 852 4237 idem
874 4186 1035 4249 decreverat,
1047 4191 1123 4250 atque
1147 4185 1240 4240 iisdem

102 4263 153 4314 lere
167 4266 287 4316 terminis
293 4281 301 4330 ;
312 4269 342 4316 ut
353 4266 440 4317 videre
453 4273 491 4317 est
504 4267 530 4318 in
547 4269 633 4332 cupite
646 4270 684 4329 11,
693 4267 760 4317 tttuti
772 4273 795 4329 1,
809 4267 871 4317 libri
884 4272 898 4316 5
911 4267 1089 4317 Decretalinm.
