3050 4984
554 480 630 529 raas
652 479 798 539 samana
1181 460 1243 527 ert

147 630 165 669 s
188 603 251 672 Iste
268 601 415 695 (ttrite)
431 602 529 675 (lebet
544 626 615 674 esse
629 604 751 691 clarus,
774 602 814 671 ad
837 602 898 672 boc
912 608 950 671 ut
969 616 1046 673 reus
1066 604 1245 674 conventus

99 708 322 781 «deliberare
345 710 464 798 valeat,
490 734 532 779 an
562 710 613 781 liti
638 710 764 796 cedere,
795 709 849 779 vel
874 710 1069 779 contendere
1092 710 1245 780 voluerit.

101 842 119 885 s
145 818 303 910 Alioquin
321 818 475 889 Vicarius
492 818 653 909 generalis
671 818 756 910 (sive
776 816 914 909 quilibet
928 817 1012 886 alins
1022 816 1136 909 judex)
1153 816 1246 887 illum

100 950 121 991 ι
143 924 315 995 admittere
344 948 411 997 non
440 926 546 1009 debet,
575 924 632 994 sed
658 924 767 1017 potins
796 923 948 1015 rejicere3
971 924 1049 1016 qnia
1067 923 1246 994 seeundum

101 1058 122 1098 s
143 1031 239 1101 illum
263 1041 341 1101 sunt
354 1052 414 1125 per
434 1039 577 1101 actorem
597 1033 706 1123 ipanm
722 1030 879 1099 iacienda
895 1030 1113 1123 probationes,
1130 1040 1162 1100 et
1177 1031 1246 1101 lor*

102 1138 259 1208 «mandi
286 1139 415 1209 articnb
443 1160 544 1231 anper
572 1138 693 1231 quibus
720 1138 951 1207 examinantur
981 1144 1092 1224 testes3
1119 1158 1246 1208 necnon

101 1271 122 1312 a
140 1244 245 1338 judex
267 1247 461 1316 sententiam
485 1244 565 1315 dare
590 1245 686 1314 debet
710 1245 911 1315 conformem
932 1244 1053 1314 libello.
1077 1270 1094 1310 r
1123 1245 1245 1335 (Pellae

96 1352 204 1444 grini,
222 1352 342 1422 Procri
360 1353 577 1436 Vicariorum,
589 1352 652 1422 snb
660 1352 793 1421 initium
806 1351 957 1421 secunde
969 1352 1099 1444 partia.)
1112 1352 1160 1421 Ea
1170 1374 1245 1444 quse

97 1458 248 1529 libellum
269 1459 458 1551 respiciunt,
485 1459 593 1551 quoad
615 1459 819 1527 criminalem
839 1456 939 1527 simul
963 1466 995 1527 et
1017 1458 1146 1527 civilem
1169 1481 1247 1553 pro*

96 1587 240 1653 meum,
256 1566 473 1658 expendimus
488 1566 628 1636 sections
644 1570 678 1652 3,
696 1567 900 1635 subnectione
916 1568 950 1653 2,
967 1566 1070 1657 capite
1086 1570 1117 1634 t.
1235 1596 1241 1619 ε

145 1673 188 1742 11.
214 1675 263 1742 De
280 1673 436 1743 citatione
453 1673 503 1741 rei
523 1672 682 1743 commoti.
699 1712 746 1726 -
762 1697 780 1739 o
795 1674 872 1741 Post
894 1670 995 1741 libelli
1013 1672 1246 1765 porrectionem

105 1804 126 1846 a
148 1781 186 1847 tit
206 1779 315 1849 citatio
335 1802 395 1871 per
410 1778 553 1871 jndicem
568 1800 669 1871 super
680 1779 808 1867 eodem,
831 1778 871 1847 ad
889 1777 951 1847 hoe
966 1785 1002 1847 ut
1015 1800 1091 1849 rens
1105 1800 1249 1849 eonven-

106 1892 202 1956 «tus
222 1884 311 1955 illius
334 1886 499 1977 petitionis
525 1886 568 1955 ab
590 1893 698 1956 actore
724 1885 817 1955 iactae
845 1886 993 1955 notitiem
1019 1885 1153 1973 habeat3
1179 1887 1249 1956 sine

106 2017 125 2059 s
147 1992 348 2085 appositione
371 1992 509 2084 alicujus
529 2014 648 2085 poenae.
671 1992 762 2061 Solet
783 2000 891 2061 umen
914 1993 948 2061 in
968 1992 1134 2084 aliquibus
1150 1994 1250 2062 curiis

105 2124 125 2167 u
146 2100 204 2169 tali
222 2122 300 2169 caen
313 2098 443 2192 procedi
459 2122 517 2191 per
537 2101 625 2169 viam
642 2099 787 2169 maudmi
804 2099 953 2191 poenulis,
971 2098 1060 2192 quod
1078 2103 1115 2167 tit
1137 2099 1178 2167 ad
1196 2102 1249 2168 in-

106 2232 127 2274 «
147 2208 300 2276 stantem
322 2208 439 2275 actoris
461 2206 584 2297 aliquid
611 2206 750 2299 petentis
771 2232 779 2275 ι
801 2206 837 2275 in
857 2228 923 2298 quo
942 2206 1121 2299 requiritur
1138 2214 1175 2277 ut
1191 2230 1250 2300 ap-

107 2339 127 2380 o
148 2322 291 2405 ponstnr
307 2312 469 2382 terminus
488 2312 613 2405 aliquot
634 2312 777 2397 diemm‚
799 2336 874 2382 cum
896 2312 997 2382 verbo
1016 2316 1248 2405 peremptorie,

107 2447 127 2488 o
148 2421 191 2490 ad
219 2421 280 2490 hoc
302 2428 340 2489 nt
361 2441 438 2489 rens
462 2419 562 2510 possit
583 2419 728 2511 legitime
750 2440 936 2511 comparere
964 2419 1050 2489 intro
1073 2421 1249 2491 terminum

107 2553 127 2596 a
149 2527 284 2599 illorum
295 2526 437 2614 dierum,
454 2526 565 2594 habita
580 2526 705 2596 ratione
716 2526 880 2595 distantia
895 2525 969 2595 looi.

153 2636 252 2703 «lete
270 2634 379 2703 citatio
399 2632 581 2702 intimanda
601 2642 722 2703 ostreo
741 2632 782 2701 de
800 2654 938 2725 persona
954 2633 1012 2723 (t),
1034 2633 1062 2701 si
1082 2636 1249 2706 commode

108 2741 264 2811 «haberi
292 2740 452 2833 potuerit;
482 2739 563 2809 alins
587 2740 676 2809 domi
701 2761 770 2809 snae
799 2739 902 2809 solitae
934 2739 1141 2809 habitationis
1171 2764 1248 2811 exe-

108 2873 128 2916 o
150 2846 293 2941 quenda,
321 2846 455 2915 dimissa
479 2846 584 2938 copia.
609 2845 691 2928 Qum
711 2853 849 2915 executa
868 2846 970 2915 altero
987 2868 1029 2914 ex
1045 2848 1248 2940 ,supradictis

108 2982 128 3022 e
151 2952 269 3041 modis,
283 2952 357 3021 lieri
373 2951 597 3022 debetrelntio
611 2973 789 3038 accesere,
810 2974 868 3021 seu
889 2952 1038 3021 ministro
1057 2955 1157 3023 eurise
1172 2978 1247 3048 quer

109 3088 129 3131 a
150 3060 273 3145 citavit,
291 3082 389 3152 snper
401 3060 603 3128 executione.
626 3058 668 3127 Et
686 3058 758 3127 haec
779 3058 917 3147 (relatio)
931 3058 1107 3150 aliquando
1129 3060 1168 3129 lit
1190 3085 1248 3155 per

108 3194 128 3234 s
150 3166 313 3237 notorium
328 3167 365 3234 in
377 3165 462 3234 calce
482 3165 629 3256 eiusdem
641 3165 803 3235 citationis
818 3186 876 3234 seu
897 3166 1054 3255 mandati,
1071 3168 1178 3238 medio
1189 3170 1248 3262 ju-

109 3300 129 3342 o
151 3282 299 3343 ramento
310 3272 389 3341 dicti
403 3271 548 3340 ministri
564 3299 573 3340 ι
590 3271 767 3364 aliquando
781 3292 860 3341 vero
875 3272 1028 3341 scribitur
1041 3296 1099 3366 per
1114 3276 1246 3367 ipsum-

110 3406 130 3448 «
152 3387 220 3450 met
233 3378 419 3449 ministrnm
434 3400 510 3446 cnm
523 3398 583 3447 sua
591 3377 827 3469 subscriptione
840 3384 872 3445 et
886 3376 1028 3447 duorum
1043 3380 1174 3451 testium
1178 3434 1244 3453 .....

111 3513 131 3555 e
151 3486 211 3556 Est
229 3487 312 3557 bene
333 3508 447 3555 verum
467 3483 556 3577 quod
578 3484 613 3552 in
639 3482 836 3577 quibusdam
863 3483 965 3553 curiis
987 3506 1054 3555 non
1075 3488 1248 3579 expeditum

111 3620 131 3662 o
152 3593 261 3663 citatio
286 3591 508 3685 particulatim
530 3590 587 3660 sed
611 3589 796 3660 notificatur
818 3612 873 3659 reo
899 3590 986 3659 idem
1005 3591 1134 3663 libellus
1154 3596 1246 3688 cujus

110 3728 131 3770 o
152 3701 280 3793 copiam
294 3700 413 3769 babere
427 3699 532 3769 debet.
546 3723 564 3762 s
585 3697 784 3789 (Pellegrini,
800 3698 898 3767 citato
911 3698 1007 3788 loco.)

154 3808 354 3891 Quaeationm
376 3828 451 3899 qnae
476 3804 601 3875 moveri
623 3804 728 3874 solent
748 3804 789 3873 de
807 3804 970 3892 citatione,
993 3814 1025 3875 et
1041 3807 1137 3877 modo
1156 3808 1247 3880 illam

108 3915 296 4003 intimandi,
317 3916 442 3983 eusdem
463 3921 541 3983 sunt
562 3913 669 4005 quoad
692 3912 821 3981 civilem
843 3920 876 3982 et
894 3913 1097 3983 criminalem
1119 3938 1248 4008 proces·

110 4046 204 4115 aum3
232 4045 350 4116 eosque
372 4022 576 4093 excussimus
597 4022 737 4089 sectione
758 4022 792 4109 3,
816 4020 1017 4091 subsectione
1035 4024 1069 4110 2,
1089 4024 1193 4115 eapite
1214 4030 1244 4097 t.

144 4272 179 4342 (t)
189 4270 225 4323 ite
236 4282 353 4338 poem,
366 4265 393 4323 ld
403 4270 453 4336 est,
466 4264 571 4337 ipsimet
583 4267 662 4323 citato
674 4262 700 4337 lt
711 4262 749 4323 lul
762 4280 793 4321 ea
802 4262 941 4337 perronae).
