3050 4984
568 497 642 544 rsus
666 497 811 544 suenum.
1197 475 1257 542 123

115 641 190 686 sse
217 619 362 687 converti
388 621 593 690 sententium.
637 647 654 684 u
695 619 874 714 Utriusque
899 621 986 713 juris
1010 621 1256 689 consensionem

111 725 146 792 in
179 733 245 794 tota
284 725 409 819 reliqua
444 728 507 798 tels
535 728 711 820 judiciarie
741 727 868 797 erudite
905 727 1114 821 prosequitur
1141 727 1257 796 citatus

111 841 238 902 auctor.

158 943 193 1005 9⁰
207 941 265 1008 Es
279 961 315 1008 eo
328 941 416 1032 quod
424 943 680 1036 frequentissimi
693 944 729 1010 in
744 954 815 1010 tota
832 942 1030 1034 antiquitate
1041 941 1167 1032 suerint
1174 963 1253 1033 pro·

110 1069 217 1114 curru
240 1049 444 1130 acmsutorii,
472 1073 547 1118 cum
575 1063 695 1128 tumen,
720 1049 805 1118 siin
824 1072 885 1117 usrr
901 1049 1016 1140 fremet
1037 1047 1256 1140 inquisitionis

108 1157 235 1244 forma,
251 1156 363 1226 nullus
373 1160 442 1248 sere
454 1159 489 1228 in
500 1159 720 1228 monumentis
730 1179 895 1226 occunere
906 1155 1042 1227 deberet.
1058 1155 1256 1226 -Validis-

111 1259 211 1349 sima,
229 1261 296 1332 imo
305 1271 337 1330 et
352 1265 569 1358 peremptoris
581 1266 664 1335 mihi
679 1265 810 1334 videtur
817 1264 964 1357 probatio
975 1265 1057 1332 hec.
1073 1263 1254 1332 Numsivel

110 1369 234 1437 cursim
256 1371 490 1461 pervolvantur
509 1373 654 1442 historiae
675 1371 897 1441 ecclesiastices
912 1380 944 1440 et
966 1379 1091 1440 veteres
1106 1370 1254 1439 decreta-

111 1476 194 1543 lium
210 1475 426 1566 collectiones,
438 1478 701 1572 frequentissima
712 1478 857 1549 occurrit
868 1478 1028 1570 ejusmodi
1040 1478 1255 1546 accusatorio·

112 1604 189 1650 rum
202 1604 412 1674 processuum
429 1586 561 1673 mentio,
574 1595 606 1654 et
620 1585 660 1654 de
676 1586 793 1654 iisdem
810 1585 946 1678 prolatu
962 1582 1150 1653 decisiones.
1163 1583 1255 1651 Desi-

111 1687 307 1759 derarentur
326 1699 434 1758 sutem
455 1701 487 1761 et
509 1715 528 1760 u
545 1693 763 1762 monumentis
779 1693 847 1762 lere
865 1693 999 1761 omnino
1020 1691 1204 1775 exuissent,
1221 1689 1255 1756 in

112 1795 287 1887 hypothesi
315 1797 457 1868 inductu
477 1800 545 1891 jam
568 1799 768 1893 inquisitorii
800 1821 969 1892 processus
992 1799 1118 1868 formes.
1148 1798 1254 1866 Grave

110 1901 200 1970 euim
225 1911 274 1971 est
289 1927 373 1974 onus
388 1908 623 1976 accusationem
651 1909 683 1976 in
704 1907 828 1997 judicio
851 1907 989 1998 probare
1014 1914 1045 1972 et
1070 1906 1105 1973 in
1124 1927 1253 1996 prunam

109 2011 245 2079 talionis
271 2013 494 2101 subscribere;
521 2013 608 2106 quod
634 2024 717 2083 certe
743 2037 827 2082 onus
854 2012 1018 2081 ordinarie
1047 2010 1255 2080 declinabunt

110 2117 274 2205 homines,
302 2121 329 2188 si
356 2119 439 2190 lectu
465 2122 605 2214 simplici
632 2123 673 2190 ad
685 2121 830 2214 judicem
856 2119 1112 2206 denuntiatione,
1134 2127 1165 2186 et
1186 2141 1256 2186 ure·

110 2225 243 2294 diorum
270 2227 390 2318 quibus
416 2229 534 2298 veritas
558 2230 662 2321 detegi
691 2230 792 2321 possit
819 2226 1026 2315 iudicatione,
1045 2227 1169 2318 possint
1185 2227 1254 2295 cri·

109 2332 211 2400 minis
240 2333 464 2404 coercitionem
502 2336 735 2429 aequivalenter
771 2336 917 2404 obtinere
951 2337 1008 2426 (l).
1044 2334 1147 2416 Quem
1179 2354 1254 2400 rnre

109 2439 209 2508 hodie
221 2441 381 2532 contingit
394 2451 431 2512 ut
446 2445 519 2536 quis
534 2453 689 2536 tunquam
701 2452 867 2513 accusator
881 2450 965 2511 sture
979 2442 1013 2510 in
1025 2439 1148 2534 judicio
1156 2439 1249 2508 velit!

108 2547 282 2640 Numquid
305 2570 418 2619 omues
441 2573 506 2620 non
527 2560 728 2644 anteponunt
745 2551 849 2642 judici
870 2572 983 2618 curam
997 2549 1182 2640 relinquere
1195 2570 1254 2616 ve·

108 2657 241 2724 ritatem
267 2657 484 2750 investigandi
511 2669 542 2728 et
567 2660 737 2752 probatum
767 2659 919 2728 delictum
944 2657 1124 2750 puniendi?
1151 2657 1254 2724 Porro

107 2761 201 2854 quod
218 2762 314 2831 hodie
335 2766 456 2853 evenit,
480 2775 608 2858 patente
629 2765 772 2834 faciliore
790 2764 987 2858 inquisitorii
1009 2784 1179 2856 processus
1199 2762 1253 2828 via

107 2869 199 2938 idem
211 2871 348 2939 omniuo
362 2873 548 2962 contigisset
557 2873 749 2966 antiquitus,
764 2873 792 2941 si
808 2873 914 2940 forma
926 2871 1039 2940 eadem
1048 2868 1254 2961 inquisitoris

107 2976 144 3044 iu
160 2999 225 3044 usu
241 2977 369 3064 fuisset;
385 2978 429 3046 ite
438 2980 535 3048 etiam
549 2988 587 3048 ut
601 2979 691 3048 nulls
705 2981 815 3048 forsan
831 2977 1030 3070 reperiretur
1043 2996 1251 3069 processuum

105 3085 386 3153 accusatoriorum
409 3085 560 3155 historica
579 3087 711 3156 mentio.
739 3087 786 3156 Ea
804 3088 924 3178 quippe
939 3093 987 3153 est
1001 3083 1170 3174 utriusque
1184 3081 1255 3149 ior-

107 3213 175 3256 mae
201 3199 330 3278 nutura,
358 3201 394 3261 ut
416 3191 548 3262 inducto
578 3203 731 3286 tanquam
763 3191 929 3262 ordinario
953 3189 1159 3282 inquisitoris
1176 3211 1254 3279 pro·

106 3319 217 3384 cessu,
244 3297 326 3366 alter
354 3323 373 3366 a
401 3301 471 3369 foro
495 3311 608 3392 sponte
627 3300 748 3370 exulet.
766 3300 849 3370 Cum
866 3323 945 3389 ergo
960 3297 1159 3367 accusatorio
1174 3319 1251 3388 pro·

106 3427 203 3472 cessu
215 3411 282 3473 tota
294 3415 414 3498 strepet
427 3408 614 3501 antiquitus,
630 3407 788 3477 iudicium
802 3405 1020 3475 indubitatum
1031 3414 1090 3490 est,
1106 3403 1253 3471 nondum

107 3513 279 3580 inventam
306 3519 381 3581 tunc
399 3516 552 3606 temporis
577 3515 796 3607 inquisitionis
818 3514 968 3583 formam.
994 3511 1044 3580 Ad
1061 3510 1161 3580 thesis
1176 3533 1252 3578 cou-

105 3619 293 3688 elusionem
310 3619 532 3690 deveniamus.

138 3897 174 3954 (t)
183 3909 197 3939 a
206 3893 317 3942 peut-ou
328 3905 455 3957 snppossr
466 3894 527 3957 qu’it
542 3908 558 3957 y
571 3895 616 3944 eut
625 3893 689 3944 dune
698 3896 723 3945 tu
735 3893 889 3958 republique
901 3907 936 3944 un
944 3893 1143 3958 grunduombre
1155 3893 1187 3942 de
1195 3906 1255 3957 per·

106 3993 119 4022 a
140 3985 317 4024 sonnerasser
326 3971 455 4023 direntes
465 3973 481 4024 t
493 3971 710 4038 l'iuttrttpuhlie,
720 3988 787 4038 pour
796 3988 912 4026 assumes
922 3974 1049 4026 l'tnorme
1060 3972 1164 4024 lurdcau
1175 3971 1252 4023 d'uuc

107 4073 120 4098 a
139 4054 302 4115 accusation,
315 4066 381 4116 pour
390 4065 417 4101 se
428 4051 537 4116 charges
551 4053 627 4103 d’une
640 4053 734 4117 longus
749 4058 775 4103 et
784 4053 889 4119 ptuible
902 4053 1066 4115 instruction,
1076 4058 1101 4103 et
1113 4054 1253 4119 pours'ex-

106 4153 121 4181 a
139 4147 222 4198 parer
232 4131 449 4184 rotantulrement
462 4145 511 4183 eux
526 4133 604 4184 suites
618 4133 757 4184 antrenses
768 4133 844 4184 ‹l'une
860 4147 938 4200 grure
957 4134 1174 4200 responsabitittt
1189 4151 1202 4175 a
1217 4136 1253 4184 ltn

105 4215 215 4267 Faustin
229 4213 302 4265 nette
316 4213 417 4276 (tratre
426 4213 604 4264 d'r'nrtructr'on
616 4216 700 4270 crim..
718 4213 761 4264 liv.
778 4219 803 4277 t,
815 4229 838 4265 c.
854 4216 908 4279 ἧς
922 4219 972 4276 st),
985 4227 1095 4278 carpens
1108 4215 1253 4268 somenam

103 4298 161 4364 jus,
174 4293 245 4361 qnod
259 4296 344 4346 sotum
357 4295 511 4360 regulariter
522 4294 654 4347 admiserit
668 4296 857 4350 incautorum
870 4308 1022 4363 processum
