3050 4984
547 487 621 533 mus
644 486 790 534 securos.
1175 468 1232 535 ttt

100 632 115 671 a
135 604 261 697 judiees
281 630 386 677 cauam
411 615 506 677 erunt
524 607 650 698 judices
672 608 902 693 commissarii,
921 610 978 701 qui
1002 633 1107 702 neque
1126 609 1238 679 lorum

100 740 116 778 a
140 715 275 799 babent,
295 723 326 782 et
345 723 578 807 consequenter
598 736 701 807 neque
719 715 891 808 pecuniam
912 738 953 784 cx
971 717 1101 785 mulctis
1122 718 1240 786 collec-

98 848 115 887 α
139 833 219 908 tarn,
243 821 394 891 volumus
415 820 674 908 comendamus,
700 832 736 889 ut
755 822 918 890 defensori
941 823 1139 892 matrimonii
1162 825 1240 892 satis

98 954 114 995 a
138 928 194 996 fiat
208 950 249 995 ex
271 929 410 1020 pecunia
431 928 626 997 muletarum
647 929 735 997 illius
757 929 920 1021 Episcopi,
937 915 974 997 in
995 930 1089 1022 cujus
1108 930 1237 1000 dioecesi

98 1063 114 1100 a
135 1034 239 1125 juder
255 1034 508 1120 commissarius,
522 1035 617 1126 juxta
631 1035 724 1105 Sedis
746 1036 940 1126 Apostolicae
958 1036 1161 1122 mandatnm,
1175 1038 1235 1128 ju-

98 1168 113 1207 n
138 1142 260 1210 dicium
277 1142 449 1211 exercebit.
470 1168 487 1205 n
510 1143 542 1233 (ξ
560 1146 627 1234 12.)

139 1250 287 1319 Puncrm
302 1250 390 1320 Vlll.
408 1289 452 1302 -
470 1250 676 1333 Quibusnam
692 1250 726 1317 iu
741 1252 847 1319 causis
860 1251 1160 1319 matrimonialibus
1179 1251 1239 1319 ob-

92 1356 261 1425 seruanda
275 1357 341 1425 siut
356 1356 573 1425 Benedictiuae
589 1358 829 1426 comtitutiouis
843 1356 1086 1449 dispositiones?
1100 1360 1240 1427 -Cer-

92 1473 225 1533 tumeat
242 1465 468 1533 constitutione
480 1465 541 1533 hac
556 1488 622 1533 nou
636 1465 755 1555 attingi
770 1465 835 1533 nisi
849 1488 963 1534 causas
977 1466 1048 1533 illas
1064 1466 1238 1535 matrimo-

91 1572 207 1658 niales,
222 1572 256 1639 in
271 1571 392 1663 quibus
407 1572 447 1640 de
461 1571 570 1640 valore
585 1571 637 1639 vel
649 1571 796 1639 nullitate
810 1572 965 1641 contracti
980 1573 1182 1640 matrimonii
1195 1572 1236 1641 lia

91 1679 286 1747 instituitur.
310 1679 442 1747 Constat
463 1679 550 1747 hisce
573 1678 716 1770 praelatae
736 1679 974 1747 constitutionis
994 1680 1127 1748 verbis:
1151 1680 1237 1747 «Ad

95 1812 112 1851 a
137 1785 280 1854 officium
297 1786 477 1854 defensoris
492 1786 648 1877 spectabit
660 1786 693 1852 in
704 1786 865 1876 judicium
882 1787 1004 1871 venire,
1019 1786 1237 1878 quotiescum-

95 1921 112 1959 κ
137 1894 388 1985 ῳιθροηὶίςετίἱ
402 1893 654 1962 matrimoniales
670 1916 783 1962 causas
799 1916 897 1985 super
914 1894 1079 1963 validitate
1093 1895 1145 1962 vel
1161 1895 1238 1963 nul-

93 2026 111 2065 a
136 2000 224 2068 litate
247 2022 356 2071 coram
377 2001 522 2091 legitimo
543 2000 653 2092 judice
679 2000 862 2091 disceptari.
894 2002 926 2092 (ᾖ
953 2002 998 2086 6.)
1023 2002 1108 2070 Cum
1136 2002 1238 2092 igitur

94 2135 111 2173 a
137 2108 356 2177 controversia
375 2108 485 2199 aliqua
505 2116 716 2199 proponetur,
732 2108 767 2174 in
785 2131 850 2200 qua
873 2107 913 2176 de
934 2109 1135 2177 matrimonii
1153 2109 1238 2177 vali-

92 2242 111 2281 a
137 2215 247 2300 ditate,
270 2225 329 2284 cte.
355 2243 370 2280 i>
399 2216 431 2307 (ᾗ
450 2217 494 2307 8.)
517 2217 624 2306 Atque
646 2214 734 2282 idem
760 2217 932 2283 confirmat
954 2216 1114 2305 generalis
1137 2216 1237 2308 hujus

87 2322 192 2391 bullae
204 2332 387 2407 contextus,
405 2332 440 2390 ut
454 2321 656 2413 pervolventi
672 2321 764 2389 facile
779 2322 912 2412 patebit.

136 2430 222 2498 Hinc
234 2452 340 2498 causac
356 2430 395 2497 dc
414 2429 632 2521 sponsalibus,
653 2428 693 2496 de
710 2428 850 2497 divortio
865 2429 972 2519 quoad
993 2436 1103 2497 torum
1123 2438 1155 2497 et
1175 2430 1237 2498 ba-

86 2538 293 2623 bitationem,
311 2546 342 2604 et
360 2546 484 2605 caterae
501 2558 626 2622 omncs,
643 2558 718 2626 qum
741 2536 827 2603 circa
847 2534 1092 2604 matrimonialis
1112 2537 1235 2605 vinculi

85 2644 274 2712 nullitatem
300 2652 356 2711 aut
379 2642 522 2711 valorem
547 2665 611 2709 non
634 2649 828 2727 vertuntur,
853 2642 949 2732 juxta
977 2666 1126 2711 normam
1150 2644 1236 2735 juris

83 2752 291 2837 communis,
317 2758 391 2817 ante
413 2749 624 2817 Benedictum
647 2747 726 2817 XIV
751 2749 912 2837 vigentis,
935 2747 1111 2817 hodiedum
1136 2773 1237 2842 expe-

86 2858 222 2925 diendae
238 2866 326 2925 sunt.

134 2966 284 3034 Purcrnn
304 2964 362 3031 IX.
384 3002 427 3015 -
445 2966 495 3031 An
516 2962 726 3031 Benedictiua
751 2964 938 3031 coristitutio
964 2963 1165 3033 observanda
1191 2968 1236 3034 sit

83 3074 193 3142 etiam
219 3072 255 3141 iu
275 3094 363 3151 cusu,
392 3094 456 3161 quo
484 3070 691 3137 matrimonii
712 3069 850 3137 nullitas
874 3068 1002 3138 cuidem
1024 3094 1081 3138 seu
1105 3074 1235 3141 notoria

81 3181 233 3249 existat?
246 3217 290 3231 -
305 3178 445 3247 Maximi
461 3178 614 3246 momenti
628 3175 735 3268 quoad
752 3177 881 3267 praxim
890 3187 937 3244 est
947 3179 1112 3268 proposita
1126 3202 1235 3269 quas·

80 3290 149 3375 tin,
168 3310 204 3354 ac
224 3285 360 3376 proinde
376 3284 488 3353 sedulo
508 3282 733 3375 expendenda.
751 3284 872 3372 Negari
890 3285 978 3351 enim
1002 3286 1113 3376 nequit
1132 3286 1236 3355 multa

79 3393 169 3463 oriri
186 3391 403 3478 incommoda,
420 3392 447 3459 si
463 3391 661 3458 adamussim
677 3390 801 3459 servari
817 3389 966 3477 debeant,
985 3392 1020 3457 in
1038 3414 1115 3461 casu
1135 3404 1233 3461 ricta-

78 3502 148 3571 aa
169 3499 343 3580 nullitatis,
362 3496 580 3567 benedictinae
599 3497 838 3566 constitutionis
858 3498 1128 3588 prascriptiones.
1152 3498 1234 3579 Quae

77 3606 297 3677 incommoda
307 3606 353 3674 sic
363 3606 546 3675 recensebat
554 3604 748 3673 Sonorensis
760 3606 804 3694 (in
816 3604 968 3672 Amerina
979 3606 1232 3697 septentrionali)

76 3715 281 3809 Episcopus,
304 3714 340 3780 in
359 3736 418 3781 sua
437 3712 618 3780 visitatione
639 3734 806 3780 sacrorum
824 3711 978 3779 liminum
1002 3713 1049 3802 (in
1073 3714 1234 3781 Thesauro

74 3821 335 3899 resolutiouum,
366 3823 406 3887 26
431 3819 562 3909 augusti
585 3819 682 3907 1848)
706 3842 713 3881 :
739 3820 815 3885 alu
837 3817 928 3886 bulla
949 3819 1011 3886 Dei
1031 3820 1236 3888 miseratione

78 3958 98 3995 a
127 3926 297 3997 Benedicti
313 3927 404 4013 xlv,
422 3925 646 4018 praescribitur
660 3925 767 3993 forma
780 3947 854 4016 quae
869 3925 993 3992 servari
1008 3925 1102 3993 debet
1125 3926 1157 3992 in
1175 3926 1233 4017 ju·

77 4066 97 4105 a
128 4035 226 4104 diciis
241 4038 282 4102 de
294 4032 496 4102 matrimonii
511 4031 658 4099 nullitate
674 4042 705 4099 et
721 4032 795 4099 licet
809 4031 900 4099 nulla
913 4030 955 4099 sit
971 4030 1142 4100 difficultas
1155 4056 1232 4102 cum

78 4172 99 4211 a
128 4141 173 4209 de
196 4140 324 4208 casibus
346 4139 454 4207 dubiis
467 4139 587 4229 agitur,
611 4160 677 4205 non
702 4137 838 4205 minima
861 4148 938 4205 sunt
961 4160 1035 4230 quae
1058 4151 1233 4209 occurrunt

79 4278 100 4319 c
129 4248 298 4319 obstacula
315 4246 349 4317 in
364 4245 504 4333 casibus,
524 4246 557 4317 in
579 4245 698 4337 quibus
720 4254 830 4343 aperta
849 4256 881 4315 et
906 4245 1033 4315 notoria
1054 4246 1095 4315 sit
1119 4250 1234 4316 matri-
