<?xml version="1.0" encoding="UTF-8"?>
<!DOCTYPE html PUBLIC "-//W3C//DTD XHTML 1.0 Transitional//EN"
    "http://www.w3.org/TR/xhtml1/DTD/xhtml1-transitional.dtd">
<html xmlns="http://www.w3.org/1999/xhtml" xml:lang="en" lang="en">
 <head>
  <title>
</title>
<meta http-equiv="Content-Type" content="text/html;charset=utf-8" />
  <meta name='ocr-system' content='tesseract 3.04.00' />
  <meta name='ocr-capabilities' content='ocr_page ocr_carea ocr_par ocr_line ocrx_word'/>
</head>
<body>
  <div class='ocr_page' id='page_1' title='image "./tractatusdejudi00goog_0463.png"; bbox 0 0 3050 4984; ppageno 0'>
   <div class='ocr_carea' id='block_1_1' title="bbox 547 488 1237 553">
    <p class='ocr_par' dir='ltr' id='par_1_1' title="bbox 547 488 1237 553">
     <span class='ocr_line' id='line_1_1' title="bbox 547 488 1237 553; baseline 0.003 -2"><span class='ocrx_word' id='word_1_1' title='bbox 547 502 623 553; x_wconf 78' lang='lat' dir='ltr'><strong>naas</strong></span> <span class='ocrx_word' id='word_1_2' title='bbox 646 504 793 553; x_wconf 81' lang='lat' dir='ltr'><strong>sacoma.</strong></span> <span class='ocrx_word' id='word_1_3' title='bbox 1174 488 1237 553; x_wconf 81' lang='lat' dir='ltr'><strong>tot</strong></span> 
     </span>
    </p>
   </div>
   <div class='ocr_carea' id='block_1_2' title="bbox 92 624 1245 2439">
    <p class='ocr_par' dir='ltr' id='par_1_2' title="bbox 95 624 1243 1773">
     <span class='ocr_line' id='line_1_2' title="bbox 98 624 1240 723; baseline 0.007 -30"><span class='ocrx_word' id='word_1_4' title='bbox 98 654 115 693; x_wconf 81' lang='lat' dir='ltr'><strong>u</strong></span> <span class='ocrx_word' id='word_1_5' title='bbox 139 626 351 698; x_wconf 85' lang='lat' dir='ltr'><strong>obtinendam</strong></span> <span class='ocrx_word' id='word_1_6' title='bbox 366 627 500 720; x_wconf 86' lang='lat' dir='ltr'><strong>petitam</strong></span> <span class='ocrx_word' id='word_1_7' title='bbox 520 624 795 719; x_wconf 77' lang='lat' dir='ltr'><strong>dispensationem</strong></span> <span class='ocrx_word' id='word_1_8' title='bbox 810 624 993 697; x_wconf 77' lang='lat' dir='ltr'><strong>conducere</strong></span> <span class='ocrx_word' id='word_1_9' title='bbox 1011 649 1105 721; x_wconf 87' lang='lat' dir='ltr'><strong>posse</strong></span> <span class='ocrx_word' id='word_1_10' title='bbox 1122 653 1143 700; x_wconf 89' lang='lat' dir='ltr'><strong>a</strong></span> <span class='ocrx_word' id='word_1_11' title='bbox 1160 653 1240 723; x_wconf 87' lang='lat' dir='ltr'><strong>sup·</strong></span> 
     </span>
     <span class='ocr_line' id='line_1_3' title="bbox 98 733 1243 828; baseline 0.005 -25"><span class='ocrx_word' id='word_1_12' title='bbox 98 762 116 803; x_wconf 87' lang='lat' dir='ltr'><strong>u</strong></span> <span class='ocrx_word' id='word_1_13' title='bbox 139 736 278 828; x_wconf 76' lang='lat' dir='ltr'>plicante</span> <span class='ocrx_word' id='word_1_14' title='bbox 291 743 480 824; x_wconf 84' lang='lat' dir='ltr'><strong>oensentur3</strong></span> <span class='ocrx_word' id='word_1_15' title='bbox 495 743 533 805; x_wconf 87' lang='lat' dir='ltr'><strong>ut</strong></span> <span class='ocrx_word' id='word_1_16' title='bbox 552 736 722 805; x_wconf 86' lang='lat' dir='ltr'><strong>Romanus</strong></span> <span class='ocrx_word' id='word_1_17' title='bbox 735 733 891 805; x_wconf 74' lang='lat' dir='ltr'><strong>Pontifex</strong></span> <span class='ocrx_word' id='word_1_18' title='bbox 901 758 943 806; x_wconf 89' lang='lat' dir='ltr'><strong>eo</strong></span> <span class='ocrx_word' id='word_1_19' title='bbox 954 736 1050 825; x_wconf 79' lang='lat' dir='ltr'><strong>lecto,</strong></span> <span class='ocrx_word' id='word_1_20' title='bbox 1067 744 1100 807; x_wconf 88' lang='lat' dir='ltr'><strong>et</strong></span> <span class='ocrx_word' id='word_1_21' title='bbox 1114 746 1243 810; x_wconf 88' lang='lat' dir='ltr'><strong>mature</strong></span> 
     </span>
     <span class='ocr_line' id='line_1_4' title="bbox 97 839 1240 937; baseline 0.005 -28"><span class='ocrx_word' id='word_1_22' title='bbox 97 868 116 909; x_wconf 85' lang='lat' dir='ltr'><strong>u</strong></span> <span class='ocrx_word' id='word_1_23' title='bbox 140 842 356 931; x_wconf 83' lang='lat' dir='ltr'><strong>considerato,</strong></span> <span class='ocrx_word' id='word_1_24' title='bbox 373 864 485 913; x_wconf 86' lang='lat' dir='ltr'><strong>seeum</strong></span> <span class='ocrx_word' id='word_1_25' title='bbox 505 840 684 911; x_wconf 87' lang='lat' dir='ltr'><strong>deliberare</strong></span> <span class='ocrx_word' id='word_1_26' title='bbox 706 839 820 933; x_wconf 90' lang='lat' dir='ltr'><strong>possit,</strong></span> <span class='ocrx_word' id='word_1_27' title='bbox 836 863 879 909; x_wconf 91' lang='lat' dir='ltr'><strong>an</strong></span> <span class='ocrx_word' id='word_1_28' title='bbox 893 840 1084 931; x_wconf 87' lang='lat' dir='ltr'><strong>petitionem</strong></span> <span class='ocrx_word' id='word_1_29' title='bbox 1101 844 1240 937; x_wconf 73' lang='lat' dir='ltr'><strong>rejiciat,</strong></span> 
     </span>
     <span class='ocr_line' id='line_1_5' title="bbox 97 946 1239 1042; baseline 0.004 -25"><span class='ocrx_word' id='word_1_30' title='bbox 97 974 117 1017; x_wconf 84' lang='lat' dir='ltr'><strong>u</strong></span> <span class='ocrx_word' id='word_1_31' title='bbox 139 949 193 1020; x_wconf 80' lang='lat' dir='ltr'><strong>vel</strong></span> <span class='ocrx_word' id='word_1_32' title='bbox 205 955 277 1042; x_wconf 88' lang='lat' dir='ltr'><strong>ejus</strong></span> <span class='ocrx_word' id='word_1_33' title='bbox 288 970 427 1021; x_wconf 78' lang='lat' dir='ltr'><strong>examen</strong></span> <span class='ocrx_word' id='word_1_34' title='bbox 441 949 540 1019; x_wconf 87' lang='lat' dir='ltr'><strong>alioui</strong></span> <span class='ocrx_word' id='word_1_35' title='bbox 554 970 597 1019; x_wconf 83' lang='lat' dir='ltr'><strong>ex</strong></span> <span class='ocrx_word' id='word_1_36' title='bbox 610 946 704 1017; x_wconf 86' lang='lat' dir='ltr'><strong>dietis</strong></span> <span class='ocrx_word' id='word_1_37' title='bbox 719 948 1025 1038; x_wconf 78' lang='lat' dir='ltr'><strong>eongaegationihus</strong></span> <span class='ocrx_word' id='word_1_38' title='bbox 1035 951 1239 1021; x_wconf 77' lang='lat' dir='ltr'><strong>committat:</strong></span> 
     </span>
     <span class='ocr_line' id='line_1_6' title="bbox 96 1054 1241 1151; baseline 0.004 -27"><span class='ocrx_word' id='word_1_39' title='bbox 96 1082 115 1123; x_wconf 86' lang='lat' dir='ltr'><strong>u</strong></span> <span class='ocrx_word' id='word_1_40' title='bbox 138 1078 239 1149; x_wconf 90' lang='lat' dir='ltr'><strong>aqua</strong></span> <span class='ocrx_word' id='word_1_41' title='bbox 260 1065 473 1151; x_wconf 78' lang='lat' dir='ltr'><strong>posteaquam</strong></span> <span class='ocrx_word' id='word_1_42' title='bbox 492 1078 589 1126; x_wconf 88' lang='lat' dir='ltr'><strong>sunm</strong></span> <span class='ocrx_word' id='word_1_43' title='bbox 609 1062 723 1126; x_wconf 86' lang='lat' dir='ltr'><strong>votum</strong></span> <span class='ocrx_word' id='word_1_44' title='bbox 743 1054 964 1125; x_wconf 83' lang='lat' dir='ltr'><strong>consultivum</strong></span> <span class='ocrx_word' id='word_1_45' title='bbox 984 1056 1109 1129; x_wconf 87' lang='lat' dir='ltr'><strong>editum</strong></span> <span class='ocrx_word' id='word_1_46' title='bbox 1127 1058 1241 1149; x_wconf 79' lang='lat' dir='ltr'><strong>fuerit,</strong></span> 
     </span>
     <span class='ocr_line' id='line_1_7' title="bbox 97 1160 1242 1255; baseline 0.005 -26"><span class='ocrx_word' id='word_1_47' title='bbox 97 1188 159 1233; x_wconf 83' lang='lat' dir='ltr'><strong>ua</strong></span> <span class='ocrx_word' id='word_1_48' title='bbox 188 1163 361 1235; x_wconf 76' lang='lat' dir='ltr'><strong>secretario</strong></span> <span class='ocrx_word' id='word_1_49' title='bbox 388 1161 536 1255; x_wconf 86' lang='lat' dir='ltr'><strong>ejusdem</strong></span> <span class='ocrx_word' id='word_1_50' title='bbox 565 1160 826 1253; x_wconf 79' lang='lat' dir='ltr'><strong>congregationis</strong></span> <span class='ocrx_word' id='word_1_51' title='bbox 853 1160 955 1230; x_wconf 90' lang='lat' dir='ltr'><strong>totius</strong></span> <span class='ocrx_word' id='word_1_52' title='bbox 983 1165 1107 1253; x_wconf 77' lang='lat' dir='ltr'><strong>negotii</strong></span> <span class='ocrx_word' id='word_1_53' title='bbox 1142 1166 1242 1237; x_wconf 88' lang='lat' dir='ltr'><strong>series</strong></span> 
     </span>
     <span class='ocr_line' id='line_1_8' title="bbox 95 1267 1243 1365; baseline 0.006 -28"><span class='ocrx_word' id='word_1_54' title='bbox 95 1297 115 1337; x_wconf 86' lang='lat' dir='ltr'><strong>u</strong></span> <span class='ocrx_word' id='word_1_55' title='bbox 138 1280 251 1341; x_wconf 82' lang='lat' dir='ltr'><strong>oxaote</strong></span> <span class='ocrx_word' id='word_1_56' title='bbox 269 1272 419 1343; x_wconf 83' lang='lat' dir='ltr'><strong>Romano</strong></span> <span class='ocrx_word' id='word_1_57' title='bbox 433 1268 584 1341; x_wconf 80' lang='lat' dir='ltr'><strong>Pontifici</strong></span> <span class='ocrx_word' id='word_1_58' title='bbox 599 1290 660 1361; x_wconf 87' lang='lat' dir='ltr'><strong>pro</strong></span> <span class='ocrx_word' id='word_1_59' title='bbox 678 1275 825 1361; x_wconf 88' lang='lat' dir='ltr'><strong>tempore</strong></span> <span class='ocrx_word' id='word_1_60' title='bbox 838 1267 1017 1357; x_wconf 81' lang='lat' dir='ltr'><strong>referatur3</strong></span> <span class='ocrx_word' id='word_1_61' title='bbox 1033 1272 1093 1363; x_wconf 89' lang='lat' dir='ltr'><strong>qui</strong></span> <span class='ocrx_word' id='word_1_62' title='bbox 1105 1294 1167 1365; x_wconf 90' lang='lat' dir='ltr'><strong>pro</strong></span> <span class='ocrx_word' id='word_1_63' title='bbox 1181 1295 1243 1345; x_wconf 89' lang='lat' dir='ltr'><strong>sua</strong></span> 
     </span>
     <span class='ocr_line' id='line_1_9' title="bbox 97 1375 1241 1473; baseline 0.004 -28"><span class='ocrx_word' id='word_1_64' title='bbox 97 1404 115 1445; x_wconf 86' lang='lat' dir='ltr'><strong>u</strong></span> <span class='ocrx_word' id='word_1_65' title='bbox 139 1379 313 1471; x_wconf 88' lang='lat' dir='ltr'><strong>prudentia</strong></span> <span class='ocrx_word' id='word_1_66' title='bbox 332 1376 503 1471; x_wconf 80' lang='lat' dir='ltr'><strong>judicabit,</strong></span> <span class='ocrx_word' id='word_1_67' title='bbox 526 1398 569 1447; x_wconf 91' lang='lat' dir='ltr'><strong>an</strong></span> <span class='ocrx_word' id='word_1_68' title='bbox 589 1375 860 1467; x_wconf 82' lang='lat' dir='ltr'><strong>Congregationis</strong></span> <span class='ocrx_word' id='word_1_69' title='bbox 885 1376 1042 1446; x_wconf 83' lang='lat' dir='ltr'><strong>resolutio</strong></span> <span class='ocrx_word' id='word_1_70' title='bbox 1058 1376 1103 1447; x_wconf 92' lang='lat' dir='ltr'><strong>sit</strong></span> <span class='ocrx_word' id='word_1_71' title='bbox 1120 1401 1241 1473; x_wconf 90' lang='lat' dir='ltr'><strong>appro-</strong></span> 
     </span>
     <span class='ocr_line' id='line_1_10' title="bbox 97 1482 1243 1578; baseline 0.004 -25"><span class='ocrx_word' id='word_1_72' title='bbox 97 1514 116 1553; x_wconf 85' lang='lat' dir='ltr'><strong>u</strong></span> <span class='ocrx_word' id='word_1_73' title='bbox 138 1486 259 1573; x_wconf 88' lang='lat' dir='ltr'><strong>hande,</strong></span> <span class='ocrx_word' id='word_1_74' title='bbox 282 1485 335 1555; x_wconf 86' lang='lat' dir='ltr'><strong>vel</strong></span> <span class='ocrx_word' id='word_1_75' title='bbox 355 1485 464 1578; x_wconf 88' lang='lat' dir='ltr'><strong>potins</strong></span> <span class='ocrx_word' id='word_1_76' title='bbox 478 1484 578 1555; x_wconf 89' lang='lat' dir='ltr'><strong>totius</strong></span> <span class='ocrx_word' id='word_1_77' title='bbox 597 1504 704 1553; x_wconf 82' lang='lat' dir='ltr'><strong>causae</strong></span> <span class='ocrx_word' id='word_1_78' title='bbox 724 1505 864 1553; x_wconf 84' lang='lat' dir='ltr'><strong>examen</strong></span> <span class='ocrx_word' id='word_1_79' title='bbox 877 1482 973 1552; x_wconf 89' lang='lat' dir='ltr'><strong>alteri</strong></span> <span class='ocrx_word' id='word_1_80' title='bbox 988 1484 1243 1578; x_wconf 75' lang='lat' dir='ltr'><strong>congregationi</strong></span> 
     </span>
     <span class='ocr_line' id='line_1_11' title="bbox 98 1589 1243 1686; baseline 0.003 -24"><span class='ocrx_word' id='word_1_81' title='bbox 98 1618 117 1661; x_wconf 86' lang='lat' dir='ltr'><strong>u</strong></span> <span class='ocrx_word' id='word_1_82' title='bbox 139 1593 192 1664; x_wconf 88' lang='lat' dir='ltr'><strong>vel</strong></span> <span class='ocrx_word' id='word_1_83' title='bbox 210 1593 382 1681; x_wconf 88' lang='lat' dir='ltr'><strong>tribunali,</strong></span> <span class='ocrx_word' id='word_1_84' title='bbox 398 1600 497 1686; x_wconf 87' lang='lat' dir='ltr'><strong>prout</strong></span> <span class='ocrx_word' id='word_1_85' title='bbox 518 1590 626 1663; x_wconf 89' lang='lat' dir='ltr'><strong>eidem</strong></span> <span class='ocrx_word' id='word_1_86' title='bbox 642 1590 794 1663; x_wconf 83' lang='lat' dir='ltr'><strong>Pontifici</strong></span> <span class='ocrx_word' id='word_1_87' title='bbox 816 1589 996 1679; x_wconf 80' lang='lat' dir='ltr'><strong>videbitur,</strong></span> <span class='ocrx_word' id='word_1_88' title='bbox 1018 1614 1135 1665; x_wconf 85' lang='lat' dir='ltr'><strong>mrsus</strong></span> <span class='ocrx_word' id='word_1_89' title='bbox 1152 1618 1243 1666; x_wconf 86' lang='lat' dir='ltr'><strong>eom·</strong></span> 
     </span>
     <span class='ocr_line' id='line_1_12' title="bbox 98 1700 401 1773; baseline -0.007 -4"><span class='ocrx_word' id='word_1_90' title='bbox 98 1728 117 1769; x_wconf 84' lang='lat' dir='ltr'><strong>u</strong></span> <span class='ocrx_word' id='word_1_91' title='bbox 141 1700 352 1773; x_wconf 87' lang='lat' dir='ltr'><strong>mittendum.</strong></span> <span class='ocrx_word' id='word_1_92' title='bbox 383 1727 401 1767; x_wconf 82' lang='lat' dir='ltr'><strong>a</strong></span> 
     </span>
    </p>

    <p class='ocr_par' dir='ltr' id='par_1_3' title="bbox 92 1807 1245 2439">
     <span class='ocr_line' id='line_1_13' title="bbox 139 1807 1244 1906; baseline 0.005 -29"><span class='ocrx_word' id='word_1_93' title='bbox 139 1808 181 1878; x_wconf 88' lang='lat'><strong>11.</strong></span> <span class='ocrx_word' id='word_1_94' title='bbox 203 1808 293 1893; x_wconf 82' lang='lat' dir='ltr'><strong>Quid</strong></span> <span class='ocrx_word' id='word_1_95' title='bbox 307 1809 499 1901; x_wconf 81' lang='lat' dir='ltr'><strong>requiratur</strong></span> <span class='ocrx_word' id='word_1_96' title='bbox 518 1819 556 1877; x_wconf 88' lang='lat' dir='ltr'><strong>ut</strong></span> <span class='ocrx_word' id='word_1_97' title='bbox 573 1807 686 1878; x_wconf 85' lang='lat' dir='ltr'><strong>valida</strong></span> <span class='ocrx_word' id='word_1_98' title='bbox 701 1820 732 1877; x_wconf 87' lang='lat' dir='ltr'><strong>et</strong></span> <span class='ocrx_word' id='word_1_99' title='bbox 751 1808 843 1878; x_wconf 80' lang='lat' dir='ltr'><strong>licitu</strong></span> <span class='ocrx_word' id='word_1_100' title='bbox 863 1809 906 1879; x_wconf 81' lang='lat' dir='ltr'><strong>sit</strong></span> <span class='ocrx_word' id='word_1_101' title='bbox 917 1812 1093 1903; x_wconf 73' lang='lat' dir='ltr'><strong>pontificia</strong></span> <span class='ocrx_word' id='word_1_102' title='bbox 1111 1811 1244 1906; x_wconf 78' lang='lat' dir='ltr'><strong>dispert-</strong></span> 
     </span>
     <span class='ocr_line' id='line_1_14' title="bbox 92 1914 1243 2007; baseline 0.007 -22"><span class='ocrx_word' id='word_1_103' title='bbox 92 1916 203 1993; x_wconf 84' lang='lat' dir='ltr'><strong>sutio?</strong></span> <span class='ocrx_word' id='word_1_104' title='bbox 214 1954 259 1969; x_wconf 93' lang='lat'>-</span> <span class='ocrx_word' id='word_1_105' title='bbox 279 1919 312 1983; x_wconf 75' lang='grc' dir='ltr'><strong>1ο</strong></span> <span class='ocrx_word' id='word_1_106' title='bbox 327 1915 381 1985; x_wconf 84' lang='lat' dir='ltr'><strong>Ad</strong></span> <span class='ocrx_word' id='word_1_107' title='bbox 395 1914 596 1986; x_wconf 87' lang='lat' dir='ltr'><strong>validitatem</strong></span> <span class='ocrx_word' id='word_1_108' title='bbox 616 1914 778 2007; x_wconf 87' lang='lat' dir='ltr'><strong>ejusmodi</strong></span> <span class='ocrx_word' id='word_1_109' title='bbox 793 1916 1023 2007; x_wconf 79' lang='lat' dir='ltr'><strong>concessionis,</strong></span> <span class='ocrx_word' id='word_1_110' title='bbox 1040 1942 1099 1991; x_wconf 91' lang='lat' dir='ltr'><strong>seu</strong></span> <span class='ocrx_word' id='word_1_111' title='bbox 1114 1928 1152 1991; x_wconf 90' lang='lat' dir='ltr'><strong>ut</strong></span> <span class='ocrx_word' id='word_1_112' title='bbox 1170 1945 1243 1993; x_wconf 89' lang='lat' dir='ltr'><strong>ma-</strong></span> 
     </span>
     <span class='ocr_line' id='line_1_15' title="bbox 92 2021 1240 2121; baseline 0.004 -28"><span class='ocrx_word' id='word_1_113' title='bbox 92 2022 635 2110; x_wconf 87' lang='lat' dir='ltr'><strong>trimoniumreveradissolvatur,</strong></span> <span class='ocrx_word' id='word_1_114' title='bbox 646 2030 679 2091; x_wconf 86' lang='lat' dir='ltr'><strong>et</strong></span> <span class='ocrx_word' id='word_1_115' title='bbox 691 2021 781 2091; x_wconf 91' lang='lat' dir='ltr'><strong>aliud</strong></span> <span class='ocrx_word' id='word_1_116' title='bbox 792 2023 1020 2116; x_wconf 82' lang='lat' dir='ltr'><strong>aeonjugibns</strong></span> <span class='ocrx_word' id='word_1_117' title='bbox 1036 2026 1116 2097; x_wconf 91' lang='lat' dir='ltr'><strong>iniri</strong></span> <span class='ocrx_word' id='word_1_118' title='bbox 1128 2029 1240 2121; x_wconf 89' lang='lat' dir='ltr'><strong>possit,</strong></span> 
     </span>
     <span class='ocr_line' id='line_1_16' title="bbox 93 2130 1242 2207; baseline 0.005 -6"><span class='ocrx_word' id='word_1_119' title='bbox 93 2131 231 2201; x_wconf 91' lang='lat' dir='ltr'><strong>omnino</strong></span> <span class='ocrx_word' id='word_1_120' title='bbox 244 2153 373 2201; x_wconf 85' lang='lat' dir='ltr'><strong>neeesse</strong></span> <span class='ocrx_word' id='word_1_121' title='bbox 388 2138 437 2201; x_wconf 89' lang='lat' dir='ltr'><strong>est</strong></span> <span class='ocrx_word' id='word_1_122' title='bbox 452 2153 518 2201; x_wconf 93' lang='lat' dir='ltr'><strong>non</strong></span> <span class='ocrx_word' id='word_1_123' title='bbox 533 2130 752 2200; x_wconf 90' lang='lat' dir='ltr'><strong>intervenisse</strong></span> <span class='ocrx_word' id='word_1_124' title='bbox 769 2130 971 2201; x_wconf 89' lang='lat' dir='ltr'><strong>matrimonii</strong></span> <span class='ocrx_word' id='word_1_125' title='bbox 986 2138 1242 2207; x_wconf 86' lang='lat' dir='ltr'><strong>consummatio-</strong></span> 
     </span>
     <span class='ocr_line' id='line_1_17' title="bbox 92 2221 1245 2331; baseline 0.006 -24"><span class='ocrx_word' id='word_1_126' title='bbox 92 2260 183 2308; x_wconf 86' lang='lat' dir='ltr'><strong>nem.</strong></span> <span class='ocrx_word' id='word_1_127' title='bbox 201 2238 238 2307; x_wconf 89' lang='lat' dir='ltr'><strong>Si</strong></span> <span class='ocrx_word' id='word_1_128' title='bbox 251 2238 342 2307; x_wconf 87' lang='lat' dir='ltr'><strong>enim</strong></span> <span class='ocrx_word' id='word_1_129' title='bbox 359 2221 604 2308; x_wconf 85' lang='lat' dir='ltr'><strong>matrimonium</strong></span> <span class='ocrx_word' id='word_1_130' title='bbox 622 2236 720 2309; x_wconf 88' lang='lat' dir='ltr'><strong>luerit</strong></span> <span class='ocrx_word' id='word_1_131' title='bbox 735 2246 1011 2328; x_wconf 77' lang='lat' dir='ltr'><strong>consummatum,</strong></span> <span class='ocrx_word' id='word_1_132' title='bbox 1023 2240 1095 2331; x_wconf 88' lang='lat' dir='ltr'><strong>jam</strong></span> <span class='ocrx_word' id='word_1_133' title='bbox 1114 2254 1245 2314; x_wconf 92' lang='lat' dir='ltr'><strong>nonest</strong></span> 
     </span>
     <span class='ocr_line' id='line_1_18' title="bbox 93 2342 1243 2439; baseline 0.005 -24"><span class='ocrx_word' id='word_1_134' title='bbox 93 2368 155 2438; x_wconf 90' lang='lat' dir='ltr'><strong>per</strong></span> <span class='ocrx_word' id='word_1_135' title='bbox 179 2345 378 2437; x_wconf 83' lang='lat' dir='ltr'><strong>pontificiam</strong></span> <span class='ocrx_word' id='word_1_136' title='bbox 404 2345 675 2437; x_wconf 88' lang='lat' dir='ltr'><strong>dispensationem</strong></span> <span class='ocrx_word' id='word_1_137' title='bbox 700 2342 908 2433; x_wconf 87' lang='lat' dir='ltr'><strong>dissolubile;</strong></span> <span class='ocrx_word' id='word_1_138' title='bbox 936 2354 969 2416; x_wconf 91' lang='lat' dir='ltr'><strong>et</strong></span> <span class='ocrx_word' id='word_1_139' title='bbox 990 2357 1149 2439; x_wconf 82' lang='lat' dir='ltr'><strong>praeterea</strong></span> <span class='ocrx_word' id='word_1_140' title='bbox 1174 2352 1243 2421; x_wconf 87' lang='lat' dir='ltr'><strong>dis·</strong></span> 
     </span>
    </p>
   </div>
   <div class='ocr_carea' id='block_1_3' title="bbox 93 2451 1245 2655">
    <p class='ocr_par' dir='ltr' id='par_1_4' title="bbox 93 2451 1245 2655">
     <span class='ocr_line' id='line_1_19' title="bbox 93 2451 1243 2552; baseline 0.006 -30"><span class='ocrx_word' id='word_1_141' title='bbox 93 2454 319 2546; x_wconf 85' lang='lat' dir='ltr'><strong>pensationem</strong></span> <span class='ocrx_word' id='word_1_142' title='bbox 346 2453 499 2523; x_wconf 80' lang='lat' dir='ltr'><strong>Pontifex</strong></span> <span class='ocrx_word' id='word_1_143' title='bbox 522 2475 589 2522; x_wconf 92' lang='lat' dir='ltr'><strong>non</strong></span> <span class='ocrx_word' id='word_1_144' title='bbox 615 2451 774 2539; x_wconf 82' lang='lat' dir='ltr'><strong>coneedit,</strong></span> <span class='ocrx_word' id='word_1_145' title='bbox 801 2453 865 2521; x_wconf 88' lang='lat' dir='ltr'><strong>nisi</strong></span> <span class='ocrx_word' id='word_1_146' title='bbox 893 2453 929 2522; x_wconf 93' lang='lat' dir='ltr'><strong>in</strong></span> <span class='ocrx_word' id='word_1_147' title='bbox 953 2454 1128 2547; x_wconf 83' lang='lat' dir='ltr'><strong>hypothesi</strong></span> <span class='ocrx_word' id='word_1_148' title='bbox 1153 2460 1243 2552; x_wconf 91' lang='lat' dir='ltr'><strong>qnod</strong></span> 
     </span>
     <span class='ocr_line' id='line_1_20' title="bbox 95 2561 1245 2655; baseline 0.006 -25"><span class='ocrx_word' id='word_1_149' title='bbox 95 2561 345 2634; x_wconf 87' lang='lat' dir='ltr'><strong>matrimonium</strong></span> <span class='ocrx_word' id='word_1_150' title='bbox 364 2584 433 2631; x_wconf 93' lang='lat' dir='ltr'><strong>non</strong></span> <span class='ocrx_word' id='word_1_151' title='bbox 449 2561 549 2631; x_wconf 82' lang='lat' dir='ltr'><strong>luerit</strong></span> <span class='ocrx_word' id='word_1_152' title='bbox 566 2568 840 2631; x_wconf 79' lang='lat' dir='ltr'><strong>consummatum.</strong></span> <span class='ocrx_word' id='word_1_153' title='bbox 858 2562 956 2650; x_wconf 86' lang='lat' dir='ltr'><strong>Hine,</strong></span> <span class='ocrx_word' id='word_1_154' title='bbox 973 2564 1002 2632; x_wconf 90' lang='lat' dir='ltr'><strong>si</strong></span> <span class='ocrx_word' id='word_1_155' title='bbox 1024 2574 1136 2655; x_wconf 86' lang='lat' dir='ltr'><strong>postea</strong></span> <span class='ocrx_word' id='word_1_156' title='bbox 1154 2566 1245 2637; x_wconf 92' lang='lat' dir='ltr'><strong>dete-</strong></span> 
     </span>
    </p>
   </div>
   <div class='ocr_carea' id='block_1_4' title="bbox 93 2668 1249 4354">
    <p class='ocr_par' dir='ltr' id='par_1_5' title="bbox 93 2668 1249 4354">
     <span class='ocr_line' id='line_1_21' title="bbox 94 2668 1244 2763; baseline 0.006 -24"><span class='ocrx_word' id='word_1_157' title='bbox 94 2677 195 2760; x_wconf 84' lang='lat' dir='ltr'><strong>gatur</strong></span> <span class='ocrx_word' id='word_1_158' title='bbox 223 2670 394 2763; x_wconf 81' lang='lat' dir='ltr'><strong>deceptum</strong></span> <span class='ocrx_word' id='word_1_159' title='bbox 422 2668 521 2739; x_wconf 83' lang='lat' dir='ltr'><strong>inisse</strong></span> <span class='ocrx_word' id='word_1_160' title='bbox 549 2668 752 2755; x_wconf 79' lang='lat' dir='ltr'><strong>Pontificem,</strong></span> <span class='ocrx_word' id='word_1_161' title='bbox 783 2679 815 2737; x_wconf 91' lang='lat' dir='ltr'><strong>et</strong></span> <span class='ocrx_word' id='word_1_162' title='bbox 841 2691 957 2740; x_wconf 89' lang='lat' dir='ltr'><strong>revera</strong></span> <span class='ocrx_word' id='word_1_163' title='bbox 981 2684 1244 2745; x_wconf 74' lang='lat' dir='ltr'><strong>consummatum</strong></span> 
     </span>
     <span class='ocr_line' id='line_1_22' title="bbox 94 2776 1241 2870; baseline 0.004 -23"><span class='ocrx_word' id='word_1_164' title='bbox 94 2777 199 2847; x_wconf 86' lang='lat' dir='ltr'><strong>fuisse</strong></span> <span class='ocrx_word' id='word_1_165' title='bbox 221 2776 467 2847; x_wconf 85' lang='lat' dir='ltr'><strong>matrimonium</strong></span> <span class='ocrx_word' id='word_1_166' title='bbox 486 2776 574 2869; x_wconf 90' lang='lat' dir='ltr'><strong>quod</strong></span> <span class='ocrx_word' id='word_1_167' title='bbox 594 2776 860 2868; x_wconf 79' lang='lat' dir='ltr'><strong>praetendebatur</strong></span> <span class='ocrx_word' id='word_1_168' title='bbox 880 2800 948 2847; x_wconf 89' lang='lat' dir='ltr'><strong>non</strong></span> <span class='ocrx_word' id='word_1_169' title='bbox 965 2789 1241 2870; x_wconf 82' lang='lat' dir='ltr'><strong>consummatum,</strong></span> 
     </span>
     <span class='ocr_line' id='line_1_23' title="bbox 93 2882 1245 2979; baseline 0.006 -26"><span class='ocrx_word' id='word_1_170' title='bbox 93 2885 304 2979; x_wconf 88' lang='lat' dir='ltr'><strong>pronuntiari</strong></span> <span class='ocrx_word' id='word_1_171' title='bbox 330 2883 437 2972; x_wconf 89' lang='lat' dir='ltr'><strong>dehet,</strong></span> <span class='ocrx_word' id='word_1_172' title='bbox 460 2906 527 2953; x_wconf 89' lang='lat' dir='ltr'><strong>non</strong></span> <span class='ocrx_word' id='word_1_173' title='bbox 555 2883 703 2953; x_wconf 90' lang='lat' dir='ltr'><strong>obstante</strong></span> <span class='ocrx_word' id='word_1_174' title='bbox 726 2882 978 2977; x_wconf 89' lang='lat' dir='ltr'><strong>dispensatione,</strong></span> <span class='ocrx_word' id='word_1_175' title='bbox 1001 2886 1101 2978; x_wconf 87' lang='lat' dir='ltr'><strong>hujus</strong></span> <span class='ocrx_word' id='word_1_176' title='bbox 1129 2891 1245 2961; x_wconf 89' lang='lat' dir='ltr'><strong>matri·</strong></span> 
     </span>
     <span class='ocr_line' id='line_1_24' title="bbox 96 2990 1239 3085; baseline 0.007 -24"><span class='ocrx_word' id='word_1_177' title='bbox 96 2992 201 3061; x_wconf 90' lang='lat' dir='ltr'><strong>monii</strong></span> <span class='ocrx_word' id='word_1_178' title='bbox 225 2990 387 3080; x_wconf 82' lang='lat' dir='ltr'><strong>validitas,</strong></span> <span class='ocrx_word' id='word_1_179' title='bbox 414 2999 447 3061; x_wconf 91' lang='lat' dir='ltr'><strong>et</strong></span> <span class='ocrx_word' id='word_1_180' title='bbox 476 2991 711 3083; x_wconf 88' lang='lat' dir='ltr'><strong>subsequenter</strong></span> <span class='ocrx_word' id='word_1_181' title='bbox 735 2992 892 3061; x_wconf 80' lang='lat' dir='ltr'><strong>contracti</strong></span> <span class='ocrx_word' id='word_1_182' title='bbox 919 2993 1062 3085; x_wconf 81' lang='lat' dir='ltr'><strong>conjugii</strong></span> <span class='ocrx_word' id='word_1_183' title='bbox 1094 2996 1239 3069; x_wconf 89' lang='lat' dir='ltr'><strong>nullitas.</strong></span> 
     </span>
     <span class='ocr_line' id='line_1_25' title="bbox 95 3098 1243 3191; baseline 0.007 -21"><span class='ocrx_word' id='word_1_184' title='bbox 95 3105 132 3170; x_wconf 81' lang='lat'><strong>2⁰</strong></span> <span class='ocrx_word' id='word_1_185' title='bbox 162 3100 216 3169; x_wconf 86' lang='lat' dir='ltr'><strong>Ad</strong></span> <span class='ocrx_word' id='word_1_186' title='bbox 242 3099 415 3169; x_wconf 89' lang='lat' dir='ltr'><strong>lioeitatam</strong></span> <span class='ocrx_word' id='word_1_187' title='bbox 453 3099 631 3190; x_wconf 89' lang='lat' dir='ltr'><strong>requiritur</strong></span> <span class='ocrx_word' id='word_1_188' title='bbox 660 3099 820 3191; x_wconf 83' lang='lat' dir='ltr'><strong>probatio</strong></span> <span class='ocrx_word' id='word_1_189' title='bbox 849 3098 891 3169; x_wconf 89' lang='lat' dir='ltr'><strong>de</strong></span> <span class='ocrx_word' id='word_1_190' title='bbox 917 3122 986 3170; x_wconf 95' lang='lat' dir='ltr'><strong>non</strong></span> <span class='ocrx_word' id='word_1_191' title='bbox 1017 3115 1243 3177; x_wconf 83' lang='lat' dir='ltr'><strong>consummato</strong></span> 
     </span>
     <span class='ocr_line' id='line_1_26' title="bbox 95 3205 1242 3305; baseline 0.003 -24"><span class='ocrx_word' id='word_1_192' title='bbox 95 3206 322 3294; x_wconf 86' lang='lat' dir='ltr'><strong>matrimonio,</strong></span> <span class='ocrx_word' id='word_1_193' title='bbox 338 3215 371 3276; x_wconf 92' lang='lat' dir='ltr'><strong>et</strong></span> <span class='ocrx_word' id='word_1_194' title='bbox 378 3207 477 3298; x_wconf 80' lang='lat' dir='ltr'><strong>justu</strong></span> <span class='ocrx_word' id='word_1_195' title='bbox 490 3227 591 3275; x_wconf 81' lang='lat' dir='ltr'><strong>eausa</strong></span> <span class='ocrx_word' id='word_1_196' title='bbox 604 3206 687 3276; x_wconf 92' lang='lat' dir='ltr'><strong>illud</strong></span> <span class='ocrx_word' id='word_1_197' title='bbox 702 3205 903 3276; x_wconf 88' lang='lat' dir='ltr'><strong>dissolvendi</strong></span> <span class='ocrx_word' id='word_1_198' title='bbox 921 3209 1093 3300; x_wconf 89' lang='lat' dir='ltr'><strong>:probatio</strong></span> <span class='ocrx_word' id='word_1_199' title='bbox 1109 3212 1242 3305; x_wconf 89' lang='lat' dir='ltr'><strong>quidem</strong></span> 
     </span>
     <span class='ocr_line' id='line_1_27' title="bbox 94 3314 1243 3415; baseline 0.006 -30"><span class='ocrx_word' id='word_1_200' title='bbox 94 3316 139 3385; x_wconf 91' lang='lat' dir='ltr'><strong>de</strong></span> <span class='ocrx_word' id='word_1_201' title='bbox 153 3336 221 3384; x_wconf 93' lang='lat' dir='ltr'><strong>non</strong></span> <span class='ocrx_word' id='word_1_202' title='bbox 234 3321 458 3383; x_wconf 87' lang='lat' dir='ltr'><strong>consummato</strong></span> <span class='ocrx_word' id='word_1_203' title='bbox 470 3314 699 3396; x_wconf 86' lang='lat' dir='ltr'><strong>matrimonio;</strong></span> <span class='ocrx_word' id='word_1_204' title='bbox 716 3314 795 3406; x_wconf 87' lang='lat' dir='ltr'><strong>quia</strong></span> <span class='ocrx_word' id='word_1_205' title='bbox 809 3314 838 3383; x_wconf 92' lang='lat' dir='ltr'><strong>si</strong></span> <span class='ocrx_word' id='word_1_206' title='bbox 851 3336 894 3385; x_wconf 82' lang='lat' dir='ltr'><strong>ex</strong></span> <span class='ocrx_word' id='word_1_207' title='bbox 909 3314 978 3387; x_wconf 88' lang='lat' dir='ltr'><strong>sola</strong></span> <span class='ocrx_word' id='word_1_208' title='bbox 992 3320 1170 3391; x_wconf 86' lang='lat' dir='ltr'><strong>assertione</strong></span> <span class='ocrx_word' id='word_1_209' title='bbox 1185 3346 1243 3415; x_wconf 91' lang='lat' dir='ltr'><strong>pe-</strong></span> 
     </span>
     <span class='ocr_line' id='line_1_28' title="bbox 94 3418 1245 3513; baseline 0.009 -22"><span class='ocrx_word' id='word_1_210' title='bbox 94 3421 238 3491; x_wconf 89' lang='lat' dir='ltr'><strong>tentium</strong></span> <span class='ocrx_word' id='word_1_211' title='bbox 263 3420 460 3513; x_wconf 86' lang='lat' dir='ltr'><strong>dispensatio</strong></span> <span class='ocrx_word' id='word_1_212' title='bbox 486 3418 694 3510; x_wconf 84' lang='lat' dir='ltr'><strong>concedatur,</strong></span> <span class='ocrx_word' id='word_1_213' title='bbox 723 3442 800 3491; x_wconf 89' lang='lat' dir='ltr'><strong>eum</strong></span> <span class='ocrx_word' id='word_1_214' title='bbox 829 3420 902 3491; x_wconf 82' lang='lat' dir='ltr'><strong>haee</strong></span> <span class='ocrx_word' id='word_1_215' title='bbox 920 3424 1055 3497; x_wconf 87' lang='lat' dir='ltr'><strong>assertio</strong></span> <span class='ocrx_word' id='word_1_216' title='bbox 1075 3428 1157 3497; x_wconf 82' lang='lat' dir='ltr'><strong>ialsa</strong></span> <span class='ocrx_word' id='word_1_217' title='bbox 1174 3451 1245 3501; x_wconf 90' lang='lat' dir='ltr'><strong>esse</strong></span> 
     </span>
     <span class='ocr_line' id='line_1_29' title="bbox 94 3527 1244 3629; baseline 0.005 -29"><span class='ocrx_word' id='word_1_218' title='bbox 94 3530 214 3623; x_wconf 88' lang='lat' dir='ltr'><strong>possit,</strong></span> <span class='ocrx_word' id='word_1_219' title='bbox 237 3528 330 3598; x_wconf 88' lang='lat' dir='ltr'><strong>adest</strong></span> <span class='ocrx_word' id='word_1_220' title='bbox 346 3528 528 3621; x_wconf 89' lang='lat' dir='ltr'><strong>perieulum</strong></span> <span class='ocrx_word' id='word_1_221' title='bbox 543 3529 680 3621; x_wconf 87' lang='lat' dir='ltr'><strong>januam</strong></span> <span class='ocrx_word' id='word_1_222' title='bbox 700 3528 868 3621; x_wconf 87' lang='lat' dir='ltr'><strong>aperiendi</strong></span> <span class='ocrx_word' id='word_1_223' title='bbox 885 3527 1123 3604; x_wconf 88' lang='lat' dir='ltr'><strong>adulteriorum</strong></span> <span class='ocrx_word' id='word_1_224' title='bbox 1147 3538 1244 3629; x_wconf 84' lang='lat' dir='ltr'><strong>flagi-</strong></span> 
     </span>
     <span class='ocr_line' id='line_1_30' title="bbox 94 3635 1244 3736; baseline 0.009 -31"><span class='ocrx_word' id='word_1_225' title='bbox 94 3639 170 3719; x_wconf 87' lang='lat' dir='ltr'><strong>tiis;</strong></span> <span class='ocrx_word' id='word_1_226' title='bbox 201 3636 363 3730; x_wconf 89' lang='lat' dir='ltr'><strong>siquidem</strong></span> <span class='ocrx_word' id='word_1_227' title='bbox 394 3635 557 3707; x_wconf 89' lang='lat' dir='ltr'><strong>mediante</strong></span> <span class='ocrx_word' id='word_1_228' title='bbox 590 3635 830 3728; x_wconf 86' lang='lat' dir='ltr'><strong>dispensatione</strong></span> <span class='ocrx_word' id='word_1_229' title='bbox 865 3639 1051 3709; x_wconf 87' lang='lat' dir='ltr'><strong>transibunt</strong></span> <span class='ocrx_word' id='word_1_230' title='bbox 1088 3645 1244 3736; x_wconf 83' lang='lat' dir='ltr'><strong>aonjnges</strong></span> 
     </span>
     <span class='ocr_line' id='line_1_31' title="bbox 95 3744 1243 3843; baseline 0.009 -30"><span class='ocrx_word' id='word_1_231' title='bbox 95 3746 139 3813; x_wconf 91' lang='lat' dir='ltr'><strong>ad</strong></span> <span class='ocrx_word' id='word_1_232' title='bbox 156 3766 242 3814; x_wconf 91' lang='lat' dir='ltr'><strong>nova</strong></span> <span class='ocrx_word' id='word_1_233' title='bbox 265 3744 440 3831; x_wconf 86' lang='lat' dir='ltr'><strong>connubia,</strong></span> <span class='ocrx_word' id='word_1_234' title='bbox 463 3766 537 3836; x_wconf 77' lang='lat' dir='ltr'><strong>qum</strong></span> <span class='ocrx_word' id='word_1_235' title='bbox 556 3749 667 3835; x_wconf 86' lang='lat' dir='ltr'><strong>utpote</strong></span> <span class='ocrx_word' id='word_1_236' title='bbox 684 3744 791 3832; x_wconf 87' lang='lat' dir='ltr'><strong>irrita,</strong></span> <span class='ocrx_word' id='word_1_237' title='bbox 805 3744 891 3813; x_wconf 91' lang='lat' dir='ltr'><strong>nihil</strong></span> <span class='ocrx_word' id='word_1_238' title='bbox 911 3746 1005 3815; x_wconf 90' lang='lat' dir='ltr'><strong>aliud</strong></span> <span class='ocrx_word' id='word_1_239' title='bbox 1024 3760 1123 3818; x_wconf 92' lang='lat' dir='ltr'><strong>erunt</strong></span> <span class='ocrx_word' id='word_1_240' title='bbox 1142 3774 1243 3843; x_wconf 90' lang='lat' dir='ltr'><strong>quam</strong></span> 
     </span>
     <span class='ocr_line' id='line_1_32' title="bbox 94 3849 1245 3942; baseline 0.009 -21"><span class='ocrx_word' id='word_1_241' title='bbox 94 3851 232 3941; x_wconf 82' lang='lat' dir='ltr'><strong>flagitia.</strong></span> <span class='ocrx_word' id='word_1_242' title='bbox 252 3849 318 3919; x_wconf 87' lang='lat' dir='ltr'><strong>Sed</strong></span> <span class='ocrx_word' id='word_1_243' title='bbox 332 3858 505 3942; x_wconf 85' lang='lat' dir='ltr'><strong>postquam</strong></span> <span class='ocrx_word' id='word_1_244' title='bbox 517 3858 641 3920; x_wconf 81' lang='lat' dir='ltr'><strong>constat</strong></span> <span class='ocrx_word' id='word_1_245' title='bbox 653 3859 916 3921; x_wconf 83' lang='lat' dir='ltr'><strong>consummatum</strong></span> <span class='ocrx_word' id='word_1_246' title='bbox 935 3874 1052 3923; x_wconf 86' lang='lat' dir='ltr'><strong>revera</strong></span> <span class='ocrx_word' id='word_1_247' title='bbox 1064 3878 1130 3927; x_wconf 90' lang='lat' dir='ltr'><strong>non</strong></span> <span class='ocrx_word' id='word_1_248' title='bbox 1143 3859 1245 3931; x_wconf 83' lang='lat' dir='ltr'><strong>fuisse</strong></span> 
     </span>
     <span class='ocr_line' id='line_1_33' title="bbox 96 3956 1246 4058; baseline 0.01 -30"><span class='ocrx_word' id='word_1_249' title='bbox 96 3958 362 4047; x_wconf 87' lang='lat' dir='ltr'><strong>matrimonium,</strong></span> <span class='ocrx_word' id='word_1_250' title='bbox 391 3956 524 4027; x_wconf 83' lang='lat' dir='ltr'><strong>concedi</strong></span> <span class='ocrx_word' id='word_1_251' title='bbox 550 3979 617 4027; x_wconf 91' lang='lat' dir='ltr'><strong>non</strong></span> <span class='ocrx_word' id='word_1_252' title='bbox 644 3957 740 4028; x_wconf 90' lang='lat' dir='ltr'><strong>debet</strong></span> <span class='ocrx_word' id='word_1_253' title='bbox 761 3957 971 4051; x_wconf 88' lang='lat' dir='ltr'><strong>dispensatio,</strong></span> <span class='ocrx_word' id='word_1_254' title='bbox 999 3960 1132 4034; x_wconf 77' lang='lat' dir='ltr'><strong>nisiex</strong></span> <span class='ocrx_word' id='word_1_255' title='bbox 1155 3965 1246 4058; x_wconf 84' lang='lat' dir='ltr'><strong>justa</strong></span> 
     </span>
     <span class='ocr_line' id='line_1_34' title="bbox 97 4065 1246 4165; baseline 0.007 -28"><span class='ocrx_word' id='word_1_256' title='bbox 97 4088 198 4137; x_wconf 89' lang='lat' dir='ltr'><strong>cansa</strong></span> <span class='ocrx_word' id='word_1_257' title='bbox 223 4094 231 4134; x_wconf 76' lang='lat' dir='ltr'>x</span> <span class='ocrx_word' id='word_1_258' title='bbox 256 4065 415 4135; x_wconf 83' lang='lat' dir='ltr'><strong>relaxatio</strong></span> <span class='ocrx_word' id='word_1_259' title='bbox 435 4065 524 4135; x_wconf 90' lang='lat' dir='ltr'><strong>enim</strong></span> <span class='ocrx_word' id='word_1_260' title='bbox 546 4065 799 4135; x_wconf 88' lang='lat' dir='ltr'><strong>matrimonialis</strong></span> <span class='ocrx_word' id='word_1_261' title='bbox 821 4066 945 4137; x_wconf 84' lang='lat' dir='ltr'><strong>vineuli</strong></span> <span class='ocrx_word' id='word_1_262' title='bbox 969 4076 1018 4137; x_wconf 91' lang='lat' dir='ltr'><strong>est</strong></span> <span class='ocrx_word' id='word_1_263' title='bbox 1037 4070 1118 4162; x_wconf 89' lang='lat' dir='ltr'><strong>qnid</strong></span> <span class='ocrx_word' id='word_1_264' title='bbox 1136 4095 1194 4165; x_wconf 88' lang='lat' dir='ltr'><strong>per</strong></span> <span class='ocrx_word' id='word_1_265' title='bbox 1210 4099 1246 4146; x_wconf 90' lang='lat' dir='ltr'><strong>se</strong></span> 
     </span>
     <span class='ocr_line' id='line_1_35' title="bbox 94 4171 1249 4274; baseline 0.009 -29"><span class='ocrx_word' id='word_1_266' title='bbox 94 4176 186 4246; x_wconf 92' lang='lat' dir='ltr'><strong>hono</strong></span> <span class='ocrx_word' id='word_1_267' title='bbox 207 4172 352 4265; x_wconf 77' lang='lat' dir='ltr'><strong>generali</strong></span> <span class='ocrx_word' id='word_1_268' title='bbox 365 4171 518 4243; x_wconf 72' lang='lat' dir='ltr'><strong>Feelesiae</strong></span> <span class='ocrx_word' id='word_1_269' title='bbox 533 4172 706 4261; x_wconf 76' lang='lat' dir='ltr'><strong>nouvum5</strong></span> <span class='ocrx_word' id='word_1_270' title='bbox 724 4172 813 4243; x_wconf 87' lang='lat' dir='ltr'><strong>nude</strong></span> <span class='ocrx_word' id='word_1_271' title='bbox 836 4173 911 4243; x_wconf 88' lang='lat' dir='ltr'><strong>lieri</strong></span> <span class='ocrx_word' id='word_1_272' title='bbox 931 4196 998 4245; x_wconf 90' lang='lat' dir='ltr'><strong>non</strong></span> <span class='ocrx_word' id='word_1_273' title='bbox 1016 4174 1111 4247; x_wconf 88' lang='lat' dir='ltr'><strong>dehet</strong></span> <span class='ocrx_word' id='word_1_274' title='bbox 1124 4180 1249 4274; x_wconf 86' lang='lat' dir='ltr'><strong>absque</strong></span> 
     </span>
     <span class='ocr_line' id='line_1_36' title="bbox 98 4279 437 4354; baseline -0.015 0"><span class='ocrx_word' id='word_1_275' title='bbox 98 4281 227 4354; x_wconf 88' lang='lat' dir='ltr'><strong>motivo</strong></span> <span class='ocrx_word' id='word_1_276' title='bbox 241 4279 437 4351; x_wconf 86' lang='lat' dir='ltr'><strong>rationabili.</strong></span> 
     </span>
    </p>
   </div>
   <div class='ocr_carea' id='block_1_5' title="bbox 0 0 1535 4984">
    <p class='ocr_par' dir='ltr' id='par_1_6' title="bbox 0 0 1535 4984">
     <span class='ocr_line' id='line_1_37' title="bbox 0 0 1535 4984; baseline 0 0"><span class='ocrx_word' id='word_1_277' title='bbox 0 0 1535 4984; x_wconf 95' lang='lat' dir='ltr'><strong> </strong></span> 
     </span>
    </p>
   </div>
  </div>
 </body>
</html>
