3050 4984
553 487 626 533 ms
649 486 794 534 SECUNDA.

658 715 685 783 1.

371 867 491 918 Formuls
508 880 556 931 pro
573 866 686 918 creando
703 867 765 918 vivs
779 880 845 917 voco
862 867 972 918 notario.

148 1059 163 1095 α
193 1036 231 1100 ln
253 1043 361 1100 oestro
384 1045 543 1120 tanquam
565 1039 695 1102 testium
716 1037 764 1101 ael
789 1035 827 1100 iel
850 1036 1030 1121 specialiter
1054 1045 1245 1121 rapatorum

99 1141 393 1226 presentatum
412 1144 452 1211 N.
475 1144 517 1211 N.
541 1146 575 1208 in
593 1146 759 1208 notarium
776 1143 947 1226 publicum
971 1163 1130 1223 creamus,
1156 1165 1246 1210 ereo-

103 1258 176 1313 tum
186 1267 248 1332 pro
262 1252 629 1335 actuariodeputamus,
646 1252 738 1334 eique
750 1255 982 1335 juramentum
995 1250 1034 1315 ale
1048 1251 1153 1332 officio
1165 1253 1245 1332 fiole-

103 1356 179 1420 liter
192 1358 379 1442 exequendo
394 1359 603 1441 imponimus.
621 1383 636 1418 s

150 1489 303 1562 Notarius
319 1501 427 1561 sutem
442 1493 528 1561 illico
551 1494 585 1561 in
605 1493 779 1585 proesentis
799 1493 988 1563 eorumdem
1008 1495 1138 1564 testium
1156 1499 1249 1586 jum·

104 1606 255 1666 mentum
270 1597 422 1690 deponet,
440 1598 563 1686 disens,
581 1600 673 1668 verbi
692 1600 820 1690 gratia:

156 1769 171 1806 s
198 1740 272 1828 Epo
296 1742 338 1810 N.
361 1761 383 1805 a
401 1743 441 1806 D.
463 1743 506 1810 N.
531 1742 690 1824 Episcopo
709 1742 751 1809 N.
771 1744 918 1806 notorius
932 1745 1084 1826 publicus
1106 1753 1245 1824 oreatus,

101 1856 271 1939 prmnt'tlo,
286 1850 427 1935 spondeo
442 1860 472 1913 et
483 1852 578 1932 juro,
593 1867 645 1912 me
662 1849 807 1930 officium
821 1850 912 1932 quod
929 1854 1055 1934 suscepi
1069 1852 1207 1930 fideliter
1221 1862 1251 1918 et

104 1965 241 2039 sineere,
264 1968 425 2043 quantum
448 1961 483 2020 in
505 1975 557 2020 me
579 1965 637 2034 est,
661 1965 871 2022 assuetorum
895 1964 927 2020 el
948 1959 1175 2039 impleturum,⁴
1193 1977 1251 2022 nee

106 2069 290 2153 qmdqnam
312 2067 346 2128 in
366 2083 415 2142 eo,
432 2064 547 2144 saoore
564 2072 622 2126 aut
643 2065 752 2147 pratia
771 2063 930 2142 tamena,
947 2073 1114 2141 aeturum;
1131 2067 1177 2130 sie
1200 2085 1250 2130 me

106 2178 195 2242 Deus
208 2175 341 2256 adjuvet
354 2180 387 2237 et
398 2171 466 2236 nae
479 2179 592 2234 saneta
605 2173 667 2237 Dei
680 2171 874 2253 annpelia.
889 2191 904 2230 s

644 2413 686 2482 ll.

292 2569 411 2621 Formuts
427 2581 475 2633 pro
491 2567 605 2618 creando
622 2565 723 2617 notario
739 2580 787 2631 per
803 2568 945 2632 pstontaleo
961 2569 1068 2622 listerus.

154 2743 238 2820 «N,
260 2741 438 2824 Episcopus
465 2739 505 2803 N.
530 2774 568 2786 -
589 2738 709 2804 Dilecto
730 2739 837 2816 fito...
857 2741 996 2805 -Cum
1014 2743 1089 2805 vilet
1113 2747 1176 2805 tue
1200 2739 1253 2806 to·

108 2861 229 2929 nestas,
249 2867 379 2914 morum
393 2847 550 2930 probitas,
574 2847 663 2925 fides,
687 2845 856 2927 dilipentia
875 2856 972 2929 atque
992 2847 1145 2911 habilitas
1164 2850 1256 2932 apud

108 2979 170 3023 nos
196 2956 369 3038 multiplici
397 2953 660 3018 commendentur
687 2953 880 3032 testimonio,
905 2955 1024 3018 tarum
1056 2954 1252 3037 qualitatum

111 3069 245 3144 intuitos,
273 3073 380 3128 tenore
402 3062 623 3144 presentium,
653 3061 846 3123 auctoritate
873 3059 993 3124 Nostro
1013 3061 1195 3140 ordinario,
1224 3071 1255 3125 et

111 3176 205 3240 omni
222 3172 288 3236 alio
310 3170 439 3234 meliori
459 3167 555 3231 motio
572 3183 636 3249 auo
650 3183 834 3250 possumus,
863 3166 904 3230 Te
925 3169 959 3230 in
981 3168 1150 3249 pullicum
1164 3177 1253 3232 nota-

109 3283 201 3346 rium
214 3279 362 3362 elipimus
376 3284 407 3340 et
427 3275 620 3356 deputamus
641 3273 681 3354 (si
703 3272 872 3337 Notarium
894 3291 952 3355 pro
971 3275 1067 3338 unies
1087 3276 1255 3340 dumtaxat

111 3391 322 3462 enumerent,
344 3385 375 3448 td
393 3385 437 3447 ibi
459 3383 670 3464 exprimatur,
685 3385 717 3444 et
737 3397 810 3462 quae
825 3386 1006 3463 sequuntur
1027 3385 1255 3449 convenienter

110 3493 424 3572 aeoommodontur);
448 3508 522 3554 eum
538 3487 697 3569 facultate
715 3489 869 3550 universa
886 3496 918 3550 et
934 3489 1064 3570 siupula
1083 3491 1204 3572 apendi
1225 3499 1256 3556 et

107 3601 267 3686 faciendi,
289 3609 358 3663 tam
378 3599 412 3661 in
434 3614 510 3660 oooe
531 3613 633 3678 quam
656 3595 848 3676 inscriptis,
870 3612 943 3676 qua
964 3613 1076 3677 perere
1098 3606 1129 3659 et
1145 3599 1255 3678 faeere

107 3717 247 3795 possunt
259 3715 290 3771 et
303 3706 418 3771 debent
430 3705 553 3768 notarii
559 3701 685 3785 publici
697 3703 889 3764 auctoritate
908 3701 1118 3767 ecelesiastica
1132 3707 1233 3768 creati
1246 3725 1256 3765 :

112 3820 163 3881 ita
176 3824 214 3879 ut
227 3817 290 3878 tuis
307 3815 444 3897 seriptis,
460 3820 529 3875 tam
543 3808 683 3892 publicis
697 3827 798 3890 quom
816 3809 968 3889 privatis,
984 3809 1123 3874 durante
1140 3812 1256 3890 officio,

112 3925 222 3988 omnis
245 3923 325 4001 fines
352 3923 386 3983 in
408 3919 535 4002 judicio
559 3925 592 3980 et
616 3923 710 3980 entra
734 3913 939 3979 adhibeatur.
964 3917 1011 3980 Ae
1033 3911 1167 4030 insupe(
1182 3935 1256 3981 eum

113 4030 264 4096 ommibus
278 4037 309 4092 et
321 4027 458 4110 suspulis
469 4023 664 4106 privilepiis,
685 4021 862 4086 honoribus
883 4030 915 4084 et
933 4024 1168 4099 emolumentis,
1236 4027 1258 4084 i-

110 4138 188 4215 hus,
205 4146 273 4200 tam
288 4135 328 4200 ele
340 4135 418 4217 iure
427 4151 528 4215 quam
542 4130 581 4195 ele
594 4128 836 4206 consuetudine,
850 4130 974 4192 notarii
987 4129 1148 4210 ejusmodi
1167 4030 1286 4280 m&

112 4245 262 4338 paudere
274 4243 375 4306 solent
393 4249 424 4304 et
437 4239 574 4303 debent:
588 4236 780 4300 mandantes
803 4234 951 4299 omnibus
971 4243 1089 4300 nostru
1106 4236 1260 4318 jurisdic-
1288 4269 1294 4286 ·-
