3050 4984
316 476 354 543 il
688 502 865 548 raimerus
886 503 925 548 nn
945 504 1079 549 moretm.

358 625 388 687 6.
406 622 486 689 item
502 622 738 691 denuntiandos
753 646 822 690 esse
834 623 1046 691 confessarios
1060 624 1118 714 qui
1134 624 1271 714 exigunt
1297 646 1318 693 a
1339 626 1446 717 poeni·

311 735 398 795 tente
411 727 473 795 sibi
488 729 625 797 revelari
638 752 758 799 nomen
772 729 941 820 complicis
954 758 964 816 3
980 730 1037 798 sed
1047 738 1158 798 tamen
1171 731 1214 798 ad
1224 731 1449 800 hauedenuu-

312 835 480 904 tiationem
497 858 562 904 non
588 837 692 905 teneri
718 837 927 927 poenitentem
953 838 988 905 in
1013 838 1145 929 propria
1166 861 1275 924 causa,
1304 839 1449 908 decrevit
1511 877 1512 880 ¹

311 942 503 1011 Benedictus
518 942 597 1013 xlv
609 966 669 1034 pro
683 942 1004 1034 regnoPortngaliiae
1021 944 1122 1036 (bulla
1130 945 1315 1036 Apostolici‚
1326 947 1362 1014 in
1374 948 1449 1037 ejus
1511 947 1512 952 ’

312 1050 471 1132 Rullum,
488 1058 568 1119 tom.
588 1054 620 1137 3,
638 1073 713 1141 pag.
731 1050 821 1141 102).

356 1160 387 1224 7.
412 1156 658 1226 Denuntiandos
682 1179 750 1225 esse
777 1157 835 1248 qui
857 1158 1062 1225 societatibus
1084 1160 1214 1227 secretis
1236 1163 1449 1229 diaretorum

313 1262 380 1353 (des
400 1264 690 1355 francs-macons),
705 1272 738 1333 et
756 1264 918 1333 similium
933 1288 1056 1333 nomen
1071 1265 1200 1353 dedere,
1228 1267 1449 1359 injunxerunt
1511 1337 1512 1340 ,

308 1370 455 1462 plurium
466 1370 677 1460 Pontificum,
692 1373 910 1442 recentiorum
926 1372 1038 1455 etiam,
1055 1374 1310 1443 constitutiones.

852 1657 909 1725 111.

312 1825 520 1876 Denuntiotioner
536 1824 697 1891 obliquterta
716 1841 748 1877 en
755 1828 820 1891 jure
828 1828 943 1892 positivo
962 1826 1132 1891 perimunt,
1146 1825 1174 1876 id
1193 1829 1242 1888 ert,
1255 1840 1286 1877 cs
1297 1826 1408 1877 amru
1420 1833 1449 1877 et
1511 1823 1512 1826 ’

558 1905 1198 1972 monr'toriteordinuriorumitiurpraecipicntiuru.

355 2104 499 2173 Dubium
520 2128 586 2175 non
605 2114 653 2173 est
673 2106 863 2175 Ordinatios
884 2106 1052 2193 Praelates,
1069 2127 1129 2197 pro
1143 2129 1182 2174 ea
1193 2130 1260 2198 qna
1277 2106 1449 2195 pollentia
1511 2101 1512 2104 '

311 2212 379 2279 suis
408 2211 578 2280 territoriis
604 2213 784 2302 legislativa
814 2222 982 2305 potestate,
1020 2213 1258 2281 denuntiandus
1287 2212 1447 2305 quasdam

312 2320 499 2410 graviorum
516 2319 707 2389 delictorum
735 2322 869 2413 species,
892 2323 992 2389 etiam
1018 2322 1079 2390 snb
1104 2321 1208 2413 poenis
1232 2330 1264 2388 et
1286 2322 1446 2406 censuris,

311 2430 484 2524 praecipere
500 2450 604 2519 pesse.
622 2428 693 2497 imo
708 2428 839 2520 qnando
854 2429 988 2519 aliquod
1002 2428 1159 2497 delictum
1180 2427 1373 2519 particulare
1385 2450 1451 2517 pa-

310 2545 432 2605 tratum
456 2542 516 2618 est,
533 2534 624 2602 verbi
648 2534 764 2625 gratia,
786 2535 919 2625 aliquod
940 2536 1081 2623 furtum,
1099 2546 1235 2626 possunt
1249 2534 1290 2601 ad
1315 2534 1451 2625 petitio·
1510 2609 1513 2618 ,

312 2666 389 2713 nem
405 2642 493 2711 illius
504 2640 561 2733 qui
574 2641 671 2709 laesns
685 2642 758 2728 fuit,
775 2642 991 2711 monitorium
1002 2641 1139 2728 edicere,
1157 2663 1223 2732 quo
1237 2640 1368 2709 cuilibet
1388 2640 1451 2708 iu-

312 2776 383 2823 rem
396 2748 550 2833 noscenti,
566 2772 644 2818 cnm
658 2747 872 2816 denuntiandi
880 2748 1034 2838 obligatio
1046 2748 1245 2839 imponatur.

356 2860 437 2942 Quae
453 2856 705 2926 Ordinariorum
720 2862 891 2945 praecepta,
905 2854 1008 2923 edicta
1020 2862 1052 2922 et
1068 2855 1257 2941 monitoria,
1273 2876 1338 2945 quo
1349 2875 1450 2922 sensu

314 2968 469 3055 obligent,
487 2984 569 3053 quas
586 2982 751 3052 personas,
767 2971 799 3028 et
822 2961 1032 3052 quibuscum
1048 2961 1310 3048 limitationibus,
1327 2969 1450 3027 tracta-
1511 3035 1512 3040 ἵ

314 3084 384 3141 tum
409 3069 481 3139 vide
503 3067 589 3158 apud
607 3066 804 3136 Bonacinam
825 3067 877 3158 (de
901 3067 1108 3160 Obliqationc
1130 3066 1357 3149 denuntiandi,
1374 3067 1452 3134 dis-

313 3188 383 3271 put.
402 3182 435 3266 e,
452 3183 531 3245 tom.
551 3180 585 3261 2,
601 3194 675 3264 pag.
694 3176 778 3241 1102
792 3182 824 3243 et
837 3197 921 3267 seq„
934 3174 1012 3243 edit.
1026 3173 1183 3265 Lugduni
1201 3175 1311 3264 1629).

825 3458 958 3548 §vm

399 3630 511 3684 Effectus
521 3626 720 3679 denuntiationis
729 3625 858 3690 judicialis
869 3626 955 3691 quoad
964 3626 1090 3691 jadicem,
1102 3631 1129 3678 et
1140 3628 1345 3680 denuntiantem.

362 3846 392 3909 t.
423 3862 439 3903 e
463 3830 669 3903 Denuntiatio
694 3830 857 3922 judicialis
882 3832 1048 3924 imprimis
1069 3833 1165 3902 efficit
1180 3833 1253 3922 hoc,
1270 3834 1356 3927 quod
1371 3858 1453 3927 ape-

319 3980 337 4019 «
359 3950 421 4017 riat
435 3942 525 4013 viam
540 3938 580 4007 ad
594 3937 838 4029 inquisitionem
854 3940 1044 4030 specialem:
1063 3941 1108 4009 ita
1118 3951 1155 4010 ut
1163 3942 1279 4033 judex,
1296 3944 1455 4018 tacasibi

319 4085 336 4124 o
358 4045 599 4123 denuntiatione
616 4065 690 4113 vere
701 4043 860 4135 judiciali,
880 4068 946 4114 non
960 4054 1088 4115 tantum
1103 4048 1215 4139 possit,
1231 4048 1287 4117 sed
1303 4057 1456 4122 teneatur

319 4194 336 4232 n
358 4184 399 4231 ex
427 4152 531 4226 officie
555 4150 732 4242 inquirere,
749 4161 781 4219 et
796 4176 981 4243 processum
996 4154 1149 4245 incipere,
1166 4156 1294 4223 citando
1320 4167 1353 4225 et
1370 4180 1454 4227 exa-

320 4302 337 4339 a
360 4259 515 4341 minando
531 4267 638 4347 testes,
655 4266 686 4327 et
709 4258 773 4327 alia
787 4259 982 4355 probationis
997 4260 1104 4329 media
1117 4282 1176 4359 per
1188 4261 1454 4339 denuntiatorem
