3050 4984
268 460 330 523 236
583 438 585 442 ’
645 479 820 527 rnaerarus
842 481 880 526 na
902 480 1034 527 inntens.

269 627 284 665 n
308 600 409 669 nendi
425 601 490 693 (31,
507 600 541 670 ff.
559 603 599 671 de
612 603 749 695 Jurej.).
765 602 870 671 Aliter
885 626 938 672 res
958 624 992 672 se
1008 602 1105 671 habet
1126 603 1161 669 in
1174 601 1332 671 sententie
1344 602 1415 671 lata

268 734 285 775 n
308 731 350 778 ex
367 708 565 801 juramento,
583 733 603 779 e
618 717 708 803 parte
729 712 814 803 parti
834 710 940 780 delato
959 732 1068 779 coram
1085 708 1194 802 judice
1198 761 1263 778 .....
1281 709 1413 778 »Alios

263 816 467 907 exceptiones
482 815 524 885 ad
538 838 637 909 supra
660 817 813 886 traditam
833 816 982 907 regulam
1005 816 1203 907 generalem,
1224 813 1299 885 vide
1320 816 1412 907 apud

260 922 411 993 eumdem
427 922 732 1013 Schmelzgrueher,
751 925 850 993 citato
865 924 949 992 loeo.

305 1030 448 1113 Qeesrro
468 1034 533 1098 17¹.
551 1070 595 1085 -
622 1032 769 1115 Quinam
789 1030 855 1100 siret
878 1034 1006 1123 effectus
1025 1030 1202 1122 definitive
1223 1032 1414 1101 smtmtiae?

261 1174 305 1189 -
321 1136 373 1204 Ad
390 1136 453 1205 trie
474 1138 578 1229 capitu
600 1137 762 1229 ejusmodi
780 1137 912 1207 effeetus
931 1138 1046 1207 reterri
1063 1146 1213 1229 possunt,
1237 1145 1336 1228 prout
1357 1140 1413 1207 vel

259 1244 415 1337 judicem,
432 1245 484 1313 vel
500 1254 620 1338 partes,
637 1245 691 1315 vel
706 1268 836 1314 causam
851 1246 1040 1337 respiciunt.

305 1354 331 1421 1.
348 1354 490 1446 Effectus
501 1352 769 1444 quoadjndieem
783 1380 795 1419 .·
808 1352 1000 1422 sententiam
1016 1350 1220 1421 definitivam
1231 1374 1293 1420 ese
1309 1351 1414 1421 latam

261 1461 374 1552 nequit
400 1460 503 1552 juder
533 1482 684 1529 revocare
712 1468 769 1529 eut
793 1461 967 1551 corrigere.
994 1460 1075 1543 Qnae
1098 1460 1212 1549 regula
1231 1460 1410 1549 generalis,

261 1567 395 1636 omnino
409 1574 495 1635 certe
509 1576 568 1652 est,
585 1576 618 1636 et
640 1567 681 1635 eb
701 1568 854 1636 omnibus
869 1566 1020 1635 admisse.
1047 1567 1156 1658 Atque
1170 1566 1205 1634 id
1221 1588 1338 1635 verum
1353 1589 1414 1636 re-

263 1682 372 1742 manet
395 1677 426 1741 1⁰
442 1672 566 1742 etiamsi
582 1674 683 1765 judex
707 1674 878 1742 manifeste
899 1684 1052 1764 agnoscat
1067 1673 1223 1765 injustam
1245 1695 1315 1741 esse
1332 1696 1414 1741 sen-

263 1782 395 1850 tentiam
418 1804 529 1867 suam;
554 1785 587 1849 2ο
610 1781 736 1850 etiamsi
759 1789 865 1872 partes
892 1781 1109 1849 consentirent
1134 1788 1170 1849 ut
1189 1782 1414 1870 corrigeretur

264 1887 441 1973 sententin3
477 1891 509 1955 3⁰
540 1896 606 1957 tnm
637 1889 671 1957 in
701 1888 807 1956 causis
844 1887 1069 1956 criminalibus
1099 1909 1199 1979 quam
1237 1887 1408 1975 civilibus;

264 1997 297 2061 4⁰
316 1992 442 2061 etiamsi
454 1994 557 2086 J'udex
573 1994 727 2063 inductus
748 2017 790 2062 ex
809 2016 920 2063 errore
939 1994 1054 2063 luisset
1075 1991 1117 2060 ed
1139 1994 1237 2063 telem
1257 2015 1413 2085 pronun-

261 2099 405 2168 tiandam
420 2104 627 2187 sententiam
651 2106 682 2169 5⁰
696 2102 794 2169 etiam
809 2102 895 2170 intra
910 2100 1021 2169 decem
1038 2100 1108 2169 dies
1120 2100 1163 2169 ed
1177 2100 1413 2192 appellandum

262 2229 443 2294 concessos;
464 2212 496 2275 δ’
511 2208 638 2277 etiamsi
662 2208 760 2277 vellet
779 2208 949 2277 dumtaxat
968 2207 1071 2301 judex
1092 2208 1284 2276 sententiam
1303 2210 1413 2277 corri-

261 2336 337 2404 gere
353 2316 459 2406 quoed
476 2316 666 2402 accessoria,
683 2337 748 2384 non
764 2325 874 2383 eutem
893 2314 1000 2409 quoad
1014 2315 1204 2407 principale.

305 2420 459 2489 Diximus
476 2425 508 2487 1ο
525 2444 591 2490 non
605 2443 699 2512 posse
711 2420 853 2513 judicem
871 2444 1021 2490 revocare
1032 2431 1088 2491 aut
1104 2422 1265 2512 corrigere
1277 2432 1412 2491 senten-

261 2528 338 2595 tiam
364 2550 456 2597 suam
480 2556 487 2595 z
511 2550 586 2596 nem
613 2549 683 2596 cem
709 2536 815 2620 potest
836 2527 1014 2609 declarare,
1041 2535 1073 2597 et
1096 2528 1194 2597 etiam
1217 2529 1331 2597 eodem
1355 2531 1412 2600 die

259 2634 411 2723 supplere
438 2656 514 2726 quae
537 2635 659 2703 omissa
680 2634 829 2715 luissent,
857 2634 955 2704 modo
984 2635 1055 2703 baeo
1078 2636 1210 2703 venient
1233 2635 1267 2703 in
1294 2659 1411 2706 conse-

260 2742 429 2831 quentiam
442 2741 612 2833 principali
627 2742 676 2809 rei
690 2741 819 2810 decisae.

303 2848 457 2917 Diximus
480 2853 513 2915 2⁰
536 2850 725 2917 sententiam
752 2850 958 2939 definitivam
976 2878 986 2916 .·
1004 2850 1280 2919 interlocutoriam
1303 2852 1408 2939 enim,

262 2976 414 3024 revocare
435 2963 552 3047 potest,
577 2954 675 3025 modo
694 2955 767 3025 benc
791 2955 862 3024 talis
881 2978 947 3025 non
967 2956 1021 3045 sit,
1039 2978 1114 3049 quae
1134 2956 1312 3027 definitivae
1336 2959 1411 3027 vim

261 3062 387 3131 babeat.

305 3169 433 3237 Dentur
443 3177 550 3238 temen
560 3169 601 3237 ed
617 3169 769 3239 traditam
785 3174 933 3260 regulam
948 3171 1135 3261 generalem
1149 3172 1225 3241 duae
1241 3175 1411 3265 exceptio-

261 3300 318 3345 nes
348 3305 356 3344 :
375 3278 501 3368 primo,
527 3279 556 3346 si
579 3287 695 3368 agatur
717 3280 758 3348 de
783 3301 935 3370 supremo
954 3280 1076 3373 judice,
1103 3280 1218 3368 idest,
1240 3280 1281 3349 de
1304 3282 1408 3374 Papa,

261 3394 383 3453 eertum
414 3393 461 3453 est
489 3408 564 3453 eum
593 3395 624 3454 et
653 3408 745 3455 suem
771 3396 803 3453 et
831 3393 1069 3457 antecessorum
1096 3389 1288 3457 sententiam
1314 3412 1411 3481 posse

263 3512 414 3559 revocare
427 3502 459 3559 et
474 3490 657 3560 emendare.
677 3492 839 3575 Secundo,
854 3492 931 3561 item
947 3494 1083 3585 quilibet
1095 3494 1199 3586 judex
1215 3504 1318 3587 potest
1331 3518 1412 3564 sen-

262 3601 394 3668 tentium
410 3620 503 3667 suam
520 3597 725 3669 definitivam
740 3622 904 3687 revocare,
929 3601 957 3668 si
973 3600 1042 3669 brec
1059 3601 1133 3692 jure
1148 3600 1240 3670 nulle
1258 3609 1291 3670 et
1312 3604 1411 3673 irrita

263 3709 356 3776 foret.
377 3705 464 3774 Vide
479 3706 551 3774 brec
570 3706 705 3796 probato
719 3707 806 3799 opud
826 3706 1118 3798 Scbmalzgrueber
1132 3709 1180 3800 (in
1202 3708 1334 3778 titulum
1350 3715 1409 3798 27,

262 3814 339 3881 libri
353 3818 371 3881 2
387 3814 528 3899 Decret,
545 3813 566 3904 ἓ
583 3813 628 3903 5).
1320 3832 1324 3842 ·

305 3921 347 3988 Il.
367 3921 508 4012 Effectus
529 3919 641 4011 quoad
656 3932 768 4011 portes
783 3919 962 4011 litigantes.
979 3960 1025 3974 -
1039 3923 1206 3991 Sententia
1225 3923 1408 4012 definitive,

263 4026 359 4095 modo
374 4028 416 4095 sit
429 4027 549 4115 valida,
570 4029 656 4094 inter
675 4034 783 4118 portes
794 4027 849 4118 jus
863 4028 952 4116 feeit,
969 4028 1056 4096 etad
1072 4028 1253 4120 parendum
1269 4030 1407 4120 obliget,

262 4133 324 4201 nisi
339 4134 380 4202 eb
393 4155 432 4203 ee
446 4134 532 4203 intre
551 4132 661 4202 decem
674 4132 743 4199 dies
757 4131 857 4201 fuerit
870 4133 1080 4225 appellatum.
1098 4135 1232 4205 Constat
1245 4160 1287 4206 ex
1302 4138 1408 4228 eapite

265 4242 353 4307 Inter
370 4241 436 4331 (13,
452 4239 492 4309 de
505 4243 653 4309 Sentent.
668 4250 698 4307 et
713 4261 747 4307 re
756 4238 861 4330 judi.
878 4239 975 4308 Ratio
989 4248 1037 4307 est
1052 4240 1130 4331 quia
1142 4249 1221 4311 tunc
1240 4263 1301 4333 pro
1317 4241 1408 4311 veri-
