3050 4984
549 516 624 565 rsus
646 517 791 565 saeuum.
1178 499 1237 563 571

98 638 162 731 ipsi
175 646 252 706 nota
265 637 341 706 sint.
360 637 445 706 Nam
459 636 536 705 satis
549 646 597 706 est
615 645 652 706 nt
667 637 768 729 possit
789 637 937 730 excipere
953 637 1085 729 prande
1108 639 1241 708 iterabi-

98 753 153 814 tnr
173 765 313 814 examen
326 745 477 831 testium3
499 751 732 835 potestantem
752 745 838 814 hena
859 745 1063 815 iterationem
1088 747 1238 834 exigere3

98 860 129 920 et
151 857 230 922 tnnc
250 851 388 921 nemim
404 851 536 921 testium
555 859 737 942 cognoscet,
758 861 792 920 et
810 851 929 943 poterit
944 858 1058 921 contre
1076 874 1132 920 eos
1152 852 1244 921 exci-

97 981 185 1052 pere.
209 958 302 1043 Quod
326 980 405 1028 vero
427 980 532 1050 usque
553 957 595 1026 ad
617 957 702 1028 hanc
722 959 855 1028 testium
878 958 1105 1050 repetitionem
1128 981 1244 1029 eorum

97 1067 234 1136 nomina
252 1075 376 1136 recreta
397 1071 590 1135 remaneant
611 1065 664 1157 (ne
687 1065 770 1134 torte
791 1087 879 1153 rens,
904 1065 1008 1134 sciens
1031 1065 1128 1135 talem
1144 1065 1244 1160 depc-

98 1175 248 1242 sitionem
272 1197 292 1242 a
313 1173 371 1242 tali
390 1173 509 1242 tactam
532 1173 646 1260 inisse,
662 1195 738 1242 cum
753 1173 851 1242 minis
872 1181 929 1242 aut
951 1174 1090 1265 pecunia
1113 1173 1245 1244 inducat

99 1281 141 1349 sd
157 1282 313 1351 mutanda
332 1303 392 1351 sua
410 1279 494 1351 dicta
508 1282 544 1349 in
564 1280 706 1350 mcundo
725 1281 904 1372 examine),
925 1279 960 1348 id
981 1301 1036 1350 reo
1051 1301 1118 1349 non
1136 1289 1243 1368 nocet,

99 1412 176 1458 cum
202 1396 289 1458 totus
313 1386 545 1458 informativus
569 1408 761 1481 processus,
788 1395 863 1458 ente
890 1387 1155 1457 contestationem
1179 1389 1245 1457 litis

100 1496 243 1586 habitus,
266 1496 350 1566 nihil
374 1496 479 1566 valeat
500 1496 543 1564 ad
568 1494 853 1567 condemnandum
873 1517 980 1583 reum,
1002 1495 1131 1565 etiamsi
1151 1496 1242 1566 mille

99 1612 197 1674 testes
209 1603 301 1673 omni
315 1603 503 1696 exceptione
515 1603 655 1695 majores
670 1603 826 1673 delictum
839 1601 1013 1672 affirment.

144 1715 234 1780 Nota
257 1715 290 1780 2.
305 1751 351 1765 -
367 1711 505 1780 Etiamsi
529 1733 604 1780 reus
624 1711 749 1781 crimen
771 1710 938 1780 confessus
959 1710 1069 1798 fuerit,
1098 1711 1193 1780 debet
1213 1713 1244 1781 ei

100 1817 263 1886 terminus
279 1817 475 1888 defensionis
488 1818 648 1908 assignari
657 1843 667 1905 ;
682 1817 762 1910 quie
782 1818 823 1906 si,
844 1839 910 1887 non
926 1816 1035 1886 oblata
1048 1816 1079 1886 ei
1097 1839 1166 1886 sese
1186 1817 1244 1886 de-

101 1923 256 1994 fendendi
277 1923 440 2012 facultate,
463 1947 505 1994 ex
525 1924 582 1992 tali
606 1923 806 1994 confessione
827 1922 1117 2012 condemnaretur,
1137 1931 1245 2016 posset

101 2030 215 2100 multis
231 2055 274 2102 ex
293 2031 453 2125 capitibus
466 2031 656 2101 asentsntia
669 2031 833 2124 appellare
847 2038 878 2101 et
889 2031 1006 2124 judicii
1020 2031 1245 2103 rescissionem

101 2139 260 2210 obtinere.

526 2309 671 2381 CAPUT
693 2309 817 2380 XXIX.

101 2506 207 2553 ΡΟΗΜΔ
229 2505 434 2554 rruuuntttut
453 2504 699 2569 nuruusrortretJS,
719 2503 815 2550 COPIAE
839 2503 999 2569 seroneti,
1021 2505 1059 2550 ET
1079 2504 1246 2550 recurram
1315 2525 1319 2534 ·

502 2622 641 2669 tuomet
670 2619 846 2667 PATRONUM.

152 2800 278 2868 «Anno
357 2820 466 2868 merrae
543 2795 595 2866 die
674 2797 743 2866 Ioco
762 2847 814 2879 ...,
832 2797 1019 2889 comparuit
1034 2795 1186 2865 dominus
1200 2797 1244 2867 N.

101 2930 189 2992 reus,
218 2928 331 2976 coram
356 2904 527 2975 reverendo
552 2907 611 2987 N„
645 2903 772 2973 Vicarr'o
793 2903 948 2996 penerulc,
976 2916 1008 2972 et
1033 2902 1128 2986 delcit,
1159 2903 1248 2996 quod

102 3013 233 3105 prorius
247 3014 365 3105 uqebot
380 3011 432 3082 itti
453 3011 493 3081 de
514 3011 678 3080 oblatione
693 3012 795 3103 copie
810 3022 972 3092 actorum,
992 3011 1125 3079 cumini
1137 3009 1247 3102 defen-

102 3121 197 3204 sorii,
214 3132 246 3189 et
257 3119 404 3214 patroni,
417 3119 452 3188 in
467 3141 567 3189 ecura
580 3130 695 3187 contra
705 3119 815 3211 ipsum
829 3117 969 3186 actitata
978 3142 992 3200 ,·
1006 3139 1039 3186 se
1053 3129 1166 3186 autem
1180 3117 1247 3186 illis

104 3229 260 3298 omnibus
273 3240 388 3320 sponte
403 3239 434 3296 et
451 3227 549 3296 libere
563 3225 765 3308 renuntiare,
793 3239 825 3294 et
838 3248 871 3294 sc
885 3225 1050 3294 remittere
1056 3226 1203 3318 justitiae
1216 3238 1248 3294 et

103 3337 290 3430 intepritati
297 3336 433 3428 jadus.
448 3373 494 3387 -
505 3337 579 3425 Epo
594 3335 637 3405 N.
654 3355 764 3402 recuso
780 3345 944 3425 utsupra.
966 3371 1012 3388 -
1025 3337 1099 3426 Epo
1113 3335 1172 3416 N„
1193 3333 1247 3402 Vi-

104 3444 218 3514 curr'us
228 3443 400 3536 pecoralis.
413 3481 458 3495 —
471 3445 546 3532 Epo
560 3443 619 3524 N,
637 3439 818 3509 actuarias.
832 3463 850 3506 n

539 3717 682 3789 CAPUT
704 3716 814 3785 XXX.

104 3909 215 3957 roam
242 3906 426 3956 emtum
455 3903 615 3952 namuri
640 3901 870 3968 DRFENfflRIffl,
903 3901 1074 3956 GOPLOEQUE
1107 3901 1249 3949 scrotum

479 4014 516 4058 ET
538 4009 701 4059 PATRONUH
727 4007 879 4057 maurel.

159 4193 284 4261 «Αιιηο
373 4211 481 4259 merse
555 4187 607 4258 die
678 4187 746 4256 loco
764 4236 816 4270 ...,
832 4185 1020 4279 comparuit
1034 4205 1146 4254 corum
1161 4207 1250 4254 reve·

109 4297 214 4372 rende
241 4303 298 4384 N,
321 4298 449 4370 Vicae-to
472 4295 628 4388 pancrati,
654 4294 808 4365 dominus
824 4295 866 4365 N.
890 4316 973 4377 rcus,
994 4293 1055 4387 qui
1078 4294 1253 4386 acceptatis
