3050 4984
293 426 355 493 368
667 442 845 493 micrarus
867 448 906 493 nr
927 440 1065 497 rnnrcnsi

289 592 307 631 c
329 574 485 657 tanquam
504 568 698 658 Apostolicra
718 568 814 637 Sedis
842 568 991 659 delegati,
1018 568 1080 639 boc
1100 576 1167 637 tam
1191 576 1339 637 sanam
1359 567 1438 637 offi-

290 700 307 737 c
331 673 417 741 cium
429 683 617 743 exercerent
632 677 745 767 (capite
763 680 827 744 Per
840 677 901 743 lice
914 685 946 743 et
961 677 1064 767 capite
1074 679 1125 746 Ne
1138 676 1255 767 aliqui,
1271 675 1311 744 dc
1320 677 1436 761 Haere-

293 780 415 863 «ticis,
438 782 472 849 in
498 781 572 870 6)...
599 782 722 851 Idcirco
743 782 886 851 officium
910 782 1121 872 delegationis
1146 782 1359 851 sanctissimae
1383 784 1436 850 in·

292 889 515 979 aquisitionis
543 888 673 957 videtur
699 890 870 959 inductum
894 912 915 957 a
943 889 1089 959 Summis
1114 890 1327 959 Pontificibus
1352 890 1437 958 citra

292 1020 309 1058 a
331 995 587 1087 quadringentos
601 1018 705 1065 annos
724 1023 732 1065 :
754 998 833 1087 quia
847 1005 920 1065 ante
934 997 968 1065 id
984 996 1140 1088 temporis
1154 996 1305 1089 Episcopi
1320 1008 1437 1065 aucto-

291 1127 309 1166 c
330 1102 423 1169 ritate
436 1100 601 1169 ordinaria
615 1101 696 1170 illud
711 1104 917 1171 exercebant.
939 1103 1006 1171 Nec
1026 1102 1117 1173 obeat
1138 1104 1250 1193 opinio
1271 1102 1437 1172 Gabrielis

292 1235 310 1273 e
332 1208 512 1276 Prateoli...
530 1209 641 1276 lnnnit
657 1209 711 1277 ille
725 1232 812 1277 anno
827 1218 900 1301 post
914 1208 1084 1277 Christum
1108 1213 1191 1277 troo
1207 1210 1307 1277 luisse
1321 1210 1437 1301 inqui-

290 1342 308 1379 ι(
330 1316 444 1383 sitores
470 1325 656 1385 exercentes
682 1315 825 1385 officium
845 1326 965 1407 praeter
991 1317 1183 1408 Episcopos3
1212 1316 1268 1384 sed
1294 1316 1436 1386 halluci-

290 1448 308 1487 c
331 1430 483 1489 natusest
494 1423 528 1487 in
541 1429 725 1511 temporum
737 1424 1020 1513 computatione...
1032 1424 1254 1513 Hieronymus
1263 1423 1436 1491 Romanus

292 1553 309 1591 a
330 1527 460 1595 videtur
473 1527 593 1594 sentire
607 1529 763 1618 incepisse
775 1537 918 1620 tempore
931 1530 1111 1599 lnnocentii
1124 1529 1184 1615 Ν,
1197 1530 1255 1619 qui
1270 1529 1334 1597 fuit
1347 1552 1436 1597 annu

289 1661 307 1700 (ι
329 1633 453 1703 Christi
471 1638 595 1702 1243...
614 1633 677 1701 Sed
699 1644 823 1703 certum
839 1645 888 1703 est
909 1648 1030 1705 sanctae
1047 1636 1271 1727 inquisitionis
1285 1634 1444 1705 officium*

291 1768 308 1809 c
332 1765 390 1809 nec
406 1753 477 1808 tuni
498 1742 667 1832 incepisse.
685 1742 844 1834 Tempore
864 1744 951 1812 enirn
972 1745 1150 1812 lnnocentii
1169 1744 1214 1813 lv
1236 1752 1268 1811 et
1285 1744 1433 1812 Alexan-

290 1875 307 1914 c
331 1849 382 1916 dri
396 1848 442 1917 IV
459 1846 596 1915 diversis
611 1848 808 1938 privilegiis,
819 1848 1100 1940 jurisdictionibus
1117 1862 1149 1917 et
1171 1850 1433 1919 immunitatibus

293 1955 519 2023 «decoratum
542 1956 616 2036 luit,
643 1956 672 2023 si
695 1955 813 2024 horum
838 1956 1034 2025 Pontificum
1061 1956 1233 2047 privilegia
1256 1957 1432 2047 diligenter

293 2062 631 2153 «perpendamus»
663 2061 783 2131 Narrat
809 2073 918 2152 postea
946 2062 1097 2132 laudatus
1125 2072 1236 2132 auctor
1267 2064 1432 2155 quomodo
1499 2094 1500 2151 q

288 2169 516 2257 Albigensium
533 2168 666 2237 haereais
681 2169 890 2239 instituendae
903 2171 1126 2262 inquisitionis
1135 2171 1292 2261 delegate
1308 2174 1431 2241 occasio

287 2278 457 2345 extiterit:
475 2284 545 2344 tum
561 2277 622 2344 boc
638 2276 734 2344 modo
747 2279 956 2369 prosequitur
974 2305 981 2345 :
1004 2306 1021 2343 ι(
1039 2279 1162 2346 Tamen
1183 2300 1257 2346 curn
1277 2279 1430 2347 animad-

292 2412 310 2450 a
334 2395 470 2452 verteret
498 2385 546 2471 (B.
574 2384 776 2474 Dominicus)
800 2408 834 2453 se
861 2407 979 2475 parum
1003 2388 1172 2477 prolicere,
1197 2395 1230 2453 at
1260 2386 1430 2455 haereticos
1499 2374 1500 2453 l

292 2519 310 2557 c
333 2494 381 2582 (ut
397 2493 459 2558 lert
479 2513 591 2559 eorum
613 2491 776 2581 superbia)
797 2492 967 2559 conciones
987 2503 1018 2561 et
1037 2491 1270 2584 disputationes
1294 2492 1431 2562 catholi-
1499 2488 1500 2581 l

292 2625 311 2666 a
333 2622 445 2667 corum
462 2599 644 2683 irridentes,
656 2599 787 2687 longius
802 2599 837 2665 in
849 2599 920 2667 dies
930 2599 963 2667 in
976 2599 1113 2691 perfidia
1125 2609 1157 2667 et
1165 2600 1344 2690 pertinacia
1353 2624 1429 2691 pro-

293 2734 310 2771 a
333 2706 459 2790 cedere,
481 2706 592 2772 divino
615 2705 732 2796 spiritu
748 2705 889 2791 afflatus,
912 2716 1031 2774 sanctae
1052 2707 1276 2797 inquisitionis
1299 2709 1430 2777 institu-
1499 2714 1500 2797 l

292 2840 309 2877 a
333 2814 412 2880 tioni
434 2810 546 2879 scdulo
568 2821 600 2878 et
621 2813 778 2880 instanter
798 2813 959 2898 incubuit,
986 2824 1020 2879 ut
1042 2814 1230 2883 auctoritate
1255 2816 1429 2905 apostolica
1499 2808 1500 2889 l

293 2947 310 2986 o
333 2920 548 2987 meritissimis
568 2920 671 3008 poenis
690 2920 834 2987 baeretici
851 2918 1057 3011 punirentur.
1075 2921 1279 2989 Cisterciensi
1295 2922 1425 3008 Abbati,
1499 2956 1500 3015 3

293 3053 310 3094 c
332 3029 367 3094 in
391 3027 569 3095 Galliarum
591 3048 692 3115 regno
714 3026 889 3117 apostolica
912 3036 989 3095 tunc
1010 3028 1169 3117 legatione
1188 3028 1351 3117 fungenti,
1371 3052 1428 3097 oo-

292 3134 502 3223 agitationes
524 3133 667 3223 aperuit;
691 3135 750 3223 qui
771 3143 917 3201 sanctum
942 3134 1114 3201 consilium
1134 3134 1251 3237 debitis
1277 3135 1426 3204 laudibus

292 3267 309 3306 c
333 3262 507 3327 exornans,
529 3240 608 3305 dum
623 3238 664 3306 de
682 3241 773 3307 read
793 3240 969 3309 Summum
989 3240 1179 3309 Pontificem
1201 3241 1311 3329 refert,
1331 3244 1425 3309 Recto
1499 3264 1500 3327 2

291 3348 503 3416 «Dominico
527 3354 647 3413 sanctae
675 3347 895 3438 inquisitionis
918 3370 1038 3415 munus
1063 3348 1218 3438 injunxit.
1242 3347 1334 3416 Idem
1358 3359 1427 3440 post
1499 3350 1500 3423 l

292 3454 492 3523 «Abbatem
516 3453 760 3521 Cistercienaem
785 3454 936 3543 praestitit
962 3454 1156 3540 Cardinalis,
1178 3456 1292 3545 quiin
1314 3456 1426 3523 eodem

292 3589 309 3629 a
332 3584 434 3652 regno
449 3559 544 3649 legati
565 3583 684 3629 munus
699 3561 821 3647 obibat,
836 3572 872 3630 ut
894 3569 1003 3652 aperte
1024 3571 1202 3630 constater
1217 3562 1347 3632 duobus
1363 3588 1426 3631 res·
1499 3568 1500 3645 l

291 3697 309 3735 a
331 3668 455 3760 criptis,
475 3689 550 3757 quae
571 3667 611 3734 Β.
634 3668 835 3753 Dominicus,
853 3676 891 3735 ut
911 3668 985 3736 fidei
1007 3690 1120 3737 censor
1141 3670 1174 3735 in
1195 3668 1308 3737 eadem
1328 3694 1426 3763 expe-
1499 3660 1500 3707 l

291 3805 309 3842 a
332 3775 415 3844 divit
437 3774 613 3863 provincia.
639 3775 678 3841 ln
698 3796 775 3864 qua,
796 3784 965 3865 postquam
989 3776 1086 3843 rediit
1107 3798 1147 3843 ex
1171 3775 1308 3844 concilio
1328 3800 1425 3867 gene·

293 3913 310 3950 c
333 3885 392 3952 ruli
413 3882 634 3965 Lateranensi,
655 3904 741 3949 anno
763 3885 861 3967 1215,
885 3882 1007 3950 litteras
1030 3884 1154 3973 accepit
1176 3884 1218 3950 ab
1238 3884 1424 3953 innocentio

291 4018 309 4057 a
332 3994 420 4081 Papa
431 3990 489 4077 lll,
512 4010 653 4079 quarum
669 3988 834 4079 inscriptio
856 3990 902 4055 sic
921 3989 1018 4057 babet
1034 4016 1041 4057 :
1059 3990 1217 4079 Maqistrc
1236 3992 1342 4079 fratri
1356 3996 1424 4059 Do·

292 4124 309 4163 a
332 4099 450 4167 mindo
462 4110 492 4164 ct
506 4096 580 4186 ejus
596 4094 689 4162 scriis
700 4094 982 4184 predicatoribus,
1001 4106 1061 4167 etc.
1070 4122 1079 4181 ;
1098 4096 1217 4188 quibus
1239 4098 1268 4165 ei
1285 4105 1318 4165 et
1332 4100 1423 4167 sociis

292 4230 310 4271 c
331 4228 408 4273 cura
428 4203 683 4273 demandabetur
702 4201 870 4271 haereticos
895 4204 1087 4293 albigenses
1107 4204 1170 4294 piis
1189 4204 1422 4275 exhortationi·
