3050 4984
515 520 589 566 rins
611 519 756 565 suevum.
1160 500 1221 564 513

83 636 199 707 sitione
214 639 356 726 testium,
373 639 564 732 plerumque
573 640 689 708 finitur
698 640 797 708 etiem
813 647 899 708 totus
913 639 1101 730 hujusmodi
1113 640 1223 732 inqui-

82 745 209 814 sitionis
232 769 418 837 proeessus3
434 747 525 841 quod
546 749 709 816 uetuerius
734 748 770 815 in
797 754 868 816 eote
894 746 1015 815 referre
1040 757 1144 840 potest
1163 748 1224 817 hoc

84 852 183 922 modo
200 881 208 922 z

133 1014 150 1052 s
171 991 218 1057 Et
239 1001 416 1080 postquam
439 987 722 1057 revermdissimus
748 987 931 1079 Episcopus
954 987 1224 1078 interroqationes

83 1093 216 1161 testium
231 1093 380 1174 absolvit,
398 1093 641 1184 inquisitionem
655 1094 839 1184 peneralem
862 1093 1050 1161 terminavit
1065 1106 1096 1160 et
1111 1095 1225 1161 termi-

82 1212 202 1269 natam
227 1198 416 1268 declaravit.
433 1203 474 1269 In
494 1202 591 1291 cujus
602 1200 716 1290 fidem
734 1212 765 1267 et
787 1201 934 1268 omnivm
953 1222 1026 1291 qua
1051 1222 1163 1291 snpra.
1181 1239 1224 1252 —

83 1309 159 1396 Epo
172 1308 229 1388 N„
246 1308 425 1375 actuarius.
442 1333 461 1372 n

129 1439 165 1508 Si
181 1450 289 1509 temen
303 1441 494 1532 Episcopus,
511 1440 605 1508 obse
619 1463 694 1530 qum
708 1462 767 1531 per
781 1440 1023 1530 inquisitionem
1040 1440 1223 1529 generalem

81 1547 227 1632 rescivit,
244 1546 376 1639 aliquod
402 1547 501 1614 ferret
525 1546 691 1615 decretum
707 1547 871 1636 generale,
888 1547 940 1614 vel
955 1546 1138 1635 generalem
1153 1569 1225 1638 poe-

81 1675 173 1739 num,
192 1653 283 1721 verbi
307 1654 423 1742 gretie,
449 1654 476 1720 si
502 1653 712 1722 interdictum
739 1652 838 1721 terret
864 1653 898 1720 in
922 1661 1019 1721 tatem
1044 1653 1221 1740 civitatem,

81 1761 137 1830 vel
152 1783 244 1829 cesus
258 1760 384 1852 aliquos
395 1759 456 1827 sibi
474 1769 665 1845 reservares,
682 1759 715 1826 id
731 1759 895 1829 actuarius
908 1758 1030 1830 referre
1049 1758 1179 1829 deberet
1193 1768 1225 1828 et

80 1876 194 1959 postea
209 1866 409 1958 subjungere
427 1895 434 1934 ε
456 1869 562 1950 «Ouo
577 1879 725 1957 peraeto,
751 1865 1030 1934 reverendissimus
1046 1869 1225 1957 Episcopus

79 1973 329 2064 inquisitionem
343 1973 429 2041 lianc
443 1973 627 2064 qeneralem
643 1973 834 2040 terminavit
845 1985 876 2040 et
892 1974 1105 2041 terminatam
1119 1973 1226 2042 decla-

79 2081 183 2148 ravit.
201 2083 241 2148 In
255 2080 353 2171 cujus
364 2079 476 2171 fidun,
496 2093 526 2148 et
550 2081 701 2148 omnium
724 2101 797 2170 qua
816 2101 931 2170 supra.
949 2117 993 2132 -
1009 2083 1080 2170 Epo
1096 2083 1152 2162 N„
1171 2103 1228 2149 ac-

82 2201 227 2257 tuarius.
245 2215 262 2254 n

529 2329 673 2400 CAPUT
687 2328 778 2398 VIII.

127 2523 269 2569 romu
298 2522 474 2569 mmmmm
503 2521 685 2569 scutrrtvnls
714 2521 851 2588 uernum,
884 2521 1006 2576 Quintio
1033 2524 1182 2571 semente

393 2639 604 2694 mammone
635 2640 689 2685 vu
717 2639 913 2685 euoenorrun.

127 2805 200 2872 Non
214 2813 317 2896 potest
329 2803 433 2895 judex
446 2802 679 2872 ecelesiasticus
693 2813 807 2872 contre
819 2827 1018 2896 quemquem
1037 2805 1090 2873 vie
1102 2808 1225 2897 specie-

76 2911 123 2980 Iis
137 2910 368 3001 inquisitionis,
385 2931 500 2978 senex
516 2932 605 2978 mero
618 2909 736 2996 officio,
753 2908 939 3000 procedere,
957 2911 1021 2979 nisi
1031 2911 1065 2978 iu
1079 2910 1130 2979 bis
1142 2915 1226 2980 cesi-

76 3018 145 3086 bus
163 3044 171 3083 z
191 3021 223 3083 1⁰
238 3017 369 3109 quando
381 3014 799 3107 precessitfemepublice5
818 3019 852 3083 2⁰
864 3016 960 3107 juxte
967 3019 1224 3088 communiorem

77 3125 251 3192 doctorum
268 3122 473 3206 sententiam,
493 3123 625 3214 quando
649 3121 847 3213 judicialiter
870 3122 975 3212 (serbi
1002 3125 1118 3212 gretie,
1143 3123 1224 3195 dum

75 3229 261 3321 Episcopus
284 3229 469 3318 generalem
491 3227 734 3321 inquisitionem
750 3229 879 3320 iaceret)
898 3229 1007 3298 habite
1021 3241 1098 3299 sunt
1112 3242 1224 3301 contre

76 3337 221 3427 aliquem
237 3334 587 3420 vehementis-indicio,
604 3344 661 3403 eut
676 3334 872 3424 semi-plene
885 3334 1034 3425 probatio
1045 3335 1085 3404 de
1097 3347 1222 3429 petreio

74 3446 175 3536 gravi
189 3444 316 3512 delicto.
334 3442 522 3511 Formulum
536 3464 596 3532 pro
609 3451 748 3532 utroque
762 3463 839 3509 eesu
854 3441 1093 3512 exhibebimus.

618 3656 686 3746 51.

219 3812 339 3864 termule
350 3807 453 3876 quando
466 3808 495 3859 tit
505 3807 625 3873 specialis
639 3807 771 3872 inquisitio
785 3807 819 3858 ob
832 3808 965 3873 publicem
976 3809 1080 3860 tamem.

128 3957 221 4025 «Hic
236 3968 282 4025 est
290 3975 461 4046 processus
475 3952 666 4034 witesindus,
684 3973 780 4041 quem
795 3951 850 4020 via
862 3953 1083 4044 inquisitiones
1096 3959 1219 4046 specio-

76 4066 121 4135 lis
134 4086 175 4131 ev
187 4063 292 4154 officio
300 4065 447 4153 formare
461 4058 599 4129 mtendit
622 4061 766 4128 loannes
779 4061 839 4141 N„
861 4058 1117 4132 reverendissimi
1133 4065 1220 4156 Epi-

74 4171 171 4264 scopi
183 4172 241 4251 N„
265 4169 409 4237 Vivarius
423 4167 594 4259 qmeralis,
604 4179 719 4238 caretro
732 4164 897 4236 Andream
908 4169 968 4249 N„
978 4167 1217 4261 presbyterum.

79 4281 172 4350 Cum
184 4277 272 4346 enim
298 4275 345 4345 ad
361 4298 456 4346 aures
465 4274 603 4367 prefati
615 4273 781 4347 reverendi
803 4274 923 4360 licant
934 4275 1096 4368 putealis
1103 4299 1224 4370 perve-

242 4403 276 4448 ιι.
1027 4387 1064 4448 33
