<?xml version="1.0" encoding="UTF-8"?>
<!DOCTYPE html PUBLIC "-//W3C//DTD XHTML 1.0 Transitional//EN"
    "http://www.w3.org/TR/xhtml1/DTD/xhtml1-transitional.dtd">
<html xmlns="http://www.w3.org/1999/xhtml" xml:lang="en" lang="en">
 <head>
  <title>
</title>
<meta http-equiv="Content-Type" content="text/html;charset=utf-8" />
  <meta name='ocr-system' content='tesseract 3.04.00' />
  <meta name='ocr-capabilities' content='ocr_page ocr_carea ocr_par ocr_line ocrx_word'/>
</head>
<body>
  <div class='ocr_page' id='page_1' title='image "./tractatusdejudi00goog_0024.png"; bbox 0 0 3050 4984; ppageno 0'>
   <div class='ocr_carea' id='block_1_1' title="bbox 297 468 1058 539">
    <p class='ocr_par' dir='ltr' id='par_1_1' title="bbox 297 468 1058 539">
     <span class='ocr_line' id='line_1_1' title="bbox 297 468 1058 539; baseline 0.008 -8"><span class='ocrx_word' id='word_1_1' title='bbox 297 468 335 532; x_wconf 80' lang='lat' dir='ltr'><strong>tt</strong></span> <span class='ocrx_word' id='word_1_2' title='bbox 665 486 842 536; x_wconf 80' lang='lat' dir='ltr'><strong>ruacrarus</strong></span> <span class='ocrx_word' id='word_1_3' title='bbox 864 486 903 535; x_wconf 84' lang='lat' dir='ltr'><strong>na</strong></span> <span class='ocrx_word' id='word_1_4' title='bbox 924 486 1058 539; x_wconf 78' lang='lat' dir='ltr'><strong>sonruu.</strong></span> 
     </span>
    </p>
   </div>
   <div class='ocr_carea' id='block_1_2' title="bbox 237 608 1491 3705">
    <p class='ocr_par' dir='ltr' id='par_1_2' title="bbox 237 608 1491 2093">
     <span class='ocr_line' id='line_1_2' title="bbox 293 608 1438 702; baseline 0.003 -25"><span class='ocrx_word' id='word_1_5' title='bbox 293 610 407 679; x_wconf 87' lang='lat' dir='ltr'><strong>saltem</strong></span> <span class='ocrx_word' id='word_1_6' title='bbox 427 608 570 699; x_wconf 85' lang='lat' dir='ltr'><strong>vigente,</strong></span> <span class='ocrx_word' id='word_1_7' title='bbox 594 609 734 700; x_wconf 92' lang='lat' dir='ltr'><strong>probant</strong></span> <span class='ocrx_word' id='word_1_8' title='bbox 758 634 858 702; x_wconf 88' lang='lat' dir='ltr'><strong>supra</strong></span> <span class='ocrx_word' id='word_1_9' title='bbox 882 611 972 681; x_wconf 88' lang='lat' dir='ltr'><strong>allati</strong></span> <span class='ocrx_word' id='word_1_10' title='bbox 996 619 1117 682; x_wconf 86' lang='lat' dir='ltr'><strong>textus.</strong></span> <span class='ocrx_word' id='word_1_11' title='bbox 1141 608 1305 682; x_wconf 81' lang='lat' dir='ltr'>Addimus</span> <span class='ocrx_word' id='word_1_12' title='bbox 1327 618 1438 683; x_wconf 63' lang='lat' dir='ltr'><strong>auum</strong></span> 
     </span>
     <span class='ocr_line' id='line_1_3' title="bbox 292 716 1437 810; baseline 0.004 -26"><span class='ocrx_word' id='word_1_13' title='bbox 292 716 345 784; x_wconf 88' lang='lat' dir='ltr'><strong>vel</strong></span> <span class='ocrx_word' id='word_1_14' title='bbox 356 716 474 785; x_wconf 81' lang='lat' dir='ltr'><strong>similis</strong></span> <span class='ocrx_word' id='word_1_15' title='bbox 488 744 500 783; x_wconf 91' lang='grc'><strong>.·</strong></span> <span class='ocrx_word' id='word_1_16' title='bbox 516 738 603 807; x_wconf 77' lang='lat' dir='ltr'><strong>saepe</strong></span> <span class='ocrx_word' id='word_1_17' title='bbox 618 716 705 785; x_wconf 90' lang='lat' dir='ltr'><strong>enim</strong></span> <span class='ocrx_word' id='word_1_18' title='bbox 724 718 893 787; x_wconf 76' lang='lat' dir='ltr'><strong>eveniebat</strong></span> <span class='ocrx_word' id='word_1_19' title='bbox 907 726 1024 788; x_wconf 92' lang='lat' dir='ltr'><strong>utnon</strong></span> <span class='ocrx_word' id='word_1_20' title='bbox 1042 728 1150 810; x_wconf 78' lang='lat' dir='ltr'><strong>posset</strong></span> <span class='ocrx_word' id='word_1_21' title='bbox 1168 720 1281 789; x_wconf 88' lang='lat' dir='ltr'><strong>eadem</strong></span> <span class='ocrx_word' id='word_1_22' title='bbox 1301 720 1437 790; x_wconf 92' lang='lat' dir='ltr'><strong>omnino</strong></span> 
     </span>
     <span class='ocr_line' id='line_1_4' title="bbox 291 823 1437 918; baseline 0.002 -26"><span class='ocrx_word' id='word_1_23' title='bbox 291 847 390 915; x_wconf 77' lang='lat' dir='ltr'><strong>prena</strong></span> <span class='ocrx_word' id='word_1_24' title='bbox 415 823 543 892; x_wconf 87' lang='lat' dir='ltr'><strong>decerni</strong></span> <span class='ocrx_word' id='word_1_25' title='bbox 573 849 581 889; x_wconf 90' lang='lat'>:</span> <span class='ocrx_word' id='word_1_26' title='bbox 610 832 688 891; x_wconf 91' lang='lat' dir='ltr'><strong>tunc</strong></span> <span class='ocrx_word' id='word_1_27' title='bbox 712 833 823 892; x_wconf 83' lang='lat' dir='ltr'><strong>autem</strong></span> <span class='ocrx_word' id='word_1_28' title='bbox 845 847 945 916; x_wconf 74' lang='lat' dir='ltr'><strong>praua</strong></span> <span class='ocrx_word' id='word_1_29' title='bbox 967 826 1100 895; x_wconf 91' lang='lat' dir='ltr'><strong>talionis</strong></span> <span class='ocrx_word' id='word_1_30' title='bbox 1127 826 1370 918; x_wconf 77' lang='lat' dir='ltr'><strong>intelligebatur</strong></span> <span class='ocrx_word' id='word_1_31' title='bbox 1394 826 1437 894; x_wconf 87' lang='lat' dir='ltr'><strong>da</strong></span> 
     </span>
     <span class='ocr_line' id='line_1_5' title="bbox 290 930 1437 1026; baseline 0.003 -27"><span class='ocrx_word' id='word_1_32' title='bbox 290 955 388 1023; x_wconf 68' lang='lat' dir='ltr'><strong>poena</strong></span> <span class='ocrx_word' id='word_1_33' title='bbox 403 955 477 1025; x_wconf 81' lang='lat' dir='ltr'><strong>quae</strong></span> <span class='ocrx_word' id='word_1_34' title='bbox 493 930 635 1022; x_wconf 87' lang='lat' dir='ltr'><strong>ajudice</strong></span> <span class='ocrx_word' id='word_1_35' title='bbox 650 930 871 1000; x_wconf 68' lang='lat' dir='ltr'><strong>aestimabatur</strong></span> <span class='ocrx_word' id='word_1_36' title='bbox 885 955 985 1023; x_wconf 89' lang='lat' dir='ltr'><strong>quam</strong></span> <span class='ocrx_word' id='word_1_37' title='bbox 1001 935 1146 1003; x_wconf 79' lang='lat' dir='ltr'><strong>maxime</strong></span> <span class='ocrx_word' id='word_1_38' title='bbox 1161 935 1234 1003; x_wconf 85' lang='lat' dir='ltr'><strong>lieri</strong></span> <span class='ocrx_word' id='word_1_39' title='bbox 1249 943 1375 1026; x_wconf 88' lang='lat' dir='ltr'><strong>poterat</strong></span> <span class='ocrx_word' id='word_1_40' title='bbox 1390 935 1437 1003; x_wconf 94' lang='lat' dir='ltr'><strong>si-</strong></span> 
     </span>
     <span class='ocr_line' id='line_1_6' title="bbox 290 1038 1437 1133; baseline 0.003 -26"><span class='ocrx_word' id='word_1_41' title='bbox 290 1039 378 1107; x_wconf 93' lang='lat' dir='ltr'><strong>milis</strong></span> <span class='ocrx_word' id='word_1_42' title='bbox 391 1047 422 1106; x_wconf 91' lang='lat' dir='ltr'><strong>et</strong></span> <span class='ocrx_word' id='word_1_43' title='bbox 436 1038 646 1129; x_wconf 80' lang='lat' dir='ltr'><strong>aequivaleus.</strong></span> <span class='ocrx_word' id='word_1_44' title='bbox 665 1038 759 1120; x_wconf 90' lang='lat' dir='ltr'><strong>Quod</strong></span> <span class='ocrx_word' id='word_1_45' title='bbox 776 1048 886 1129; x_wconf 89' lang='lat' dir='ltr'><strong>aperte</strong></span> <span class='ocrx_word' id='word_1_46' title='bbox 901 1048 1026 1108; x_wconf 89' lang='lat' dir='ltr'><strong>constat</strong></span> <span class='ocrx_word' id='word_1_47' title='bbox 1040 1064 1084 1111; x_wconf 78' lang='lat' dir='ltr'><strong>ex</strong></span> <span class='ocrx_word' id='word_1_48' title='bbox 1095 1043 1199 1133; x_wconf 84' lang='lat' dir='ltr'><strong>capite</strong></span> <span class='ocrx_word' id='word_1_49' title='bbox 1217 1043 1304 1111; x_wconf 82' lang='lat' dir='ltr'><strong>Cam</strong></span> <span class='ocrx_word' id='word_1_50' title='bbox 1314 1042 1437 1133; x_wconf 79' lang='lat' dir='ltr'><strong>lortius</strong></span> 
     </span>
     <span class='ocr_line' id='line_1_7' title="bbox 291 1145 1435 1241; baseline 0.003 -28"><span class='ocrx_word' id='word_1_51' title='bbox 291 1148 336 1236; x_wconf 83' lang='lat'><strong>(1,</strong></span> <span class='ocrx_word' id='word_1_52' title='bbox 352 1146 437 1215; x_wconf 90' lang='lat' dir='ltr'><strong>tituli</strong></span> <span class='ocrx_word' id='word_1_53' title='bbox 451 1151 484 1232; x_wconf 84' lang='lat'><strong>2,</strong></span> <span class='ocrx_word' id='word_1_54' title='bbox 500 1145 575 1214; x_wconf 91' lang='lat' dir='ltr'><strong>libri</strong></span> <span class='ocrx_word' id='word_1_55' title='bbox 592 1150 610 1213; x_wconf 79' lang='grc'><strong>5</strong></span> <span class='ocrx_word' id='word_1_56' title='bbox 631 1146 875 1237; x_wconf 82' lang='lat' dir='ltr'><strong>Decretalium),</strong></span> <span class='ocrx_word' id='word_1_57' title='bbox 895 1148 950 1217; x_wconf 89' lang='lat' dir='ltr'><strong>ubi</strong></span> <span class='ocrx_word' id='word_1_58' title='bbox 975 1149 1085 1239; x_wconf 87' lang='lat' dir='ltr'><strong>agitur</strong></span> <span class='ocrx_word' id='word_1_59' title='bbox 1097 1151 1138 1218; x_wconf 91' lang='lat' dir='ltr'><strong>de</strong></span> <span class='ocrx_word' id='word_1_60' title='bbox 1157 1148 1355 1219; x_wconf 89' lang='lat' dir='ltr'><strong>subdiacono</strong></span> <span class='ocrx_word' id='word_1_61' title='bbox 1373 1150 1435 1241; x_wconf 89' lang='lat' dir='ltr'><strong>qui</strong></span> 
     </span>
     <span class='ocr_line' id='line_1_8' title="bbox 288 1251 1435 1346; baseline 0.003 -26"><span class='ocrx_word' id='word_1_62' title='bbox 288 1252 486 1321; x_wconf 83' lang='lat' dir='ltr'><strong>calumniose</strong></span> <span class='ocrx_word' id='word_1_63' title='bbox 503 1251 679 1321; x_wconf 87' lang='lat' dir='ltr'><strong>diaconum</strong></span> <span class='ocrx_word' id='word_1_64' title='bbox 693 1260 902 1321; x_wconf 84' lang='lat' dir='ltr'><strong>accusaverat</strong></span> <span class='ocrx_word' id='word_1_65' title='bbox 921 1252 962 1321; x_wconf 90' lang='lat' dir='ltr'><strong>de</strong></span> <span class='ocrx_word' id='word_1_66' title='bbox 983 1254 1120 1323; x_wconf 88' lang='lat' dir='ltr'><strong>crimine</strong></span> <span class='ocrx_word' id='word_1_67' title='bbox 1143 1255 1377 1346; x_wconf 82' lang='lat' dir='ltr'><strong>depositionem</strong></span> <span class='ocrx_word' id='word_1_68' title='bbox 1391 1255 1435 1323; x_wconf 91' lang='lat' dir='ltr'><strong>ab</strong></span> 
     </span>
     <span class='ocr_line' id='line_1_9' title="bbox 288 1358 1435 1452; baseline 0.003 -25"><span class='ocrx_word' id='word_1_69' title='bbox 288 1358 395 1427; x_wconf 91' lang='lat' dir='ltr'><strong>olfioio</strong></span> <span class='ocrx_word' id='word_1_70' title='bbox 411 1358 570 1427; x_wconf 85' lang='lat' dir='ltr'><strong>trahente.</strong></span> <span class='ocrx_word' id='word_1_71' title='bbox 589 1360 620 1426; x_wconf 89' lang='lat' dir='ltr'><strong>Is</strong></span> <span class='ocrx_word' id='word_1_72' title='bbox 635 1380 732 1451; x_wconf 89' lang='lat' dir='ltr'><strong>porra</strong></span> <span class='ocrx_word' id='word_1_73' title='bbox 748 1369 914 1428; x_wconf 88' lang='lat' dir='ltr'><strong>accusator</strong></span> <span class='ocrx_word' id='word_1_74' title='bbox 928 1383 994 1428; x_wconf 94' lang='lat' dir='ltr'><strong>non</strong></span> <span class='ocrx_word' id='word_1_75' title='bbox 1013 1370 1138 1452; x_wconf 86' lang='lat' dir='ltr'><strong>poterat</strong></span> <span class='ocrx_word' id='word_1_76' title='bbox 1153 1360 1275 1452; x_wconf 87' lang='lat' dir='ltr'><strong>deponi</strong></span> <span class='ocrx_word' id='word_1_77' title='bbox 1288 1385 1308 1429; x_wconf 88' lang='lat' dir='ltr'><strong>a</strong></span> <span class='ocrx_word' id='word_1_78' title='bbox 1322 1361 1435 1430; x_wconf 88' lang='lat' dir='ltr'><strong>diaco-</strong></span> 
     </span>
     <span class='ocr_line' id='line_1_10' title="bbox 288 1462 1435 1559; baseline 0.004 -28"><span class='ocrx_word' id='word_1_79' title='bbox 288 1474 380 1547; x_wconf 87' lang='lat' dir='ltr'><strong>natu,</strong></span> <span class='ocrx_word' id='word_1_80' title='bbox 401 1486 477 1533; x_wconf 92' lang='lat' dir='ltr'><strong>cum</strong></span> <span class='ocrx_word' id='word_1_81' title='bbox 506 1462 723 1534; x_wconf 78' lang='lat' dir='ltr'><strong>subdiaconus</strong></span> <span class='ocrx_word' id='word_1_82' title='bbox 745 1464 918 1533; x_wconf 84' lang='lat' dir='ltr'><strong>dumtaxat</strong></span> <span class='ocrx_word' id='word_1_83' title='bbox 945 1466 1029 1534; x_wconf 81' lang='lat' dir='ltr'><strong>foret</strong></span> <span class='ocrx_word' id='word_1_84' title='bbox 1051 1494 1059 1535; x_wconf 90' lang='lat'>:</span> <span class='ocrx_word' id='word_1_85' title='bbox 1079 1476 1280 1559; x_wconf 88' lang='lat' dir='ltr'><strong>quapropter</strong></span> <span class='ocrx_word' id='word_1_86' title='bbox 1304 1476 1435 1536; x_wconf 87' lang='lat' dir='ltr'><strong>sanctus</strong></span> 
     </span>
     <span class='ocr_line' id='line_1_11' title="bbox 287 1570 1436 1670; baseline 0.002 -31"><span class='ocrx_word' id='word_1_87' title='bbox 287 1570 465 1661; x_wconf 78' lang='lat' dir='ltr'><strong>Gregorius</strong></span> <span class='ocrx_word' id='word_1_88' title='bbox 477 1571 570 1662; x_wconf 86' lang='lat' dir='ltr'><strong>jubet</strong></span> <span class='ocrx_word' id='word_1_89' title='bbox 580 1594 654 1641; x_wconf 86' lang='lat' dir='ltr'><strong>eum</strong></span> <span class='ocrx_word' id='word_1_90' title='bbox 670 1572 777 1663; x_wconf 93' lang='lat' dir='ltr'><strong>prima</strong></span> <span class='ocrx_word' id='word_1_91' title='bbox 793 1571 911 1663; x_wconf 86' lang='lat' dir='ltr'><strong>deponi</strong></span> <span class='ocrx_word' id='word_1_92' title='bbox 923 1596 943 1640; x_wconf 90' lang='lat' dir='ltr'><strong>a</strong></span> <span class='ocrx_word' id='word_1_93' title='bbox 954 1571 1189 1670; x_wconf 78' lang='lat' dir='ltr'><strong>subdiaconatu</strong></span> <span class='ocrx_word' id='word_1_94' title='bbox 1203 1601 1211 1641; x_wconf 90' lang='lat'>:</span> <span class='ocrx_word' id='word_1_95' title='bbox 1225 1588 1346 1643; x_wconf 88' lang='lat' dir='ltr'><strong>etcum</strong></span> <span class='ocrx_word' id='word_1_96' title='bbox 1362 1576 1436 1641; x_wconf 83' lang='lat' dir='ltr'><strong>baec</strong></span> 
     </span>
     <span class='ocr_line' id='line_1_12' title="bbox 286 1677 1435 1771; baseline 0.002 -24"><span class='ocrx_word' id='word_1_97' title='bbox 286 1700 383 1771; x_wconf 87' lang='lat' dir='ltr'><strong>poena</strong></span> <span class='ocrx_word' id='word_1_98' title='bbox 404 1678 598 1770; x_wconf 81' lang='lat' dir='ltr'><strong>depositioni</strong></span> <span class='ocrx_word' id='word_1_99' title='bbox 612 1702 632 1746; x_wconf 90' lang='lat' dir='ltr'><strong>a</strong></span> <span class='ocrx_word' id='word_1_100' title='bbox 645 1677 817 1747; x_wconf 85' lang='lat' dir='ltr'><strong>diaconatu</strong></span> <span class='ocrx_word' id='word_1_101' title='bbox 832 1688 944 1747; x_wconf 85' lang='lat' dir='ltr'><strong>exacte</strong></span> <span class='ocrx_word' id='word_1_102' title='bbox 959 1702 1025 1749; x_wconf 91' lang='lat' dir='ltr'><strong>non</strong></span> <span class='ocrx_word' id='word_1_103' title='bbox 1047 1680 1271 1771; x_wconf 83' lang='lat' dir='ltr'><strong>aequivaleret,</strong></span> <span class='ocrx_word' id='word_1_104' title='bbox 1288 1679 1330 1749; x_wconf 92' lang='lat' dir='ltr'><strong>ad</strong></span> <span class='ocrx_word' id='word_1_105' title='bbox 1342 1702 1435 1749; x_wconf 90' lang='lat' dir='ltr'><strong>com-</strong></span> 
     </span>
     <span class='ocr_line' id='line_1_13' title="bbox 285 1784 1491 1878; baseline 0.001 -24"><span class='ocrx_word' id='word_1_106' title='bbox 285 1786 486 1878; x_wconf 88' lang='lat' dir='ltr'><strong>plementum</strong></span> <span class='ocrx_word' id='word_1_107' title='bbox 500 1784 590 1855; x_wconf 87' lang='lat' dir='ltr'><strong>addit</strong></span> <span class='ocrx_word' id='word_1_108' title='bbox 604 1786 768 1877; x_wconf 85' lang='lat' dir='ltr'><strong>publicam</strong></span> <span class='ocrx_word' id='word_1_109' title='bbox 784 1786 1043 1855; x_wconf 88' lang='lat' dir='ltr'><strong>verberationem</strong></span> <span class='ocrx_word' id='word_1_110' title='bbox 1059 1796 1092 1854; x_wconf 89' lang='lat' dir='ltr'><strong>et</strong></span> <span class='ocrx_word' id='word_1_111' title='bbox 1110 1787 1261 1856; x_wconf 85' lang='lat' dir='ltr'><strong>exilium.</strong></span> <span class='ocrx_word' id='word_1_112' title='bbox 1276 1788 1434 1855; x_wconf 74' lang='lat' dir='ltr'><strong>latemur</strong></span> <span class='ocrx_word' id='word_1_113' title='bbox 1486 1786 1491 1799; x_wconf 91' lang='lat'>&#39;</span> 
     </span>
     <span class='ocr_line' id='line_1_14' title="bbox 237 1894 1434 1987; baseline -0.003 -21"><span class='ocrx_word' id='word_1_114' title='bbox 237 1951 244 1966; x_wconf 39' lang='grc' dir='ltr'><em>Ι</em></span> <span class='ocrx_word' id='word_1_115' title='bbox 286 1896 436 1963; x_wconf 83' lang='lat' dir='ltr'><strong>eamdem</strong></span> <span class='ocrx_word' id='word_1_116' title='bbox 445 1895 543 1987; x_wconf 75' lang='lat' dir='ltr'><strong>prius</strong></span> <span class='ocrx_word' id='word_1_117' title='bbox 556 1894 810 1963; x_wconf 78' lang='lat' dir='ltr'><strong>subdiaconatus</strong></span> <span class='ocrx_word' id='word_1_118' title='bbox 824 1896 956 1986; x_wconf 72' lang='lat' dir='ltr'><strong>privari</strong></span> <span class='ocrx_word' id='word_1_119' title='bbox 976 1896 1096 1987; x_wconf 74' lang='lat' dir='ltr'><strong>afficio,</strong></span> <span class='ocrx_word' id='word_1_120' title='bbox 1113 1909 1144 1964; x_wconf 88' lang='lat' dir='ltr'><strong>ct</strong></span> <span class='ocrx_word' id='word_1_121' title='bbox 1163 1896 1346 1965; x_wconf 80' lang='lat' dir='ltr'><strong>verberibus</strong></span> <span class='ocrx_word' id='word_1_122' title='bbox 1362 1919 1434 1987; x_wconf 83' lang='lat' dir='ltr'><strong>pa-</strong></span> 
     </span>
     <span class='ocr_line' id='line_1_15' title="bbox 287 2002 975 2093; baseline -0.003 -21"><span class='ocrx_word' id='word_1_123' title='bbox 287 2003 366 2072; x_wconf 83' lang='lat' dir='ltr'><strong>blice</strong></span> <span class='ocrx_word' id='word_1_124' title='bbox 378 2003 580 2093; x_wconf 72' lang='lat' dir='ltr'><strong>caelipetam</strong></span> <span class='ocrx_word' id='word_1_125' title='bbox 594 2002 628 2070; x_wconf 84' lang='lat' dir='ltr'><strong>in</strong></span> <span class='ocrx_word' id='word_1_126' title='bbox 644 2003 781 2071; x_wconf 79' lang='lat' dir='ltr'><strong>aritiam</strong></span> <span class='ocrx_word' id='word_1_127' title='bbox 795 2002 975 2093; x_wconf 78' lang='lat' dir='ltr'><strong>deportari.</strong></span> 
     </span>
    </p>

    <p class='ocr_par' dir='ltr' id='par_1_3' title="bbox 282 2109 1433 3165">
     <span class='ocr_line' id='line_1_16' title="bbox 331 2109 1433 2201; baseline 0.002 -24"><span class='ocrx_word' id='word_1_128' title='bbox 331 2116 364 2177; x_wconf 76' lang='lat'><strong>4·</strong></span> <span class='ocrx_word' id='word_1_129' title='bbox 380 2112 556 2179; x_wconf 81' lang='lat' dir='ltr'><strong>Accusator</strong></span> <span class='ocrx_word' id='word_1_130' title='bbox 570 2130 668 2201; x_wconf 90' lang='lat' dir='ltr'><strong>quem</strong></span> <span class='ocrx_word' id='word_1_131' title='bbox 682 2117 807 2178; x_wconf 87' lang='lat' dir='ltr'><strong>constat</strong></span> <span class='ocrx_word' id='word_1_132' title='bbox 823 2132 866 2177; x_wconf 87' lang='lat' dir='ltr'><strong>ex</strong></span> <span class='ocrx_word' id='word_1_133' title='bbox 887 2109 1014 2178; x_wconf 89' lang='lat' dir='ltr'><strong>malitia</strong></span> <span class='ocrx_word' id='word_1_134' title='bbox 1030 2110 1248 2180; x_wconf 87' lang='lat' dir='ltr'><strong>calumniasse</strong></span> <span class='ocrx_word' id='word_1_135' title='bbox 1266 2110 1375 2179; x_wconf 89' lang='lat' dir='ltr'><strong>evadit</strong></span> <span class='ocrx_word' id='word_1_136' title='bbox 1389 2110 1433 2179; x_wconf 94' lang='lat' dir='ltr'><strong>de</strong></span> 
     </span>
     <span class='ocr_line' id='line_1_17' title="bbox 282 2214 1433 2311; baseline -0.002 -24"><span class='ocrx_word' id='word_1_137' title='bbox 282 2218 357 2310; x_wconf 86' lang='lat' dir='ltr'><strong>jure</strong></span> <span class='ocrx_word' id='word_1_138' title='bbox 377 2217 528 2309; x_wconf 48' lang='lat' dir='ltr'><strong>insama·</strong></span> <span class='ocrx_word' id='word_1_139' title='bbox 543 2214 743 2309; x_wconf 89' lang='lat' dir='ltr'><strong>proindeque</strong></span> <span class='ocrx_word' id='word_1_140' title='bbox 768 2216 973 2307; x_wconf 63' lang='lat' dir='ltr'><strong>coquaris,</strong></span> <span class='ocrx_word' id='word_1_141' title='bbox 990 2218 1037 2285; x_wconf 83' lang='lat' dir='ltr'><strong>ita</strong></span> <span class='ocrx_word' id='word_1_142' title='bbox 1060 2226 1096 2286; x_wconf 91' lang='lat' dir='ltr'><strong>ut</strong></span> <span class='ocrx_word' id='word_1_143' title='bbox 1118 2241 1224 2310; x_wconf 88' lang='lat' dir='ltr'><strong>neque</strong></span> <span class='ocrx_word' id='word_1_144' title='bbox 1244 2219 1433 2311; x_wconf 86' lang='lat' dir='ltr'><strong>promoveri</strong></span> 
     </span>
     <span class='ocr_line' id='line_1_18' title="bbox 285 2324 1432 2416; baseline -0.001 -22"><span class='ocrx_word' id='word_1_145' title='bbox 285 2326 326 2394; x_wconf 88' lang='lat' dir='ltr'><strong>ad</strong></span> <span class='ocrx_word' id='word_1_146' title='bbox 348 2324 493 2412; x_wconf 91' lang='lat' dir='ltr'><strong>ordines,</strong></span> <span class='ocrx_word' id='word_1_147' title='bbox 515 2348 620 2415; x_wconf 89' lang='lat' dir='ltr'><strong>nequa</strong></span> <span class='ocrx_word' id='word_1_148' title='bbox 647 2324 831 2393; x_wconf 88' lang='lat' dir='ltr'><strong>ministrare</strong></span> <span class='ocrx_word' id='word_1_149' title='bbox 854 2324 890 2391; x_wconf 93' lang='lat' dir='ltr'><strong>iu</strong></span> <span class='ocrx_word' id='word_1_150' title='bbox 915 2325 1074 2416; x_wconf 87' lang='lat' dir='ltr'><strong>susceptis</strong></span> <span class='ocrx_word' id='word_1_151' title='bbox 1094 2326 1219 2412; x_wconf 82' lang='lat' dir='ltr'><strong>valeat3</strong></span> <span class='ocrx_word' id='word_1_152' title='bbox 1245 2334 1278 2393; x_wconf 89' lang='lat' dir='ltr'><strong>et</strong></span> <span class='ocrx_word' id='word_1_153' title='bbox 1297 2326 1432 2416; x_wconf 88' lang='lat' dir='ltr'><strong>iusuper</strong></span> 
     </span>
     <span class='ocr_line' id='line_1_19' title="bbox 284 2431 1432 2521; baseline -0.002 -19"><span class='ocrx_word' id='word_1_154' title='bbox 284 2433 440 2503; x_wconf 76' lang='lat' dir='ltr'><strong>intrabilis</strong></span> <span class='ocrx_word' id='word_1_155' title='bbox 455 2433 498 2501; x_wconf 92' lang='lat' dir='ltr'><strong>ad</strong></span> <span class='ocrx_word' id='word_1_156' title='bbox 522 2431 696 2521; x_wconf 83' lang='lat' dir='ltr'><strong>dignitates</strong></span> <span class='ocrx_word' id='word_1_157' title='bbox 713 2441 745 2500; x_wconf 90' lang='lat' dir='ltr'><strong>et</strong></span> <span class='ocrx_word' id='word_1_158' title='bbox 764 2431 923 2501; x_wconf 86' lang='lat' dir='ltr'><strong>beneficia</strong></span> <span class='ocrx_word' id='word_1_159' title='bbox 944 2432 1167 2503; x_wconf 85' lang='lat' dir='ltr'><strong>ecclesiastica.</strong></span> <span class='ocrx_word' id='word_1_160' title='bbox 1193 2433 1257 2503; x_wconf 91' lang='lat' dir='ltr'><strong>Sed</strong></span> <span class='ocrx_word' id='word_1_161' title='bbox 1275 2432 1315 2500; x_wconf 92' lang='lat' dir='ltr'><strong>ad</strong></span> <span class='ocrx_word' id='word_1_162' title='bbox 1342 2434 1432 2501; x_wconf 91' lang='lat' dir='ltr'><strong>hunc</strong></span> 
     </span>
     <span class='ocr_line' id='line_1_20' title="bbox 285 2538 1431 2631; baseline -0.002 -22"><span class='ocrx_word' id='word_1_163' title='bbox 285 2539 434 2609; x_wconf 84' lang='lat' dir='ltr'><strong>effectum</strong></span> <span class='ocrx_word' id='word_1_164' title='bbox 454 2560 582 2608; x_wconf 89' lang='lat' dir='ltr'><strong>necesse</strong></span> <span class='ocrx_word' id='word_1_165' title='bbox 600 2545 648 2606; x_wconf 88' lang='lat' dir='ltr'><strong>est</strong></span> <span class='ocrx_word' id='word_1_166' title='bbox 667 2538 861 2607; x_wconf 88' lang='lat' dir='ltr'><strong>declaratam</strong></span> <span class='ocrx_word' id='word_1_167' title='bbox 884 2538 984 2607; x_wconf 83' lang='lat' dir='ltr'><strong>luisse</strong></span> <span class='ocrx_word' id='word_1_168' title='bbox 1004 2538 1202 2609; x_wconf 86' lang='lat' dir='ltr'><strong>calumniam</strong></span> <span class='ocrx_word' id='word_1_169' title='bbox 1224 2562 1286 2631; x_wconf 84' lang='lat' dir='ltr'><strong>per</strong></span> <span class='ocrx_word' id='word_1_170' title='bbox 1303 2554 1431 2608; x_wconf 76' lang='lat' dir='ltr'><strong>amtor-</strong></span> 
     </span>
     <span class='ocr_line' id='line_1_21' title="bbox 286 2644 1429 2739; baseline -0.002 -22"><span class='ocrx_word' id='word_1_171' title='bbox 286 2650 369 2717; x_wconf 85' lang='lat' dir='ltr'><strong>tiam</strong></span> <span class='ocrx_word' id='word_1_172' title='bbox 382 2645 512 2739; x_wconf 87' lang='lat' dir='ltr'><strong>judicis.</strong></span> <span class='ocrx_word' id='word_1_173' title='bbox 528 2644 734 2715; x_wconf 87' lang='lat' dir='ltr'><strong>Attendenda</strong></span> <span class='ocrx_word' id='word_1_174' title='bbox 748 2654 859 2715; x_wconf 90' lang='lat' dir='ltr'><strong>autem</strong></span> <span class='ocrx_word' id='word_1_175' title='bbox 872 2655 950 2714; x_wconf 90' lang='lat' dir='ltr'><strong>sunt</strong></span> <span class='ocrx_word' id='word_1_176' title='bbox 965 2648 1066 2716; x_wconf 89' lang='lat' dir='ltr'><strong>verba</strong></span> <span class='ocrx_word' id='word_1_177' title='bbox 1085 2648 1254 2717; x_wconf 73' lang='lat' dir='ltr'><strong>sententiae</strong></span> <span class='ocrx_word' id='word_1_178' title='bbox 1277 2646 1429 2717; x_wconf 82' lang='lat' dir='ltr'><strong>:sienim</strong></span> 
     </span>
     <span class='ocr_line' id='line_1_22' title="bbox 285 2751 1430 2845; baseline -0.002 -23"><span class='ocrx_word' id='word_1_179' title='bbox 285 2755 407 2823; x_wconf 83' lang='lat' dir='ltr'><strong>dixerit</strong></span> <span class='ocrx_word' id='word_1_180' title='bbox 425 2752 530 2845; x_wconf 83' lang='lat' dir='ltr'><strong>judex</strong></span> <span class='ocrx_word' id='word_1_181' title='bbox 553 2775 621 2821; x_wconf 80' lang='lat' dir='ltr'><strong>aaa</strong></span> <span class='ocrx_word' id='word_1_182' title='bbox 638 2752 799 2844; x_wconf 81' lang='lat' dir='ltr'><strong>probasti,</strong></span> <span class='ocrx_word' id='word_1_183' title='bbox 816 2775 882 2821; x_wconf 94' lang='lat' dir='ltr'><strong>non</strong></span> <span class='ocrx_word' id='word_1_184' title='bbox 904 2751 979 2823; x_wconf 90' lang='lat' dir='ltr'><strong>ideo</strong></span> <span class='ocrx_word' id='word_1_185' title='bbox 1001 2763 1220 2824; x_wconf 88' lang='lat' dir='ltr'><strong>accusatorem</strong></span> <span class='ocrx_word' id='word_1_186' title='bbox 1241 2754 1374 2823; x_wconf 88' lang='lat' dir='ltr'><strong>damnat</strong></span> <span class='ocrx_word' id='word_1_187' title='bbox 1388 2753 1430 2821; x_wconf 89' lang='lat' dir='ltr'><strong>de</strong></span> 
     </span>
     <span class='ocr_line' id='line_1_23' title="bbox 285 2859 1427 2956; baseline -0.003 -25"><span class='ocrx_word' id='word_1_188' title='bbox 285 2862 448 2931; x_wconf 87' lang='lat' dir='ltr'><strong>calumnia</strong></span> <span class='ocrx_word' id='word_1_189' title='bbox 463 2888 471 2929; x_wconf 91' lang='lat'>:</span> <span class='ocrx_word' id='word_1_190' title='bbox 486 2882 578 2930; x_wconf 86' lang='lat' dir='ltr'><strong>secus</strong></span> <span class='ocrx_word' id='word_1_191' title='bbox 590 2860 619 2928; x_wconf 84' lang='lat' dir='ltr'><strong>si</strong></span> <span class='ocrx_word' id='word_1_192' title='bbox 630 2859 750 2929; x_wconf 88' lang='lat' dir='ltr'><strong>dixerit</strong></span> <span class='ocrx_word' id='word_1_193' title='bbox 765 2859 988 2929; x_wconf 81' lang='lat' dir='ltr'><strong>calumniatus</strong></span> <span class='ocrx_word' id='word_1_194' title='bbox 1000 2884 1042 2944; x_wconf 81' lang='lat' dir='ltr'><strong>es,</strong></span> <span class='ocrx_word' id='word_1_195' title='bbox 1054 2871 1111 2930; x_wconf 89' lang='lat' dir='ltr'><strong>aut</strong></span> <span class='ocrx_word' id='word_1_196' title='bbox 1123 2862 1203 2954; x_wconf 90' lang='lat' dir='ltr'><strong>quid</strong></span> <span class='ocrx_word' id='word_1_197' title='bbox 1216 2861 1427 2956; x_wconf 71' lang='lat' dir='ltr'><strong>aequivalens.</strong></span> 
     </span>
     <span class='ocr_line' id='line_1_24' title="bbox 285 2966 1428 3061; baseline -0.002 -23"><span class='ocrx_word' id='word_1_198' title='bbox 285 2968 370 3039; x_wconf 84' lang='lat' dir='ltr'><strong>Vide</strong></span> <span class='ocrx_word' id='word_1_199' title='bbox 394 2967 466 3037; x_wconf 83' lang='lat' dir='ltr'><strong>hoec</strong></span> <span class='ocrx_word' id='word_1_200' title='bbox 487 2968 631 3037; x_wconf 83' lang='lat' dir='ltr'><strong>textibus</strong></span> <span class='ocrx_word' id='word_1_201' title='bbox 653 2968 788 3059; x_wconf 89' lang='lat' dir='ltr'><strong>probata</strong></span> <span class='ocrx_word' id='word_1_202' title='bbox 814 2966 900 3059; x_wconf 92' lang='lat' dir='ltr'><strong>apud</strong></span> <span class='ocrx_word' id='word_1_203' title='bbox 929 2968 1221 3058; x_wconf 88' lang='lat' dir='ltr'><strong>Sabmalzgrueber</strong></span> <span class='ocrx_word' id='word_1_204' title='bbox 1242 2970 1288 3061; x_wconf 86' lang='lat' dir='ltr'><strong>(in</strong></span> <span class='ocrx_word' id='word_1_205' title='bbox 1315 2969 1365 3037; x_wconf 91' lang='lat' dir='ltr'><strong>tit.</strong></span> <span class='ocrx_word' id='word_1_206' title='bbox 1394 2972 1428 3056; x_wconf 76' lang='lat' dir='ltr'><strong>t,</strong></span> 
     </span>
     <span class='ocr_line' id='line_1_25' title="bbox 284 3074 693 3165; baseline -0.007 -19"><span class='ocrx_word' id='word_1_207' title='bbox 284 3078 362 3147; x_wconf 88' lang='lat' dir='ltr'><strong>libri</strong></span> <span class='ocrx_word' id='word_1_208' title='bbox 379 3078 553 3163; x_wconf 70' lang='lat' dir='ltr'><strong>blimart,</strong></span> <span class='ocrx_word' id='word_1_209' title='bbox 571 3098 604 3143; x_wconf 94' lang='lat' dir='ltr'><strong>n.</strong></span> <span class='ocrx_word' id='word_1_210' title='bbox 626 3074 693 3165; x_wconf 74' lang='lat' dir='ltr'><strong>rt).</strong></span> 
     </span>
    </p>

    <p class='ocr_par' dir='ltr' id='par_1_4' title="bbox 284 3182 1430 3705">
     <span class='ocr_line' id='line_1_26' title="bbox 331 3182 1430 3255; baseline -0.003 -1"><span class='ocrx_word' id='word_1_211' title='bbox 331 3190 363 3253; x_wconf 84' lang='lat'><strong>5⁰</strong></span> <span class='ocrx_word' id='word_1_212' title='bbox 379 3186 432 3254; x_wconf 76' lang='lat' dir='ltr'><strong>An</strong></span> <span class='ocrx_word' id='word_1_213' title='bbox 448 3184 626 3253; x_wconf 86' lang='lat' dir='ltr'><strong>accusatori</strong></span> <span class='ocrx_word' id='word_1_214' title='bbox 644 3184 738 3252; x_wconf 87' lang='lat' dir='ltr'><strong>liceat</strong></span> <span class='ocrx_word' id='word_1_215' title='bbox 752 3184 794 3251; x_wconf 84' lang='lat' dir='ltr'><strong>ab</strong></span> <span class='ocrx_word' id='word_1_216' title='bbox 809 3183 959 3253; x_wconf 88' lang='lat' dir='ltr'><strong>inchoata</strong></span> <span class='ocrx_word' id='word_1_217' title='bbox 978 3186 1179 3255; x_wconf 88' lang='lat' dir='ltr'><strong>accusatione</strong></span> <span class='ocrx_word' id='word_1_218' title='bbox 1194 3182 1371 3253; x_wconf 83' lang='lat' dir='ltr'><strong>desisteret</strong></span> <span class='ocrx_word' id='word_1_219' title='bbox 1384 3222 1430 3238; x_wconf 90' lang='lat'><em>-</em></span> 
     </span>
     <span class='ocr_line' id='line_1_27' title="bbox 285 3290 1430 3383; baseline -0.003 -20"><span class='ocrx_word' id='word_1_220' title='bbox 285 3294 411 3377; x_wconf 75' lang='lat' dir='ltr'><strong>Primo,</strong></span> <span class='ocrx_word' id='word_1_221' title='bbox 427 3315 493 3362; x_wconf 91' lang='lat' dir='ltr'><strong>non</strong></span> <span class='ocrx_word' id='word_1_222' title='bbox 508 3291 585 3361; x_wconf 91' lang='lat' dir='ltr'><strong>lieet</strong></span> <span class='ocrx_word' id='word_1_223' title='bbox 600 3290 732 3383; x_wconf 87' lang='lat' dir='ltr'><strong>quando</strong></span> <span class='ocrx_word' id='word_1_224' title='bbox 745 3300 911 3361; x_wconf 88' lang='lat' dir='ltr'><strong>accusator</strong></span> <span class='ocrx_word' id='word_1_225' title='bbox 926 3290 968 3359; x_wconf 91' lang='lat' dir='ltr'><strong>ad</strong></span> <span class='ocrx_word' id='word_1_226' title='bbox 983 3294 1202 3363; x_wconf 88' lang='lat' dir='ltr'><strong>accusandum</strong></span> <span class='ocrx_word' id='word_1_227' title='bbox 1218 3302 1346 3361; x_wconf 88' lang='lat' dir='ltr'><strong>tenetur</strong></span> <span class='ocrx_word' id='word_1_228' title='bbox 1359 3321 1366 3361; x_wconf 90' lang='lat'>:</span> <span class='ocrx_word' id='word_1_229' title='bbox 1380 3301 1430 3361; x_wconf 88' lang='lat' dir='ltr'><strong>ast</strong></span> 
     </span>
     <span class='ocr_line' id='line_1_28' title="bbox 284 3400 1429 3492; baseline -0.001 -21"><span class='ocrx_word' id='word_1_230' title='bbox 284 3403 337 3471; x_wconf 91' lang='lat' dir='ltr'><strong>ille</strong></span> <span class='ocrx_word' id='word_1_231' title='bbox 352 3424 445 3470; x_wconf 86' lang='lat' dir='ltr'><strong>casus</strong></span> <span class='ocrx_word' id='word_1_232' title='bbox 460 3409 507 3468; x_wconf 89' lang='lat' dir='ltr'><strong>est</strong></span> <span class='ocrx_word' id='word_1_233' title='bbox 522 3400 589 3467; x_wconf 89' lang='lat' dir='ltr'><strong>lere</strong></span> <span class='ocrx_word' id='word_1_234' title='bbox 604 3400 799 3468; x_wconf 89' lang='lat' dir='ltr'><strong>chimericos</strong></span> <span class='ocrx_word' id='word_1_235' title='bbox 814 3427 821 3468; x_wconf 92' lang='lat'><strong>:</strong></span> <span class='ocrx_word' id='word_1_236' title='bbox 837 3400 988 3491; x_wconf 84' lang='lat' dir='ltr'><strong>quamvis</strong></span> <span class='ocrx_word' id='word_1_237' title='bbox 1004 3401 1092 3468; x_wconf 90' lang='lat' dir='ltr'><strong>enim</strong></span> <span class='ocrx_word' id='word_1_238' title='bbox 1106 3400 1303 3492; x_wconf 87' lang='lat' dir='ltr'><strong>quandoque</strong></span> <span class='ocrx_word' id='word_1_239' title='bbox 1319 3410 1429 3470; x_wconf 85' lang='lat' dir='ltr'><strong>tenea-</strong></span> 
     </span>
     <span class='ocr_line' id='line_1_29' title="bbox 284 3505 1428 3601; baseline -0.001 -24"><span class='ocrx_word' id='word_1_240' title='bbox 284 3520 339 3578; x_wconf 89' lang='lat' dir='ltr'><strong>tur</strong></span> <span class='ocrx_word' id='word_1_241' title='bbox 352 3508 427 3601; x_wconf 91' lang='lat' dir='ltr'><strong>quis</strong></span> <span class='ocrx_word' id='word_1_242' title='bbox 440 3506 577 3598; x_wconf 81' lang='lat' dir='ltr'><strong>alicujus</strong></span> <span class='ocrx_word' id='word_1_243' title='bbox 592 3505 699 3574; x_wconf 91' lang='lat' dir='ltr'><strong>delicti</strong></span> <span class='ocrx_word' id='word_1_244' title='bbox 715 3506 941 3575; x_wconf 90' lang='lat' dir='ltr'><strong>coercitionem</strong></span> <span class='ocrx_word' id='word_1_245' title='bbox 955 3506 1119 3600; x_wconf 81' lang='lat' dir='ltr'><strong>persequi,</strong></span> <span class='ocrx_word' id='word_1_246' title='bbox 1134 3530 1200 3575; x_wconf 92' lang='lat' dir='ltr'><strong>nan</strong></span> <span class='ocrx_word' id='word_1_247' title='bbox 1214 3516 1322 3575; x_wconf 89' lang='lat' dir='ltr'><strong>tamen</strong></span> <span class='ocrx_word' id='word_1_248' title='bbox 1338 3516 1428 3577; x_wconf 91' lang='lat' dir='ltr'><strong>tene-</strong></span> 
     </span>
     <span class='ocr_line' id='line_1_30' title="bbox 284 3614 1427 3705; baseline -0.001 -21"><span class='ocrx_word' id='word_1_249' title='bbox 284 3626 338 3685; x_wconf 90' lang='lat' dir='ltr'><strong>tur</strong></span> <span class='ocrx_word' id='word_1_250' title='bbox 352 3614 386 3683; x_wconf 93' lang='lat' dir='ltr'><strong>id</strong></span> <span class='ocrx_word' id='word_1_251' title='bbox 408 3636 465 3705; x_wconf 88' lang='lat' dir='ltr'><strong>per</strong></span> <span class='ocrx_word' id='word_1_252' title='bbox 485 3614 571 3683; x_wconf 86' lang='lat' dir='ltr'><strong>viam</strong></span> <span class='ocrx_word' id='word_1_253' title='bbox 590 3614 804 3682; x_wconf 89' lang='lat' dir='ltr'><strong>accusationis</strong></span> <span class='ocrx_word' id='word_1_254' title='bbox 822 3614 964 3702; x_wconf 81' lang='lat' dir='ltr'><strong>efficere,</strong></span> <span class='ocrx_word' id='word_1_255' title='bbox 979 3615 1045 3682; x_wconf 90' lang='lat' dir='ltr'><strong>nisi</strong></span> <span class='ocrx_word' id='word_1_256' title='bbox 1063 3614 1147 3683; x_wconf 89' lang='lat' dir='ltr'><strong>desit</strong></span> <span class='ocrx_word' id='word_1_257' title='bbox 1172 3614 1236 3683; x_wconf 90' lang='lat' dir='ltr'><strong>alia</strong></span> <span class='ocrx_word' id='word_1_258' title='bbox 1259 3615 1427 3684; x_wconf 85' lang='lat' dir='ltr'><strong>sufficiens</strong></span> 
     </span>
    </p>
   </div>
   <div class='ocr_carea' id='block_1_3' title="bbox 151 3720 1426 3811">
    <p class='ocr_par' dir='ltr' id='par_1_5' title="bbox 151 3720 1426 3811">
     <span class='ocr_line' id='line_1_31' title="bbox 151 3720 1426 3811; baseline -0.001 -20"><span class='ocrx_word' id='word_1_259' title='bbox 151 3802 155 3811; x_wconf 18' lang='lat' dir='ltr'><strong>q</strong></span> <span class='ocrx_word' id='word_1_260' title='bbox 283 3724 347 3792; x_wconf 88' lang='lat' dir='ltr'><strong>via.</strong></span> <span class='ocrx_word' id='word_1_261' title='bbox 365 3722 469 3791; x_wconf 86' lang='lat' dir='ltr'><strong>Hodie</strong></span> <span class='ocrx_word' id='word_1_262' title='bbox 485 3731 606 3806; x_wconf 86' lang='lat' dir='ltr'><strong>autem,</strong></span> <span class='ocrx_word' id='word_1_263' title='bbox 622 3743 697 3788; x_wconf 90' lang='lat' dir='ltr'><strong>cum</strong></span> <span class='ocrx_word' id='word_1_264' title='bbox 714 3721 814 3811; x_wconf 90' lang='lat' dir='ltr'><strong>possit</strong></span> <span class='ocrx_word' id='word_1_265' title='bbox 823 3721 927 3811; x_wconf 85' lang='lat' dir='ltr'><strong>judex</strong></span> <span class='ocrx_word' id='word_1_266' title='bbox 942 3745 983 3791; x_wconf 84' lang='lat' dir='ltr'><strong>ex</strong></span> <span class='ocrx_word' id='word_1_267' title='bbox 997 3720 1104 3790; x_wconf 80' lang='lat' dir='ltr'><strong>officio</strong></span> <span class='ocrx_word' id='word_1_268' title='bbox 1119 3730 1152 3788; x_wconf 88' lang='lat' dir='ltr'><strong>et</strong></span> <span class='ocrx_word' id='word_1_269' title='bbox 1168 3720 1259 3789; x_wconf 91' lang='lat' dir='ltr'><strong>nullo</strong></span> <span class='ocrx_word' id='word_1_270' title='bbox 1283 3723 1426 3790; x_wconf 84' lang='lat' dir='ltr'><strong>interve-</strong></span> 
     </span>
    </p>
   </div>
   <div class='ocr_carea' id='block_1_4' title="bbox 282 3827 1427 4347">
    <p class='ocr_par' dir='ltr' id='par_1_6' title="bbox 282 3827 1427 4347">
     <span class='ocr_line' id='line_1_32' title="bbox 283 3827 1427 3920; baseline -0.003 -19"><span class='ocrx_word' id='word_1_271' title='bbox 283 3833 391 3901; x_wconf 90' lang='lat' dir='ltr'><strong>niente</strong></span> <span class='ocrx_word' id='word_1_272' title='bbox 406 3836 588 3897; x_wconf 88' lang='lat' dir='ltr'><strong>accusatore</strong></span> <span class='ocrx_word' id='word_1_273' title='bbox 607 3828 794 3918; x_wconf 87' lang='lat' dir='ltr'><strong>procedere,</strong></span> <span class='ocrx_word' id='word_1_274' title='bbox 810 3836 896 3918; x_wconf 89' lang='lat' dir='ltr'><strong>patet</strong></span> <span class='ocrx_word' id='word_1_275' title='bbox 911 3827 975 3896; x_wconf 92' lang='lat' dir='ltr'><strong>alia</strong></span> <span class='ocrx_word' id='word_1_276' title='bbox 987 3829 1052 3916; x_wconf 86' lang='lat' dir='ltr'><strong>via,</strong></span> <span class='ocrx_word' id='word_1_277' title='bbox 1071 3828 1228 3920; x_wconf 88' lang='lat' dir='ltr'><strong>simplicis</strong></span> <span class='ocrx_word' id='word_1_278' title='bbox 1249 3851 1366 3920; x_wconf 89' lang='lat' dir='ltr'><strong>nempe</strong></span> <span class='ocrx_word' id='word_1_279' title='bbox 1384 3830 1427 3897; x_wconf 88' lang='lat' dir='ltr'><strong>ud</strong></span> 
     </span>
     <span class='ocr_line' id='line_1_33' title="bbox 283 3934 1426 4030; baseline -0.003 -23"><span class='ocrx_word' id='word_1_280' title='bbox 283 3938 483 4030; x_wconf 84' lang='lat' dir='ltr'><strong>superiorem</strong></span> <span class='ocrx_word' id='word_1_281' title='bbox 499 3934 690 4022; x_wconf 81' lang='lat' dir='ltr'><strong>delationis3</strong></span> <span class='ocrx_word' id='word_1_282' title='bbox 708 3958 807 4025; x_wconf 88' lang='lat' dir='ltr'><strong>quam</strong></span> <span class='ocrx_word' id='word_1_283' title='bbox 823 3935 1042 4026; x_wconf 86' lang='lat' dir='ltr'><strong>inquisitionis</strong></span> <span class='ocrx_word' id='word_1_284' title='bbox 1057 3959 1099 4004; x_wconf 85' lang='lat' dir='ltr'><strong>ex</strong></span> <span class='ocrx_word' id='word_1_285' title='bbox 1114 3936 1224 4005; x_wconf 85' lang='lat' dir='ltr'><strong>officia</strong></span> <span class='ocrx_word' id='word_1_286' title='bbox 1239 3937 1340 4020; x_wconf 90' lang='lat' dir='ltr'><strong>viam,</strong></span> <span class='ocrx_word' id='word_1_287' title='bbox 1356 3936 1426 4005; x_wconf 87' lang='lat' dir='ltr'><strong>suf-</strong></span> 
     </span>
     <span class='ocr_line' id='line_1_34' title="bbox 285 4040 1422 4133; baseline -0.004 -20"><span class='ocrx_word' id='word_1_288' title='bbox 285 4048 446 4115; x_wconf 85' lang='lat' dir='ltr'><strong>licientcm</strong></span> <span class='ocrx_word' id='word_1_289' title='bbox 456 4065 522 4112; x_wconf 92' lang='lat' dir='ltr'><strong>non</strong></span> <span class='ocrx_word' id='word_1_290' title='bbox 535 4064 602 4111; x_wconf 90' lang='lat' dir='ltr'><strong>esse</strong></span> <span class='ocrx_word' id='word_1_291' title='bbox 613 4040 656 4110; x_wconf 87' lang='lat' dir='ltr'><strong>ad</strong></span> <span class='ocrx_word' id='word_1_292' title='bbox 667 4042 814 4111; x_wconf 89' lang='lat' dir='ltr'><strong>criminis</strong></span> <span class='ocrx_word' id='word_1_293' title='bbox 828 4043 1054 4113; x_wconf 88' lang='lat' dir='ltr'><strong>coercitionem</strong></span> <span class='ocrx_word' id='word_1_294' title='bbox 1068 4043 1234 4113; x_wconf 85' lang='lat' dir='ltr'><strong>rarissime</strong></span> <span class='ocrx_word' id='word_1_295' title='bbox 1245 4044 1422 4133; x_wconf 82' lang='lat' dir='ltr'><strong>continget.</strong></span> 
     </span>
     <span class='ocr_line' id='line_1_35' title="bbox 284 4150 1426 4245; baseline -0.002 -23"><span class='ocrx_word' id='word_1_296' title='bbox 284 4150 507 4245; x_wconf 84' lang='lat' dir='ltr'><strong>Expendenda</strong></span> <span class='ocrx_word' id='word_1_297' title='bbox 520 4172 598 4240; x_wconf 88' lang='lat' dir='ltr'><strong>crgo</strong></span> <span class='ocrx_word' id='word_1_298' title='bbox 617 4158 665 4218; x_wconf 91' lang='lat' dir='ltr'><strong>est</strong></span> <span class='ocrx_word' id='word_1_299' title='bbox 685 4150 849 4242; x_wconf 70' lang='lat' dir='ltr'><strong>praecipue</strong></span> <span class='ocrx_word' id='word_1_300' title='bbox 863 4152 1001 4243; x_wconf 77' lang='lat' dir='ltr'><strong>quaestio</strong></span> <span class='ocrx_word' id='word_1_301' title='bbox 1019 4152 1053 4219; x_wconf 93' lang='lat' dir='ltr'><strong>iu</strong></span> <span class='ocrx_word' id='word_1_302' title='bbox 1073 4174 1150 4220; x_wconf 89' lang='lat' dir='ltr'><strong>casu</strong></span> <span class='ocrx_word' id='word_1_303' title='bbox 1171 4175 1237 4243; x_wconf 93' lang='lat' dir='ltr'><strong>quo</strong></span> <span class='ocrx_word' id='word_1_304' title='bbox 1258 4159 1426 4221; x_wconf 88' lang='lat' dir='ltr'><strong>aecusator</strong></span> 
     </span>
     <span class='ocr_line' id='line_1_36' title="bbox 282 4257 825 4347; baseline -0.011 -16"><span class='ocrx_word' id='word_1_305' title='bbox 282 4262 323 4331; x_wconf 83' lang='lat' dir='ltr'><strong>ad</strong></span> <span class='ocrx_word' id='word_1_306' title='bbox 338 4258 555 4330; x_wconf 86' lang='lat' dir='ltr'><strong>accusandum</strong></span> <span class='ocrx_word' id='word_1_307' title='bbox 570 4280 636 4327; x_wconf 92' lang='lat' dir='ltr'><strong>uon</strong></span> <span class='ocrx_word' id='word_1_308' title='bbox 650 4257 825 4347; x_wconf 90' lang='lat' dir='ltr'><strong>obligatur.</strong></span> 
     </span>
    </p>
   </div>
   <div class='ocr_carea' id='block_1_5' title="bbox 0 0 1530 4984">
    <p class='ocr_par' dir='ltr' id='par_1_7' title="bbox 0 0 1530 4984">
     <span class='ocr_line' id='line_1_37' title="bbox 0 0 1530 4984; baseline 0 4"><span class='ocrx_word' id='word_1_309' title='bbox 0 0 1530 4984; x_wconf 95' lang='lat' dir='ltr'><strong> </strong></span> 
     </span>
    </p>
   </div>
  </div>
 </body>
</html>
