3050 4984
301 434 363 500 392
676 452 853 501 reserares
874 455 912 500 oa
932 453 1065 501 ennium.

299 602 317 641 e
341 574 484 643 noscitur
498 580 730 643 attentatum...
748 573 941 663 Investigeri
957 572 1109 643 volumus
1122 572 1294 664 diligenter
1312 574 1434 668 bajus·
1496 593 1497 606 ¹

300 708 316 747 e
342 680 429 750 modi
449 680 607 749 scelerum
628 688 817 771 patratores,
833 691 866 749 et
884 702 942 771 per
964 680 1115 750 officiales
1135 688 1275 767 nostros,
1299 681 1385 751 sicut
1404 694 1435 751 et

301 789 420 857 aelios
443 786 664 856 malefactores
689 787 831 879 inquiri;
861 810 899 855 ac
923 786 1131 879 inquisitione
1158 796 1287 857 notatos
1310 810 1332 855 a
1358 789 1436 857 viris

297 924 318 961 a
341 894 560 964 ecclesiasticis
584 900 616 962 et
637 893 786 963 Praeletie
809 893 990 962 examinari
1010 893 1165 984 jubemus
1188 920 1196 962 :
1222 916 1282 987 per
1301 896 1435 986 quossi

300 1031 317 1069 a
342 1002 466 1073 inventi
481 1000 638 1072 fuerinta
657 1000 721 1069 tide
738 999 907 1087 catholica,
927 1000 1041 1069 saltem
1063 1000 1098 1068 in
1119 999 1268 1088 articulo,
1291 1001 1434 1088 deviare,

300 1136 317 1177 a
339 1133 376 1179 ec
394 1132 452 1201 per
468 1108 555 1199 ipsos
569 1107 721 1200 pastorali
740 1129 829 1177 more
843 1108 1046 1195 commoniti,
1064 1108 1224 1177 tenebrosi
1241 1106 1368 1177 diaboii
1386 1131 1436 1176 re
1497 1127 1498 1132 ’

300 1247 316 1283 a
340 1218 423 1289 lictis
446 1215 576 1285 insidiis
595 1214 760 1285 noluerint
779 1237 953 1305 agnoscere
975 1216 1081 1285 Deum
1098 1215 1195 1302 lucis,
1211 1214 1268 1283 sed
1289 1215 1325 1284 in
1346 1240 1438 1286 erro-

301 1325 387 1395 aris
409 1331 562 1414 concepte
587 1323 741 1391 instantia
766 1331 988 1413 perseverent,
1017 1322 1334 1414 praesentisnostrm
1357 1324 1439 1415 lepris

299 1459 316 1497 a
340 1433 445 1501 edicto
466 1430 647 1515 damnatos,
678 1438 814 1498 mortem
836 1430 903 1521 pati
923 1428 1112 1514 Petarenos,
1134 1429 1281 1522 aliosque
1304 1428 1439 1499 baereti-

299 1567 315 1605 e
339 1561 405 1625 cos,
423 1558 630 1628 quocumque
649 1534 781 1603 nomine
800 1542 1005 1620 censeantur,
1026 1533 1241 1622 decernimus,
1264 1543 1305 1603 ut
1318 1536 1391 1605 vivi
1405 1536 1438 1604 in

298 1672 315 1711 a
338 1652 510 1737 conspectu
525 1641 697 1711 hominum
712 1640 958 1710 comburantur.
977 1668 994 1705 a
1012 1640 1062 1731 (In
1079 1641 1226 1711 Bullcrio
1245 1642 1438 1711 Domieeico·

296 1774 428 1831 eorum,
445 1759 522 1819 tom.
546 1752 576 1833 l,
592 1770 668 1840 pag.
688 1750 762 1815 126.

344 1886 361 1924 a
384 1856 563 1927 Statuimus
633 1864 670 1923 nt
685 1854 845 1941 heretici,
860 1876 1069 1947 quocumque
1080 1855 1213 1924 nomine
1231 1866 1437 1944 censeantur,

299 1993 316 2032 o
339 1964 534 2054 ubicumque
560 1982 617 2053 per
644 1960 820 2053 imperinm
841 1958 987 2030 damnati
1008 1960 1130 2030 fuerint
1153 1962 1195 2031 ab
1217 1962 1385 2050 Ecclesia,
1409 1974 1439 2033 at

300 2100 316 2138 e
339 2070 488 2139 saecnleri
502 2066 625 2160 judicio
641 2067 808 2157 assignati,
828 2067 1110 2137 animadversione
1122 2068 1231 2139 debita
1243 2071 1436 2161 punientur.

299 2206 315 2245 e
340 2178 375 2247 Si
402 2176 460 2269 qni
490 2197 567 2245 vcro
592 2172 633 2242 de
661 2172 848 2264 praedictis,
874 2182 1047 2266 postquem
1075 2174 1198 2245 tuerint
1223 2175 1437 2268 deprehensi,

300 2314 318 2353 e
340 2285 443 2355 territi
460 2291 547 2352 metu
564 2282 689 2367 mortis,
707 2280 815 2350 redire
831 2281 994 2350 voluerint
1009 2281 1051 2350 ad
1064 2280 1141 2351 fidei
1158 2282 1332 2371 unitatem,
1344 2284 1439 2376 juxte

300 2422 316 2461 a
340 2392 511 2462 canonicas
525 2386 756 2458 sanctionesad
770 2387 936 2477 egendum
944 2387 1184 2479 poenitentiam,
1196 2388 1231 2457 in
1244 2399 1437 2481 perpetuum

299 2529 315 2567 a
339 2520 502 2570 carcerem
518 2495 776 2565 detrudantur...
796 2494 911 2563 Mortis
930 2496 1098 2565 sententiae
1112 2495 1263 2566 ducimus
1282 2498 1438 2568 addicen-

299 2636 316 2675 ι
339 2609 411 2691 dos,
428 2606 455 2674 si
476 2626 559 2697 quos
577 2602 805 2673 hereticorum
825 2600 867 2669 ad
887 2600 1050 2692 judicium
1072 2611 1203 2691 tractos,
1224 2604 1262 2672 in
1282 2614 1437 2675 extrema

300 2742 318 2782 a
341 2716 417 2783 vitea
434 2710 577 2805 periculo
595 2709 749 2779 haeresim
763 2708 963 2800 abjurantes,
979 2709 1189 2800 postmodnm
1261 2734 1319 2781 eos
1335 2717 1438 2784 eonti-

300 2850 316 2887 «ι
341 2821 425 2911 gerit
449 2816 596 2909 ejusdcm
633 2814 737 2885 morbi
772 2822 982 2905 spontaneam
1016 2813 1183 2885 incanam
1219 2818 1435 2888 recidivam...

300 2958 317 2995 e
339 2928 445 2997 Omne
466 2924 598 3016 insuper
613 2920 874 3014 proclamationis
891 2929 923 2989 et
941 2920 1166 3013 appellationis
1184 2923 1383 2997 bembcium
1398 2929 1438 2997 eb

301 3064 318 3103 a
341 3033 517 3120 baeretieis,
541 3029 794 3121 receptatoribus
815 3036 847 3095 et
867 3028 1051 3097 fautoribus
1071 3030 1284 3119 eorumdem,
1311 3036 1438 3126 penitus

301 3172 317 3210 a
340 3160 540 3213 amovemus.
555 3162 572 3202 e
588 3137 637 3227 (In
647 3134 796 3205 Bultorio
806 3134 1107 3216 Dominicaaorum,
1123 3146 1200 3206 tom.
1215 3141 1245 3226 l,
1256 3160 1333 3231 pag.
1353 3144 1437 3231 125.)

296 3252 412 3322 Citetae
437 3247 524 3337 leges
544 3267 564 3313 a
586 3242 751 3313 Friderico
774 3241 968 3333 imperatore
993 3241 1091 3311 edite
1117 3251 1195 3312 snnt
1215 3244 1363 3334 Patavii,
1389 3248 1439 3317 die

300 3362 340 3426 22
357 3350 514 3425 februarii
530 3350 626 3417 1221.

345 3469 374 3531 3.
401 3457 582 3530 Praembsar
599 3454 785 3546 imperiales
804 3466 918 3523 contra
936 3455 1101 3525 hereticos
1119 3458 1322 3542 sanctiones,
1346 3462 1437 3532 Sedes

299 3563 851 3666 Apostolicaeauctoritctcfirmate
859 3563 1009 3653 struunt,
1022 3563 1100 3632 etin
1112 3566 1295 3656 peroratam
1303 3570 1438 3659 maerin

298 3678 511 3751 transierum.
536 3710 580 3723 -
606 3670 739 3739 Constat
766 3667 857 3737 bulla
888 3670 975 3738 Cum
1003 3669 1159 3739 adem
1184 3671 1367 3743 innocentii
1394 3676 1438 3745 tv

300 3791 401 3880 (tomo
425 3775 918 3856 1Βιι11αήὲὒοηιίηίοωιοναηι,
945 3798 1020 3867 pag.
1050 3778 1140 3867 125),
1164 3778 1200 3845 in
1222 3802 1288 3871 qua
1307 3780 1356 3851 sic
1371 3806 1437 3853 ma·

298 3890 487 3987 gistretibus
514 3882 725 3953 secularibus
750 3881 985 3951 nonnullarum
1013 3882 1185 3973 regionum
1208 3888 1399 3980 praecipitur
1427 3918 1433 3957 :

303 4032 320 4070 e
343 4003 427 4073 Cum
448 3995 605 4066 adversus
626 3990 815 4061 haereticam
836 3992 1039 4083 pravitatem
1064 3992 1230 4083 quondam
1254 3994 1436 4067 Fridericns

302 4138 319 4177 a
342 4110 565 4178 Romanorum
579 4100 755 4191 imperator
769 4097 986 4189 promulgarit
998 4099 1156 4190 quasdam
1169 4100 1270 4191 leges,
1286 4126 1345 4195 per
1358 4128 1435 4197 quas

303 4246 320 4283 e
344 4238 384 4285 ne
406 4219 542 4305 vagetur
563 4204 723 4301 compesci
745 4204 863 4296 poterit
884 4205 984 4300 pestis
1010 4205 1081 4295 illa,
1106 4206 1174 4282 Nm
1197 4208 1270 4278 illes
1294 4210 1433 4283 volentes
