3050 4984
552 496 627 543 rans
649 496 797 544 sacurrnn.
1177 476 1236 543 stt

101 642 120 681 r
142 638 208 703 aas,
226 624 290 685 tam
317 616 490 687 saculares
506 640 606 711 quam
623 617 801 705 religiosas,
820 616 943 709 hasque
957 616 1054 687 etiam
1073 627 1240 710 exemptas

101 750 119 787 a
142 723 250 815 quoad
273 724 337 793 alia
361 747 382 793 a
404 724 630 817 jurisdictione
656 724 912 795 ordinariorum.
939 724 1178 814 n(Lsnrenius,
1204 726 1242 793 in

99 831 149 897 tit.
170 836 204 916 7,
226 830 283 899 lib.
316 836 333 898 5
363 832 506 917 Deerat,
527 841 643 923 qnaest.
674 833 762 920 184.)
789 830 922 901 Constat
946 839 1054 899 antem
1082 831 1243 920 generalis

100 937 172 1005 haec
187 939 301 1029 regula
316 938 529 1009 decretalibus
545 943 720 1008 Accusatus
735 948 767 1007 et
795 938 845 1007 Ad
871 936 1064 1007 adeleidam
1094 938 1192 1026 (tituli
1208 943 1241 1027 7,

98 1044 177 1112 libri
206 1050 224 1113 5
248 1046 402 1137 Deerat),
418 1070 544 1116 necnon
571 1046 723 1116 decretali
753 1049 795 1115 Ut
821 1046 964 1138 officium
987 1044 1037 1135 (de
1061 1046 1239 1127 Haeretirr's,

100 1150 137 1219 in
153 1153 198 1241 6).

145 1258 187 1325 ll.
205 1260 417 1352 Exceptiones
431 1260 478 1329 od
484 1260 691 1352 praemorsam
706 1260 869 1351 requiam.
887 1296 931 1309 —
947 1263 978 1326 1⁰
996 1257 1113 1327 Nullus
1128 1258 1242 1350 inqui-

99 1365 181 1433 sitor
194 1364 361 1455 delegatus
375 1374 479 1457 potest
492 1367 667 1459 procedere
680 1374 793 1435 contra
807 1365 1017 1456 Episcopum,
1033 1363 1098 1431 nisi
1120 1365 1242 1455 specia-

98 1469 172 1538 liter
187 1471 249 1539 hoc
271 1473 301 1539 ai
327 1495 348 1541 a
371 1472 454 1541 Sede
469 1472 655 1563 Apostolica
679 1472 794 1541 luisset
819 1470 1040 1539 commissum.
1071 1469 1241 1539 Tenentur

100 1587 210 1645 tamen
230 1578 438 1670 inquisitores
462 1579 659 1671 Episcopum
677 1578 878 1663 hereticum,
897 1577 947 1644 vel
972 1577 1012 1646 de
1031 1575 1150 1645 haeresi
1170 1600 1241 1645 sus-

101 1692 245 1775 pectum,
263 1685 404 1755 Summo
418 1685 567 1755 Pontifici
581 1686 793 1763 deonotus.
809 1693 841 1753 et
856 1684 889 1751 in
905 1681 1019 1751 ordine
1034 1681 1074 1749 ad
1087 1681 1170 1751 hanc
1184 1683 1241 1751 de·

100 1792 350 1879 nuntiationem,
375 1803 511 1883 possunt
539 1790 756 1884 depositiones
783 1790 912 1858 testium
938 1790 1081 1880 recipere
1109 1798 1141 1857 et
1166 1786 1242 1858 Sodi

98 1898 298 1989 Apostolicas
326 1898 556 1967 transmittere.
585 1899 634 1967 lta
663 1898 879 1967 communiter
905 1896 1051 1965 doctores
1077 1894 1242 1965 deducunt

96 2029 139 2074 ex
154 2004 259 2097 capite
274 2006 486 2097 quuditores
501 2004 554 2097 (de
570 2004 749 2088 diaeretica,
767 2006 800 2073 in
819 2004 849 2094 o)
867 2013 898 2071 et
914 2026 954 2071 ex
971 2003 1074 2094 capite
1092 2007 1109 2069 5
1125 2003 1242 2071 sessio-

97 2112 151 2179 nis
163 2115 204 2178 tt
224 2110 273 2201 (dc
283 2112 535 2203 deformatione)
550 2112 733 2180 Tridentini
747 2110 887 2181 concilii.
902 2110 1055 2179 Diximus
1067 2109 1177 2177 nullus
1192 2111 1247 2177 iu-'

97 2217 239 2308 quisitor
264 2217 430 2311 delcqatus
447 2246 458 2285 .·
474 2241 548 2287 nam
577 2220 775 2305 ordinarius,
801 2218 833 2286 id
861 2227 920 2303 est,
948 2217 1140 2310 Episcopus,
1163 2200 1194 2285 si
1208 2217 1243 2284 in

97 2324 206 2414 ipsius
221 2324 352 2394 dioecesi
371 2334 458 2395 extat
473 2326 557 2395 nlius
571 2326 761 2418 Episcopus,
785 2326 844 2417 qni
872 2325 906 2392 in
923 2324 1073 2392 haeresim
1093 2324 1236 2411 labetur,

98 2431 155 2498 vel
182 2432 223 2500 de
250 2454 288 2499 ea
311 2433 356 2500 ait
383 2440 563 2525 suspectus,
593 2441 695 2523 potest
724 2441 837 2501 contra
867 2454 944 2500 earn
976 2430 1167 2522 procedere3
1200 2454 1243 2500 ex

100 2546 257 2627 potestate
272 2538 391 2606 scilicet
406 2540 436 2607 ei
450 2539 557 2631 quoad
567 2539 628 2609 hoc
642 2538 788 2628 delegata
802 2560 859 2631 per
873 2544 970 2629 capnt
986 2535 1037 2605 Ad
1047 2535 1242 2605 adolendum

102 2643 155 2733 (de
166 2646 359 2735 Haereticis).

146 2756 181 2818 2⁰
203 2752 269 2820 Nec
291 2752 463 2841 ordinarii,
479 2777 537 2823 nec
565 2754 703 2845 delegati
732 2752 939 2845 inquisitores
968 2752 1140 2843 procedere
1167 2774 1241 2843 pos·

99 2867 178 2926 sunt
203 2868 315 2927 contra
339 2859 432 2927 Sedis
458 2861 652 2951 Apostolicas
668 2860 803 2950 legatos,
827 2859 971 2946 nuntios,
1000 2869 1056 2928 aut
1075 2858 1238 2928 officiales.

98 2966 148 3033 Ita
163 2966 355 3058 dispositum
371 2968 406 3033 in
421 2969 646 3058 extravaganti
668 2966 857 3050 Mattheus,
875 2966 958 3035 inter
973 2989 1174 3051 communes,
1202 2965 1241 3033 dc

97 3073 283 3141 Haereticir.

146 3183 180 3247 3·
194 3178 315 3251 Contra
329 3181 536 3273 inquisitores
550 3181 715 3271 delegatos
742 3182 874 3273 procedi
901 3181 1014 3272 nequit
1038 3181 1079 3249 ab
1094 3180 1166 3249 aliis
1189 3181 1240 3249 in-

101 3287 314 3379 quisitoribus
327 3288 494 3379 delegatis,
510 3312 615 3381 neque
637 3289 679 3357 ab
702 3289 880 3381 Episcopis.
909 3290 1073 3379 Arguitur
1088 3311 1128 3357 ex
1146 3289 1242 3359 modo

102 3396 203 3463 citata
216 3398 453 3486 extravaganti.

622 3570 643 3660 a
667 3569 726 3640 vr.

219 3745 258 3794 tn
271 3740 298 3792 in
311 3756 389 3793 caum
402 3740 507 3793 hmresis
518 3740 600 3805 possit
612 3739 730 3789 adhiberi
741 3752 879 3804 processus
893 3739 1024 3791 summarii
1040 3740 1131 3791 torma.

146 3942 280 4010 Certum
306 3950 365 4026 est,
384 3942 417 4008 in
437 3939 622 4032 judicandis
636 3939 830 4007 criminibus
845 3938 886 4006 ad
915 3938 1064 4007 haeresim
1079 3937 1242 4029 pertinen·

101 4050 201 4133 tibus,
219 4070 284 4115 non
305 4047 463 4137 adstringi
478 4048 697 4138 inquisitores,
714 4046 975 4113 siveordinarios
992 4043 1036 4133 (id
1048 4053 1096 4112 ast
1107 4044 1239 4134 Episco-

104 4155 189 4247 pos),
206 4154 275 4222 sive
296 4152 472 4242 delegatos,
489 4153 529 4221 ad
553 4154 748 4221 servandam
779 4151 936 4221 ordinarii
960 4149 1139 4219 criminalis
1163 4172 1240 4241 pro-

104 4285 212 4331 oessns
227 4260 365 4330 formam
383 4288 391 4329 z
411 4259 467 4328 sed
496 4270 632 4351 possunt
646 4260 827 4328 summarie
843 4259 1026 4351 procedere.
1045 4259 1178 4326 Constat
1199 4280 1252 4327 ex.
