3050 4984
524 492 600 540 raus
626 492 771 541 srcuuns.
1152 472 1213 541 385

75 610 137 680 uos
151 610 353 703 periclitante
376 610 553 705 republica,
578 612 822 705 suspenduntur
844 613 884 681 ad
900 620 1029 704 tempus
1048 611 1216 682 ordinaria

76 716 259 805 dicasteria,
285 728 317 789 et
330 741 499 812 processus
521 721 674 789 militaris
687 742 804 789 norma
820 720 878 788 toti
900 719 1000 789 alicui
1015 719 1142 810 regioni
1157 744 1217 813 ap-

76 825 227 916 plicatur.
245 825 329 895 Gum
344 848 424 917 orgo
439 826 574 896 hoerssis
587 834 695 919 serpat
707 835 745 897 ut
759 848 885 915 cancer,
901 834 933 895 et
947 826 1085 918 populos
1096 826 1131 896 in
1139 826 1217 897 fidei

77 931 253 1001 discrimen
268 932 363 1001 facile
377 930 529 1021 adducat,
545 956 611 1027 quo
624 934 785 1005 efficacius
806 942 933 1003 tuntum
948 933 1113 1023 damnum,
1124 956 1217 1025 prae-

76 1045 260 1126 cavsretur,
276 1038 427 1110 Eoclcsiae
454 1041 564 1111 visum
579 1049 629 1111 set
649 1038 741 1111 adid
763 1040 942 1111 severitatis
961 1040 1214 1111 deveniendum.

76 1143 239 1236 Equidem
261 1146 437 1239 elimando
463 1147 610 1217 absolute
630 1146 776 1217 accidere
803 1154 920 1239 potest,
937 1154 974 1215 ut
998 1146 1072 1239 quis
1097 1146 1218 1237 injuste

76 1259 235 1344 uuquam
251 1252 424 1324 haereticus
449 1254 633 1341 damnetur,
650 1276 711 1325 nec
728 1254 830 1347 possit
851 1263 942 1340 tunc,
959 1253 1001 1323 ob
1026 1252 1217 1343 denegatam

76 1358 329 1452 appellationem
354 1360 514 1453 injustitia
540 1361 614 1430 haeo
639 1361 783 1453 reparari
801 1389 808 1431 :
827 1360 885 1431 sed
898 1359 932 1429 id
955 1360 1063 1431 miuus
1079 1361 1216 1447 malum,

76 1475 176 1558 atque
187 1466 270 1537 adeo
284 1468 543 1560 permittendum
552 1469 776 1539 existimatum
791 1478 852 1538 est.

120 1572 196 1642 Non
220 1581 330 1643 umen
356 1574 512 1666 denegari
526 1576 742 1645 condemnato
756 1585 794 1645 ut
808 1575 963 1645 haeretico
985 1596 1154 1648 recursum
1177 1574 1219 1643 ad

76 1682 296 1771 superiorem,
313 1705 372 1775 per
383 1684 473 1752 viam
482 1683 623 1775 querele
636 1695 667 1751 ct
681 1682 940 1775 supplicationis,
956 1690 1005 1753 est
1016 1672 1220 1753 communior

75 1786 166 1878 apud
180 1789 363 1859 canonistas
388 1790 547 1859 doctrina.
578 1790 674 1882 (Vide
688 1790 901 1878 Leurenium,
929 1789 965 1859 in
979 1790 1030 1857 tit.
1059 1794 1091 1875 7,
1108 1788 1183 1857 libri
1200 1793 1217 1855 5

75 1892 222 1983 Decet,
237 1918 271 1987 q.
292 1899 369 1982 ror,
384 1919 419 1966 n.
441 1896 486 1987 ι.)

122 2005 159 2069 2⁰
174 2001 274 2071 Posse
297 2012 419 2090 summ,
437 2004 472 2072 in
487 2026 586 2073 causa
602 2004 775 2089 horraeos,
788 2002 945 2095 appellari
972 2026 992 2071 a
1006 2002 1174 2073 sententiis
1187 2013 1219 2071 et

76 2107 205 2177 actibus
218 2109 478 2193 mtcrlomuoriis,
502 2110 723 2180 communiter
737 2109 871 2179 tradunt
898 2110 1087 2179 canonistas.
1117 2109 1153 2179 ld
1168 2118 1221 2177 tu-

75 2238 169 2302 meu,
184 2217 227 2287 ob
239 2217 489 2309 dispositionem
501 2218 725 2287 Tridentinam
743 2216 796 2310 (da
810 2240 875 2310 qua
890 2216 1000 2309 supra)
1019 2218 1103 2287 circa
1119 2218 1219 2287 inter-

75 2322 253 2393 locutorias
278 2326 464 2412 sententias,
491 2325 757 2415 restringendum
785 2323 915 2395 videtur
941 2325 983 2394 ad
1007 2346 1220 2417 casumque

76 2430 238 2500 sententia
252 2431 495 2501 interlocutoria
504 2433 573 2501 rim
587 2430 766 2501 definitivas
778 2430 922 2519 haberet,
937 2432 989 2500 vel
1000 2430 1156 2501 domuum
1170 2432 1221 2499 in-

76 2538 180 2609 ferret
193 2560 252 2631 per
265 2537 469 2608 definitivam
484 2538 704 2631 irreparabile.

610 2754 693 2846 gx.

157 2906 281 2969 Qutdsibi
294 2910 430 2976 propriam
444 2908 529 2974 quoad
543 2912 622 2959 testes
631 2908 727 2961 habaet
734 2920 872 2973 processus
882 2906 909 2957 tn
919 2918 996 2957 causa
1004 2906 1140 2958 hereseos.

124 3084 159 3148 1⁰
172 3080 230 3149 Est
244 3081 357 3171 regula
371 3080 544 3171 generalis,
560 3080 595 3149 in
606 3102 704 3149 causa
715 3077 850 3147 heresis
865 3076 994 3146 admitti
1010 3078 1107 3147 etium
1124 3086 1218 3147 metes

75 3186 162 3255 alius
176 3186 217 3254 de
228 3187 302 3278 jure
321 3187 481 3256 inhabiles
492 3216 501 3267 ;
513 3197 611 3279 prout
624 3194 700 3255 sunt
712 3184 999 3273 excommunicati,
1013 3184 1146 3277 perjuri,
1162 3186 1219 3277 ju-

75 3294 158 3379 daei,
175 3293 332 3382 heretici,
348 3293 513 3381 mulieres,
530 3293 710 3378 domestici,
725 3292 970 3381 consanguinei.

123 3405 161 3468 2·
174 3400 248 3470 Non
264 3409 372 3471 tamen
386 3401 606 3472 admittuntur
619 3400 753 3469 inimici.

120 3512 162 3597 Φ3ο
172 3507 259 3577 Hinc
270 3519 347 3579 reus
357 3509 506 3601 excipere
515 3508 629 3599 nequit
639 3506 1045 3599 contrapcrsooomipsam
1059 3505 1221 3596 ejusmodi

73 3616 226 3703 testium,
239 3615 424 3707 objiciendo
439 3638 494 3685 soe
506 3637 575 3684 esse
590 3614 715 3705 dejure
728 3612 898 3681 inhabiles.

121 3727 160 3790 4⁰
173 3721 281 3791 Potest
305 3732 417 3793 umen
440 3722 589 3814 excipere
603 3730 716 3790 contra
738 3741 852 3791 eorum
869 3716 965 3808 dicta,
983 3718 1164 3810 objiciendo
1183 3742 1220 3789 ea

72 3852 149 3899 esse
162 3828 422 3918 contradictoria,
439 3830 541 3916 varia,
559 3828 754 3898 vacillantia.

123 3942 159 4003 5⁰
173 3937 331 4019 Quamvis
345 3936 507 4029 ejusmodi
519 3936 601 4005 olias
614 3935 774 4004 inhabiles
789 3942 885 4003 testes
896 3933 1157 4009 admittanturad
1168 3933 1221 4002 iu·

71 4042 293 4138 quirendum,
310 4067 376 4113 non
390 4054 502 4113 tamen
514 4044 679 4135 sufficiunt
698 4042 744 4111 ud
764 4040 1058 4111 condemnandum.
1076 4039 1121 4108 Ut
1133 4040 1220 4111 enim

70 4179 157 4227 reus
171 4152 382 4222 condemnari
398 4151 510 4243 possit,
526 4151 704 4243 requiritur
719 4148 816 4241 plena
829 4149 976 4241 probatio
996 4175 1003 4217 ε
1025 4146 1096 4215 haec
1110 4154 1220 4217 autem

71 4287 148 4335 non
164 4262 302 4330 hebetur
316 4283 374 4353 per
387 4267 483 4329 testes
498 4256 672 4349 ejusmodi,
689 4254 746 4324 sed
761 4256 933 4324 dumtaxat
950 4277 1006 4346 per
1018 4261 1115 4323 tester
1135 4254 1225 4323 inte·-

244 4388 277 4433 ιι.
780 4406 784 4413 -
1025 4364 1064 4424 ae
