3050 4984
285 493 346 555 teo
660 510 836 555 rescrrrus
860 510 898 555 nn
920 509 1052 555 snorcus.

278 647 356 699 utra
369 654 450 722 pars
464 631 669 722 litipautium
697 631 734 697 id
741 633 901 721 postulat.
920 672 963 683 -
988 629 1073 701 Vide
1089 632 1122 698 id
1142 632 1312 723 probatum
1334 631 1420 723 apud

280 737 571 828 Schmalzgrueber
586 738 631 827 (in
646 738 696 806 tit.
711 743 744 823 7,
762 738 837 805 libri
854 743 871 805 2
884 740 1026 825 Decret.‚
1039 761 1073 808 n.
1092 736 1145 829 l);
1162 739 1219 829 qui
1228 746 1343 807 auctor
1357 737 1423 805 ibi-

280 844 354 913 dem
368 845 513 936 exponit,
529 844 694 937 quomodo
709 854 788 913 tunc
800 845 901 935 possit
908 844 1010 937 judex
1025 854 1149 936 partem
1167 853 1366 913 recusantem
1381 845 1423 912 ad

279 949 402 1017 dietum
415 950 638 1040 juramentum
667 949 888 1041 praestandum
914 973 1044 1041 cogerc3
1064 950 1140 1020 item
1157 951 1321 1041 quomodo
1347 960 1424 1018 tnnc

278 1058 411 1124 vitietur
423 1078 591 1149 processus
606 1078 646 1125 ex
660 1057 838 1147 juramenti
854 1057 1039 1126 omissione.

322 1164 363 1231 ΙΙ.
382 1164 422 1231 Si
439 1177 558 1231 neutra
571 1185 652 1254 pars
673 1164 879 1255 Iitipantium
894 1164 1021 1233 dictum
1039 1166 1275 1256 juramentum
1298 1164 1423 1254 eaipat,

281 1270 393 1347 omitti
399 1282 520 1360 potest,
537 1270 618 1360 quia
627 1268 762 1337 vitietur
774 1291 951 1360 processus.
967 1308 1011 1321 -
1023 1270 1158 1339 Constat
1167 1294 1207 1338 ex
1220 1270 1375 1339 decretali
1388 1271 1429 1337 Sr'

279 1376 496 1444 deculumuia
515 1377 559 1466 (l,
579 1377 628 1444 tit.
648 1381 680 1461 4,
705 1376 780 1444 libri
807 1382 839 1462 2,
861 1378 896 1445 in
913 1378 959 1469 6),
977 1379 1012 1445 in
1027 1402 1091 1470 qua
1107 1380 1151 1447 sic
1166 1379 1276 1446 statuit
1291 1376 1426 1445 Bonita-

279 1483 348 1550 cius
363 1483 440 1552 Vlll
457 1511 464 1550 ε
484 1486 622 1574 Propter
635 1484 927 1576 amissumquoque
940 1485 1037 1553 tacite
1053 1486 1087 1552 r'a
1102 1497 1281 1553 totacausa
1296 1484 1428 1551 calum-

277 1590 341 1657 nie
357 1591 607 1680 juramentum,
628 1589 805 1681 judicialis
825 1614 1007 1683 processus,
1036 1592 1120 1661 alias
1138 1595 1247 1682 sactus
1268 1592 1425 1681 lepitt'me,

275 1718 342 1763 non
369 1710 415 1767 cst
429 1696 540 1763 nulltts
566 1718 625 1764 uec
640 1697 744 1764 ctiam
774 1698 1003 1766 annullandus.
1028 1698 1147 1790 Inque
1166 1698 1317 1766 decretali
1345 1720 1427 1765 ver-

276 1803 356 1869 bum
373 1803 455 1870 illud
466 1804 564 1870 tacite
578 1805 796 1872 communiter
810 1828 828 1872 s
844 1804 1030 1874 doctoribus
1039 1806 1271 1898 interpretatur
1282 1806 1321 1873 dc
1335 1827 1427 1890 casu,

277 1932 342 1999 quo
357 1918 471 1977 neutra
485 1931 562 1999 pars
578 1910 805 2001 juramentum
820 1911 906 1979 istud
923 1913 1073 2001 praestari
1090 1913 1242 2003 postulat.
1260 1910 1334 1980 Non
1350 1934 1429 2001 pos·
1517 1918 1518 1923 ’

277 2026 348 2083 sent
361 2025 471 2083 tamen
487 2024 595 2107 partes
611 2039 669 2108 per
685 2026 815 2108 pactum
832 2040 1019 2109 expressum
1035 2020 1223 2087 renuntiare
1237 2017 1428 2086 formalitati

279 2122 319 2190 de
331 2124 517 2214 juramento
531 2124 716 2211 calumnie,
745 2134 843 2216 prout
858 2126 1125 2194 communissima
1141 2136 1252 2193 teuent
1268 2125 1429 2195 doctores.

281 2230 379 2321 (Vide
396 2230 700 2320 Schmalagrueber,
718 2232 751 2298 in
768 2233 820 2299 tit.
838 2236 871 2319 7,
886 2232 962 2299 libri
978 2237 996 2300 2
1014 2233 1155 2321 Decret,
1174 2255 1207 2299 n.
1226 2232 1270 2323 5.)
1517 2222 1518 2313 l

324 2336 381 2403 lll.
397 2338 473 2406 Noa
485 2349 531 2402 est
545 2357 667 2403 necesse
678 2334 805 2403 dictum
814 2338 1053 2427 jurameutum
1057 2340 1214 2429 prestari
1226 2338 1341 2407 statim
1351 2351 1432 2427 post

281 2456 495 2510 contestatam
507 2442 611 2522 litem,
628 2442 687 2509 sed
698 2455 729 2508 et
737 2456 855 2533 postea
867 2444 1025 2534 praestari
1042 2458 1160 2535 potest.
1179 2446 1369 2513 -Constat
1389 2468 1432 2512 ex
1517 2450 1518 2457 ’

282 2550 379 2617 modo
396 2548 493 2616 citata
507 2547 673 2633 decretali,
694 2548 728 2615 in
744 2550 859 2639 quaid
875 2572 1027 2640 expresse
1055 2552 1208 2619 statuitur
1225 2552 1275 2619 his
1290 2550 1403 2620 verbis
1423 2579 1430 2617 :
1517 2606 1518 2653 p

282 2656 323 2722 Si
343 2654 382 2721 de
398 2655 581 2735 calumnia,
599 2677 655 2722 seu
668 2654 708 2723 dc
722 2655 859 2723 ueritate
873 2655 1023 2738 dicenda,
1041 2658 1077 2723 irc
1088 2658 1199 2747 primo
1215 2658 1282 2725 Illas
1298 2657 1435 2725 exordio
1517 2654 1518 2727 l

282 2785 348 2829 raon
357 2763 496 2851 juretur
512 2762 560 2849 (zat
575 2760 694 2850 debet),
708 2762 831 2851 poterit
844 2762 1056 2853 postmodum
1071 2764 1106 2830 in
1120 2764 1265 2854 qualibet
1273 2777 1373 2854 parte
1389 2764 1437 2831 tr·-

286 2870 328 2936 tc's
336 2870 455 2959 jurari
481 2890 587 2935 :aum
609 2868 804 2958 hujusmodl
812 2870 1010 2960 juramenta
1027 2871 1183 2962 praestari
1205 2872 1247 2939 ab
1269 2871 1377 2951 initio,
1395 2870 1439 2937 de

288 2976 470 3043 substantia
485 2974 608 3041 ordinis
615 2974 792 3064 judiciales
804 2997 869 3043 oon
884 2978 1018 3047 calstat.
1517 2986 1518 3067 g

332 3080 390 3150 lV.
408 3085 642 3149 loramentum
657 3082 833 3151 calumnie
851 3083 1084 3174 prestandum
1105 3096 1150 3152 cst
1166 3084 1266 3153 etiam
1278 3085 1314 3153 in
1330 3086 1441 3153 causis

289 3188 526 3280 spiritualibus.
543 3187 637 3254 —ld
653 3188 741 3253 euim
760 3187 903 3256 decrevit
927 3190 1116 3258 Bonilecius
1140 3190 1217 3259 Vlll
1233 3191 1284 3257 his
1298 3191 1408 3257 verbis
1432 3220 1440 3258 :

294 3321 311 3359 u
334 3296 492 3375 Quamvis
506 3295 541 3360 in
557 3293 663 3361 causis
678 3293 905 3384 spiritualibus
927 3297 976 3385 (in
991 3296 1113 3386 quibus
1128 3297 1222 3365 debet
1237 3297 1276 3364 dc
1302 3297 1443 3365 veritate

297 3429 314 3467 a
337 3400 473 3468 dicende
499 3401 618 3491 jurari)
639 3422 777 3468 mounes
794 3423 858 3468 non
875 3402 1019 3470 indicant
1034 3403 1132 3471 alicui
1148 3401 1320 3470 calumniae
1344 3403 1445 3493 jura·
1517 3384 1518 3469 l

298 3536 316 3575 n
340 3517 497 3592 mentum,
516 3529 575 3574 uos
588 3515 696 3574 tamen
723 3508 811 3598 (quia
830 3507 1017 3599 frequenter
1032 3509 1224 3577 calumniari
1237 3510 1388 3577 videmus
1404 3510 1447 3577 in

299 3642 316 3683 a
339 3617 428 3707 ipsis)
445 3614 525 3680 utile
539 3624 739 3705 reputemus,
757 3614 845 3705 quod
863 3615 963 3683 simul
977 3615 1074 3705 (sicut
1089 3616 1237 3707 plerique
1252 3616 1446 3707 observant)

300 3752 317 3791 a
336 3734 402 3791 tam
418 3721 457 3788 de
471 3721 603 3787 veritate
619 3720 766 3807 dicenda,
784 3744 882 3814 quam
898 3722 937 3790 de
953 3722 1116 3791 calumnia
1126 3724 1176 3812 (ut
1188 3724 1244 3791 vie
1255 3723 1449 3814 praecluda-
1517 3718 1518 3813 l

300 3858 318 3897 a
340 3843 395 3897 tur
404 3826 603 3915 calumniis),
616 3827 722 3916 jurari
736 3828 849 3897 debeat
863 3830 897 3896 iu
914 3829 1040 3899 iisdem.
1061 3858 1077 3896 >r
1094 3832 1212 3921 (Caput
1229 3835 1258 3917 l,
1278 3830 1325 3897 tit.
1346 3835 1378 3915 l,
1395 3831 1448 3899 li·

295 3939 348 4007 hri
363 3941 395 4023 2,
414 3937 449 4003 in
466 3934 512 4023 6.)
1517 3934 1518 4013 ᾖ

337 4044 380 4113 V.
398 4046 438 4110 ln
452 4062 552 4109 curua
566 4040 668 4108 etiam
683 4042 913 4131 appellationis
924 4045 1080 4133 prestari
1094 4044 1184 4112 debet
1201 4045 1452 4134 jurameutum

295 4159 482 4239 calumniae,
500 4178 623 4223 necnon
634 4156 871 4246 jurameutum
885 4159 1139 4226 ruitaria-ld
1157 4159 1278 4250 pariter
1294 4160 1452 4231 decrevit
1517 4172 1518 4233 l

294 4267 480 4335 Bonilecius
495 4260 568 4332 Vlll
589 4266 669 4356 [cap.
686 4268 718 4354 2,
738 4269 785 4332 tit.
805 4270 837 4352 l,
855 4266 911 4332 lit.
929 4268 961 4352 2,
979 4266 1012 4331 in
1030 4264 1122 4355 ophis
1139 4266 1246 4334 verbis
1266 4292 1272 4331 :
1295 4291 1312 4330 «
1328 4266 1364 4332 lu
1383 4291 1452 4361 ap·
