3050 4984
288 525 348 593 l08
660 548 838 597 moranus
862 550 900 595 na
921 546 1054 597 sumus.

287 697 305 736 u
327 668 384 738 illa
397 690 494 737 eausa
508 670 731 762 pronuntiare,
748 671 960 741 conformiter
974 672 1070 741 dietis
1083 694 1253 763 snpra.....
1271 672 1298 741 E
1314 676 1424 742 oonlra

287 803 304 842 u
324 777 426 868 judex
441 776 608 868 delegatus
635 778 734 870 (quod
756 778 900 868 intellige
915 778 955 848 de
971 778 1120 870 delegato
1134 778 1175 848 ad
1191 802 1324 849 musam
1342 803 1422 872 pur-

286 911 303 950 «
327 883 520 975 ticularam),
536 892 707 977 postpfflm
714 884 814 955 semel
829 886 1066 977 pronuntiavit,
1080 886 1319 955 aivebenesira
1330 886 1421 973 mola,

285 1018 303 1056 u
327 993 457 1060 iunctus
471 999 519 1059 est
532 991 638 1061 officio
653 1014 726 1079 suo,
742 993 852 1085 sieque
868 1000 970 1061 oeasat
983 994 1056 1085 ejus
1068 992 1253 1063 authoritas
1278 1001 1312 1062 at
1324 994 1424 1087 juris·

286 1124 303 1163 α
326 1098 441 1186 diotio;
468 1120 506 1168 aa
519 1098 656 1191 proinde
670 1122 735 1168 non
749 1107 856 1191 potest
875 1100 1016 1191 amplius
1041 1100 1219 1169 reformare
1233 1101 1424 1170 sententiam

285 1232 302 1271 u
324 1228 418 1275 suam
433 1204 565 1275 nulliter
575 1205 746 1299 prolatam,
763 1206 820 1275 sed
836 1215 962 1298 oportet
972 1206 1063 1276 adire
1078 1207 1281 1299 superiorem
1295 1230 1355 1278 seu
1369 1208 1425 1277 de-

285 1341 303 1379 u
325 1314 536 1405 legantem.»

323 1421 413 1490 ldem
428 1429 540 1490 auctor
553 1422 599 1510 (in
618 1420 751 1489 titulum
768 1425 825 1509 27,
840 1421 916 1491 libri
943 1426 962 1491 2
991 1423 1134 1505 Deerat..
1161 1446 1196 1491 n.
1217 1425 1279 1491 135
1294 1422 1421 1514 etseq.)

280 1527 322 1598 ad
337 1528 553 1620 quassationem
569 1528 714 1619 qualiter
725 1530 887 1597 sententia
902 1552 975 1621 qaeu
987 1552 1054 1599 nou
1070 1530 1190 1599 transit
1201 1529 1238 1597 in
1250 1552 1322 1598 ram
1332 1530 1423 1621 judi·

280 1646 392 1704 catam
413 1635 456 1702 sit
470 1632 665 1715 reuocanda,
683 1634 729 1702 aio
750 1634 874 1703 tradit:
897 1662 914 1701 u
930 1635 1007 1705 Post
1027 1635 1156 1727 lapsum
1173 1634 1283 1703 derant
1298 1634 1422 1703 dierum

286 1769 302 1807 u
326 1764 391 1811 uon
417 1747 522 1832 potest
543 1740 685 1833 amplius
707 1741 899 1833 hujusmodi
915 1743 1075 1813 sententia
1101 1740 1248 1811 oevocari
1264 1763 1322 1834 per
1338 1742 1424 1810 viam

286 1876 303 1913 ι(
326 1846 562 1940 appellationis,
589 1846 739 1916 adeundo
754 1848 906 1918 videlieet
920 1850 1121 1941 superiorem
1144 1848 1303 1941 judicem,
1333 1858 1425 1940 atqm

286 1982 304 2021 u
326 1954 367 2023 ad
391 1955 500 2047 ipsum
527 1953 719 2046 appellando
735 1984 742 2035 ;
759 1954 815 2024 sad
841 1955 947 2025 solum
964 1978 1022 2046 per
1039 1956 1125 2025 viam
1145 1955 1312 2048 querelae3
1336 1964 1423 2048 puta,

286 2089 304 2127 a
327 2060 478 2130 adeundo
492 2060 643 2129 eirmdsm
665 2060 886 2153 judioemssqui
913 2061 1101 2154 hujusmodi
1117 2062 1310 2131 sententiam
1340 2062 1422 2147 tulit,

287 2178 423 2261 «atque
449 2169 557 2261 ipsum
584 2166 690 2237 debite
706 2166 914 2238 informando
939 2168 979 2238 de
995 2168 1154 2261 injustitia
1178 2170 1348 2239 sententia
1363 2192 1426 2238 non

287 2304 305 2344 a
329 2276 525 2345 transeuntis
540 2276 575 2344 in
589 2298 658 2345 rem
675 2277 851 2368 judicatam
870 2298 960 2368 :quo
986 2276 1081 2365 ueto,
1095 2276 1200 2368 judex
1227 2275 1281 2345 ille
1308 2277 1424 2345 dietam

288 2410 305 2449 u
328 2382 519 2453 sententiam
534 2390 709 2452 retractare
724 2391 828 2475 potest
832 2434 898 2453 .....
916 2384 1074 2453 Remanet
1089 2384 1225 2475 proinde
1250 2384 1340 2477 quod
1352 2406 1424 2452 san-

289 2518 305 2555 «
328 2490 429 2559 tentia
443 2490 511 2577 illa,
527 2511 602 2581 quae
623 2512 689 2558 non
704 2490 821 2557 transit
846 2491 880 2558 in
907 2512 974 2557 rem
996 2489 1185 2581 judicatam,
1201 2499 1274 2582 post
1299 2490 1424 2583 lapsum

288 2596 475 2666 «decendii
495 2596 602 2664 solum
629 2596 732 2687 possit
761 2596 925 2665 retractari
953 2619 1010 2689 per
1026 2598 1113 2666 viam
1140 2598 1293 2689 querelae.
1327 2599 1423 2690 quue

289 2733 306 2769 ι(
328 2705 400 2773 lieri
414 2713 519 2795 potest
532 2702 681 2772 adeundo
693 2702 838 2795 judicem
866 2705 959 2775 illum
974 2706 1032 2798 qui
1049 2705 1123 2774 tulit
1147 2706 1352 2791 senteutiam,
1380 2706 1424 2773 ai-

290 2839 307 2878 u
329 2811 467 2903 demque
497 2833 556 2903 per
585 2810 717 2879 modum
742 2812 884 2903 querelae
910 2836 947 2879 ao
972 2811 1135 2905 petitionis
1165 2811 1205 2880 de
1222 2812 1423 2881 reuaatanda

290 2948 307 2985 «
330 2920 501 3005 sententia,
518 2926 629 3010 utpote
655 2918 689 2985 in
712 2940 782 2986 rem
808 2918 987 3010 judicatam
1012 2942 1077 2989 non
1104 2928 1304 3007 transeunte,
1322 2920 1424 2989 debita

290 3055 306 3092 n
329 3026 541 3118 proponendo
549 3047 727 3115 gravamen
739 3025 801 3093 sibi
815 3026 983 3095 illatum...
997 3026 1092 3097 Unde
1106 3035 1154 3095 est
1169 3026 1320 3095 notabilis
1335 3027 1423 3095 diffe-

289 3160 306 3196 «ι
329 3134 434 3202 rentia
450 3133 535 3200 inter
550 3131 801 3223 appellationem
816 3142 848 3199 et
875 3132 959 3201 inter
985 3133 1175 3225 quarelam,
1192 3134 1226 3201 in
1241 3134 1347 3202 causis
1363 3156 1423 3201 non

289 3266 305 3306 a
329 3238 574 3308 transeuntibus
589 3240 623 3305 in
650 3260 719 3306 rem
732 3238 921 3328 judicatum.
950 3239 1113 3309 Differunt
1128 3240 1260 3331 quidam
1281 3248 1422 3333 respectu

288 3346 482 3438 «temporis
512 3346 614 3437 :quia
643 3344 814 3437 appellatio
843 3345 949 3413 solum
976 3353 1079 3437 potest
1099 3347 1169 3415 lieri
1198 3348 1285 3415 intra
1313 3349 1422 3417 docem

289 3482 306 3519 (ι
329 3454 398 3521 dies
426 3461 498 3545 post
523 3452 622 3519 latam
651 3452 856 3520 seutentiam.
887 3452 1027 3534 Querela
1054 3476 1132 3521 vero
1155 3462 1260 3545 potest
1288 3455 1423 3546 proponi

288 3592 305 3632 u
328 3565 427 3633 etiam
451 3571 523 3654 post
544 3563 673 3654 lapsum
689 3562 799 3633 duam
822 3562 967 3650 dierum;
996 3572 1161 3654 potestque
1188 3563 1277 3649 dein,
1299 3566 1423 3654 cognita

288 3671 475 3755 «veritate,
493 3670 652 3737 sententia
680 3670 845 3737 retractari
875 3670 1144 3762 quandocumque
1170 3670 1256 3739 intra
1284 3672 1421 3762 spatium

221 3862 226 3873 Ι
287 3807 305 3845 «
328 3778 462 3869 triginta
476 3798 651 3863 annorum,
676 3776 703 3844 si
729 3777 761 3843 in
789 3798 826 3843 ea
843 3798 907 3843 non
929 3784 1074 3845 vertatur
1087 3776 1270 3867 perieulum
1286 3780 1420 3859 animm

287 3914 303 3952 a
328 3887 378 3956 vel
403 3885 430 3952 si
454 3883 557 3952 subsit
572 3884 754 3975 perieulum
769 3884 901 3965 animo,
919 3883 953 3950 in
969 3892 1160 3975 perpetuum
1166 3936 1232 3952 .....
1261 3885 1421 3955 Differunt

287 4021 304 4059 o
326 3994 425 4062 etiam
442 3997 588 4082 respectu
612 3987 758 4081 judicis:
777 3990 854 4081 quia
869 3989 1041 4081 appellatio
1066 3989 1211 4058 devolvit
1225 4014 1356 4061 eausam
1382 3992 1419 4061 ad

288 4129 304 4166 o
327 4100 529 4192 superiorem
601 4095 753 4189 :querela
765 4119 845 4166 vero
859 4105 961 4188 potest
975 4097 1125 4187 cognosci
1137 4098 1179 4165 ab
1190 4097 1303 4167 eodem
1313 4098 1419 4189 judioe

287 4236 304 4274 o
327 4208 384 4300 qui
398 4205 600 4291 sententiam,
619 4212 845 4296 contraquam
863 4226 938 4297 pars
952 4204 1150 4296 querelatur,
1168 4205 1310 4275 tulerat:
1328 4214 1418 4297 atque

288 4342 305 4381 a
328 4316 368 4401 is,
386 4312 575 4407 interposita
589 4333 696 4381 corum
724 4333 758 4378 se
774 4312 918 4403 querela,
936 4311 1112 4404 praemittat
1127 4312 1340 4385 summarium
1355 4313 1418 4407 ejus
