3050 4984
551 520 624 569 raas
647 507 796 569 secunus(
1181 499 1244 565 277

101 642 305 725 υονοηίίαίεε,
331 643 451 735 quibus
465 643 567 735 judex
586 667 606 711 a
624 666 688 735 quo
709 648 846 711 testatur
864 664 899 709 se
916 641 1162 733 appellationem
1183 643 1247 711 ad-

104 750 244 836 misisse,
266 772 332 819 non
353 751 395 819 ob
416 750 486 843 ejus
503 750 677 842 justitiam,
700 748 754 817 sed
776 748 948 817 dumtaxat
971 750 1012 817 ob
1033 750 1246 819 reverentiam

103 858 292 949 superioris.
313 861 346 925 ³⁰
361 858 569 948 Restctatorr'i‚
588 858 708 949 quibus
721 856 824 949 judea
846 879 951 947 aquo
971 864 1107 925 testatur
1127 880 1161 925 sc
1183 882 1251 927 uon

104 964 274 1034 admisisse
287 964 553 1057 appellationem;
572 978 603 1032 et
614 964 648 1032 in
664 964 716 1031 his
727 962 823 1031 debet
833 963 1016 1053 exprimere
1030 986 1176 1052 causam,
1192 988 1251 1033 cur

105 1096 178 1141 eam
190 1093 258 1140 non
266 1070 446 1157 admiserit,
462 1078 558 1161 prout
567 1078 742 1139 constater
751 1069 824 1159 lege
837 1068 1015 1137 Sciendum
1027 1071 1071 1159 (a,
1083 1070 1120 1139 ff.
1131 1070 1171 1139 de
1183 1074 1251 1164 Ap-

100 1180 183 1271 pell.
201 1177 407 1270 recipiend.);
423 1178 448 1245 si
461 1178 550 1245 enim
560 1176 809 1268 appellationem
822 1176 943 1267 rejiciat
952 1199 1084 1245 causam
1094 1200 1159 1246 non
1172 1179 1254 1247 alle-

106 1286 229 1379 gando,
261 1286 407 1378 punitur,
438 1294 534 1375 prout
556 1283 760 1353 decrernitur
779 1284 851 1373 lege
876 1284 1043 1367 Quoniam
1065 1285 1134 1376 (21,
1161 1310 1190 1353 c.
1214 1287 1254 1357 dc

107 1393 225 1485 App.];
240 1415 314 1485 quae
327 1391 402 1461 duae
411 1392 499 1482 leges
513 1390 705 1461 lastiniauei
715 1390 801 1482 juris
817 1390 987 1460 censendae
1002 1401 1079 1459 sunt
1091 1394 1187 1461 etiam
1202 1395 1255 1462 vi-

108 1524 185 1590 gere
209 1502 244 1568 in
266 1500 338 1569 loro
356 1499 581 1568 ecclesiastico.
610 1502 642 1565 1ο
668 1498 918 1581 Testimaaialcr,
948 1499 1068 1590 quibus
1095 1503 1252 1588 notarius,

109 1609 209 1677 aliive
224 1607 350 1676 honesti
361 1606 425 1673 viri
439 1606 485 1695 lin
502 1628 578 1673 casu
592 1628 657 1696 quo
673 1604 785 1673 haberi
800 1626 866 1673 non
882 1606 1023 1697 potuerit
1033 1606 1126 1699 eopia
1138 1606 1256 1699 judicis

110 1740 127 1783 a
150 1739 231 1807 quo,
254 1715 305 1783 acl
325 1714 353 1783 is
374 1712 535 1806 apostolos
558 1712 636 1781 dare
658 1712 883 1803 recusaverit),
908 1720 1066 1782 testantur
1089 1736 1199 1783 coram
1222 1738 1255 1783 se

111 1824 212 1892 luisse
226 1822 443 1915 appellatum
463 1828 559 1912 prout
574 1820 646 1888 fieri
662 1841 756 1911 posse
770 1828 894 1889 constat
913 1843 954 1888 ex
975 1821 1127 1889 decretali
1141 1822 1256 1890 ultima

113 1930 199 1999 titali
222 1930 261 1999 de
278 1928 567 2023 Appellatioaidas.
588 1932 620 1993 5⁰
639 1927 921 2009 eenamcenam,
939 1950 1022 2019 quos
1036 1928 1092 1995 dat
1108 1951 1182 2020 pars
1197 1930 1257 1997 ad-

112 2060 220 2123 versa,
236 2036 481 2128 appellationem
495 2044 675 2126 acceptans,
693 2035 762 2102 sive
777 2042 871 2103 extra
882 2034 1059 2125 judicium,
1075 2035 1144 2104 sive
1158 2037 1257 2103 etiam

112 2150 146 2217 in
167 2148 304 2241 jndicio,
323 2147 454 2239 quando
468 2146 570 2237 judex
587 2168 642 2213 eos
657 2143 735 2212 dare
758 2166 823 2211 non
844 2144 926 2224 vult,
951 2144 1002 2211 vel
1026 2144 1081 2212 dat
1099 2146 1258 2213 refutato·

113 2257 192 2325 rios.
210 2255 260 2323 Ex
276 2255 316 2321 iis
335 2253 552 2346 apostolorum
574 2251 754 2345 speciebus,
772 2249 913 2317 maxime
929 2251 963 2317 in
979 2272 1040 2321 usu
1063 2260 1142 2319 sant
1162 2274 1258 2321 reve-

114 2362 276 2432 rentiales.
293 2361 512 2430 Relutatorios
526 2368 633 2428 autem
650 2381 713 2426 non
726 2356 820 2425 facilc
830 2357 907 2425 dare
923 2357 1017 2425 debet
1026 2358 1127 2448 judex
1144 2384 1255 2450 aquo,

114 2494 155 2539 ne
166 2470 303 2562 justitias
321 2468 406 2536 viam
423 2467 623 2559 praeludere
635 2464 717 2532 velle
730 2462 891 2532 videatur.

159 2577 304 2659 Qunsrro
325 2578 368 2643 3¹.
391 2612 434 2626 —
461 2576 512 2642 Aa
535 2572 667 2641 omnino
690 2592 812 2639 necesse
832 2572 887 2651 sit,
911 2572 982 2663 peti
1011 2572 1194 2663 apostolos?
1215 2613 1259 2627 -

119 2710 135 2748 a
159 2682 225 2751 Eos
237 2680 415 2751 necessario
426 2677 936 2772 peteredebetappellanslcapite
949 2676 1053 2761 Abeo,
1065 2678 1105 2746 de
1117 2680 1257 2771 appetu,

121 2824 137 2861 a
161 2798 197 2864 in
214 2800 250 2873 6;
267 2816 390 2863 canone
408 2796 486 2863 Post
506 2790 760 2883 appellationem
781 2794 814 2875 2,
836 2813 869 2880 q.
891 2788 943 2879 6);
961 2789 1005 2856 ita
1028 2799 1065 2858 ut
1079 2790 1106 2857 si
1123 2814 1188 2859 non
1205 2815 1261 2883 pe·

121 2934 135 2969 a
160 2913 269 2971 tantur
283 2909 370 2971 certo
386 2900 482 2969 modo
497 2922 534 2968 ac
552 2908 710 2988 tempore,
730 2896 906 2988 appellatio
923 2906 1050 2964 maneat
1065 2895 1202 2984 deserta,
1230 2908 1263 2966 et

122 3038 139 3075 a
162 3009 329 3102 appellans
347 3018 573 3100 praeamata
585 3004 787 3073 renuntiasse
803 3002 1001 3093 interposita
1024 3026 1045 3071 a
1065 3026 1100 3072 se
1117 3005 1263 3096 appella-

123 3147 140 3183 «
163 3117 247 3187 tioni
256 3114 467 3207 (Clementiae
478 3112 648 3197 Quamvis,
663 3110 703 3179 de
716 3110 843 3201 appel.)
854 3138 862 3177 ε
875 3117 987 3200 estque
998 3109 1264 3203 haecpraesump-

125 3254 141 3291 a
163 3224 307 3316 tiojurr's
321 3236 351 3291 et
367 3222 506 3312 dejure,
524 3227 749 3309 contraquam
766 3239 831 3285 non
854 3215 1038 3285 admittitur
1059 3218 1206 3308 probatio
1228 3221 1262 3286 in

125 3360 141 3397 a
164 3330 376 3416 contrarium,
388 3328 492 3420 posito
501 3324 588 3418 quod
602 3326 782 3416 neglexerit
796 3333 903 3415 petere
913 3351 921 3402 ;
930 3345 1022 3392 secus
1031 3325 1059 3391 si
1069 3346 1135 3392 non
1144 3328 1260 3416 potuit.

126 3467 141 3503 a
164 3440 267 3508 Porro
283 3436 426 3528 procedit
438 3434 509 3503 haec
525 3432 696 3501 necessitas
710 3430 841 3523 petendi
852 3430 1025 3521 apostolos,
1041 3430 1110 3498 sive
1123 3433 1266 3524 appella-

128 3574 143 3611 «
168 3556 236 3615 tum
258 3544 299 3611 sit
319 3544 359 3611 ab
379 3540 632 3627 interlocutoria,
655 3537 707 3607 vel
728 3538 918 3627 gravamine
940 3535 1030 3605 illato
1044 3546 1119 3606 ante
1133 3547 1267 3607 senten-

129 3682 145 3717 «
168 3654 248 3722 tiam
261 3650 483 3727 definitivam
501 3647 569 3715 sive
584 3670 604 3714 a
617 3645 786 3714 definitiva
799 3671 807 3711 :
819 3666 894 3712 cam
910 3652 1008 3733 caput
1019 3643 1067 3711 Ab
1083 3667 1119 3711 ea
1138 3644 1189 3735 (de
1202 3649 1268 3737 Ap-

130 3788 144 3825 «
160 3760 257 3852 pell„
277 3758 310 3824 in
325 3758 354 3845 o)
370 3755 522 3846 loquatur
536 3752 734 3837 indistincte,
748 3748 889 3818 dicendo
898 3749 1083 3841 appellanti
1093 3753 1265 3841 apostolos.

131 3896 145 3931 a
167 3870 248 3935 ltcm
263 3861 420 3956 procedit,
431 3862 499 3929 sive
514 3860 692 3951 appelletur
706 3882 726 3926 a
739 3858 847 3950 judice
862 3858 1053 3948 procedente
1069 3869 1100 3925 et
1114 3869 1270 3948 gravante

131 4002 145 4037 «
166 3970 374 4065 judicialiter,
397 3968 465 4035 sive
492 3964 915 4057 extra-judicialiterpcum
934 3962 1019 4031 adsit
1040 3963 1097 4055 qui
1118 3987 1174 4032 eos
1194 3965 1272 4034 dare

131 4106 146 4143 «
168 4078 283 4171 possit,
300 4096 417 4166 nempe
429 4072 532 4164 judex
547 4097 568 4140 a
582 4094 647 4164 quo
662 4072 846 4163 appellatur
861 4098 868 4138 :
885 4094 978 4139 secus
995 4078 1056 4155 est,
1071 4093 1129 4138 seu
1146 4093 1275 4141 necesse

132 4214 147 4251 a
171 4210 235 4255 uon
250 4191 298 4252 est
311 4181 384 4251 illos
400 4189 519 4273 petere,
533 4178 665 4271 quando
680 4178 894 4269 appellatura
909 4177 1098 4266 gravamine
1113 4186 1207 4247 extra
1219 4180 1275 4271 ju-

134 4320 149 4357 n
172 4292 292 4363 dicium
309 4290 351 4360 ab
372 4287 436 4357 alio
451 4310 550 4381 qaam
566 4310 584 4355 a
598 4285 707 4377 judice
721 4286 810 4359 illato
817 4310 828 4372 3
846 4307 919 4353 cum
939 4292 1016 4355 tanc
1035 4306 1100 4354 non
1115 4285 1201 4354 adsit
1220 4291 1278 4384 qul
