<?xml version="1.0" encoding="UTF-8"?>
<!DOCTYPE html PUBLIC "-//W3C//DTD XHTML 1.0 Transitional//EN"
    "http://www.w3.org/TR/xhtml1/DTD/xhtml1-transitional.dtd">
<html xmlns="http://www.w3.org/1999/xhtml" xml:lang="en" lang="en">
 <head>
  <title>
</title>
<meta http-equiv="Content-Type" content="text/html;charset=utf-8" />
  <meta name='ocr-system' content='tesseract 3.04.00' />
  <meta name='ocr-capabilities' content='ocr_page ocr_carea ocr_par ocr_line ocrx_word'/>
</head>
<body>
  <div class='ocr_page' id='page_1' title='image "./tractatusdejudi00goog_0412.png"; bbox 0 0 3050 4984; ppageno 0'>
   <div class='ocr_carea' id='block_1_1' title="bbox 297 454 1066 523">
    <p class='ocr_par' dir='ltr' id='par_1_1' title="bbox 297 454 1066 523">
     <span class='ocr_line' id='line_1_1' title="bbox 297 454 1066 523; baseline -0.005 0"><span class='ocrx_word' id='word_1_1' title='bbox 297 454 359 523; x_wconf 81' lang='lat' dir='ltr'><strong>tot</strong></span> <span class='ocrx_word' id='word_1_2' title='bbox 672 472 849 523; x_wconf 73' lang='lat' dir='ltr'><strong>insereres</strong></span> <span class='ocrx_word' id='word_1_3' title='bbox 870 474 909 520; x_wconf 87' lang='lat' dir='ltr'><strong>nr</strong></span> <span class='ocrx_word' id='word_1_4' title='bbox 932 470 1066 521; x_wconf 81' lang='lat' dir='ltr'><strong>troicus.</strong></span> 
     </span>
    </p>
   </div>
   <div class='ocr_carea' id='block_1_2' title="bbox 287 594 1444 3253">
    <p class='ocr_par' dir='ltr' id='par_1_2' title="bbox 297 594 1439 879">
     <span class='ocr_line' id='line_1_2' title="bbox 297 594 1439 687; baseline -0.003 -22"><span class='ocrx_word' id='word_1_5' title='bbox 297 624 314 665; x_wconf 81' lang='lat' dir='ltr'><strong>u</strong></span> <span class='ocrx_word' id='word_1_6' title='bbox 338 608 393 666; x_wconf 89' lang='lat' dir='ltr'><strong>tur</strong></span> <span class='ocrx_word' id='word_1_7' title='bbox 407 618 448 663; x_wconf 89' lang='lat' dir='ltr'><strong>ne</strong></span> <span class='ocrx_word' id='word_1_8' title='bbox 469 594 609 687; x_wconf 87' lang='lat' dir='ltr'><strong>amplius</strong></span> <span class='ocrx_word' id='word_1_9' title='bbox 628 596 699 663; x_wconf 89' lang='lat' dir='ltr'><strong>fieri</strong></span> <span class='ocrx_word' id='word_1_10' title='bbox 721 597 846 687; x_wconf 81' lang='lat' dir='ltr'><strong>possint</strong></span> <span class='ocrx_word' id='word_1_11' title='bbox 864 594 937 664; x_wconf 77' lang='lat' dir='ltr'><strong>alia</strong></span> <span class='ocrx_word' id='word_1_12' title='bbox 962 596 1177 687; x_wconf 82' lang='lat' dir='ltr'><strong>probationes,</strong></span> <span class='ocrx_word' id='word_1_13' title='bbox 1199 616 1274 664; x_wconf 91' lang='lat' dir='ltr'><strong>cum</strong></span> <span class='ocrx_word' id='word_1_14' title='bbox 1289 594 1439 664; x_wconf 85' lang='lat' dir='ltr'><strong>videatur</strong></span> 
     </span>
     <span class='ocr_line' id='line_1_3' title="bbox 297 701 1438 795; baseline 0.001 -26"><span class='ocrx_word' id='word_1_15' title='bbox 297 732 313 769; x_wconf 75' lang='lat' dir='ltr'><strong>n</strong></span> <span class='ocrx_word' id='word_1_16' title='bbox 337 703 555 773; x_wconf 89' lang='lat' dir='ltr'><strong>renuntiatum</strong></span> <span class='ocrx_word' id='word_1_17' title='bbox 586 703 808 791; x_wconf 79' lang='lat' dir='ltr'>ulterioribus,</span> <span class='ocrx_word' id='word_1_18' title='bbox 832 703 909 795; x_wconf 87' lang='lat' dir='ltr'><strong>quia</strong></span> <span class='ocrx_word' id='word_1_19' title='bbox 933 702 1012 771; x_wconf 90' lang='lat' dir='ltr'><strong>alias</strong></span> <span class='ocrx_word' id='word_1_20' title='bbox 1033 725 1139 771; x_wconf 82' lang='lat' dir='ltr'><strong>cansae</strong></span> <span class='ocrx_word' id='word_1_21' title='bbox 1163 701 1279 771; x_wconf 89' lang='lat' dir='ltr'><strong>fierent</strong></span> <span class='ocrx_word' id='word_1_22' title='bbox 1299 702 1438 770; x_wconf 90' lang='lat' dir='ltr'><strong>immor-</strong></span> 
     </span>
     <span class='ocr_line' id='line_1_4' title="bbox 297 811 470 879; baseline -0.012 -2"><span class='ocrx_word' id='word_1_23' title='bbox 297 838 313 877; x_wconf 78' lang='grc' dir='ltr'>α</span> <span class='ocrx_word' id='word_1_24' title='bbox 338 811 426 879; x_wconf 75' lang='lat' dir='ltr'><strong>talea.</strong></span> <span class='ocrx_word' id='word_1_25' title='bbox 454 838 470 875; x_wconf 84' lang='lat' dir='ltr'><strong>n</strong></span> 
     </span>
    </p>

    <p class='ocr_par' dir='ltr' id='par_1_3' title="bbox 292 916 1438 1545">
     <span class='ocr_line' id='line_1_5' title="bbox 335 916 1438 1009; baseline 0 -24"><span class='ocrx_word' id='word_1_26' title='bbox 335 916 458 987; x_wconf 86' lang='lat' dir='ltr'><strong>XVlll.</strong></span> <span class='ocrx_word' id='word_1_27' title='bbox 479 921 525 989; x_wconf 85' lang='lat' dir='ltr'><strong>De</strong></span> <span class='ocrx_word' id='word_1_28' title='bbox 540 917 721 985; x_wconf 88' lang='lat' dir='ltr'><strong>monitione</strong></span> <span class='ocrx_word' id='word_1_29' title='bbox 736 918 782 985; x_wconf 87' lang='lat' dir='ltr'><strong>nd</strong></span> <span class='ocrx_word' id='word_1_30' title='bbox 796 916 1011 1006; x_wconf 81' lang='lat' dir='ltr'><strong>nllepondum</strong></span> <span class='ocrx_word' id='word_1_31' title='bbox 1029 918 1065 985; x_wconf 88' lang='lat' dir='ltr'><strong>in</strong></span> <span class='ocrx_word' id='word_1_32' title='bbox 1075 918 1157 1009; x_wconf 85' lang='lat' dir='ltr'><strong>jure</strong></span> <span class='ocrx_word' id='word_1_33' title='bbox 1172 930 1204 985; x_wconf 86' lang='lat' dir='ltr'><strong>et</strong></span> <span class='ocrx_word' id='word_1_34' title='bbox 1221 918 1255 984; x_wconf 86' lang='lat' dir='ltr'><strong>in</strong></span> <span class='ocrx_word' id='word_1_35' title='bbox 1270 918 1375 1008; x_wconf 71' lang='lat' dir='ltr'><strong>facto.</strong></span> <span class='ocrx_word' id='word_1_36' title='bbox 1394 955 1438 969; x_wconf 90' lang='lat'><em>-</em></span> 
     </span>
     <span class='ocr_line' id='line_1_6' title="bbox 294 1022 1437 1116; baseline 0.003 -27"><span class='ocrx_word' id='word_1_37' title='bbox 294 1054 311 1089; x_wconf 78' lang='lat' dir='ltr'><strong>&lt;i</strong></span> <span class='ocrx_word' id='word_1_38' title='bbox 334 1024 460 1107; x_wconf 85' lang='lat' dir='ltr'>Quibus</span> <span class='ocrx_word' id='word_1_39' title='bbox 474 1024 627 1092; x_wconf 90' lang='lat' dir='ltr'><strong>omnibus</strong></span> <span class='ocrx_word' id='word_1_40' title='bbox 641 1022 791 1116; x_wconf 86' lang='lat' dir='ltr'><strong>expletis,</strong></span> <span class='ocrx_word' id='word_1_41' title='bbox 809 1033 984 1092; x_wconf 90' lang='lat' dir='ltr'><strong>monentur</strong></span> <span class='ocrx_word' id='word_1_42' title='bbox 994 1046 1030 1091; x_wconf 87' lang='lat' dir='ltr'><strong>uc</strong></span> <span class='ocrx_word' id='word_1_43' title='bbox 1040 1024 1181 1093; x_wconf 77' lang='lat' dir='ltr'>citantur</span> <span class='ocrx_word' id='word_1_44' title='bbox 1195 1024 1302 1093; x_wconf 75' lang='lat' dir='ltr'><strong>ambae</strong></span> <span class='ocrx_word' id='word_1_45' title='bbox 1316 1032 1437 1116; x_wconf 84' lang='lat' dir='ltr'><strong>portes,</strong></span> 
     </span>
     <span class='ocr_line' id='line_1_7' title="bbox 294 1124 1437 1221; baseline 0.001 -23"><span class='ocrx_word' id='word_1_46' title='bbox 294 1132 373 1199; x_wconf 72' lang='lat' dir='ltr'><strong>uad</strong></span> <span class='ocrx_word' id='word_1_47' title='bbox 403 1128 574 1199; x_wconf 87' lang='lat' dir='ltr'><strong>dicendum</strong></span> <span class='ocrx_word' id='word_1_48' title='bbox 602 1138 633 1199; x_wconf 88' lang='lat' dir='ltr'><strong>et</strong></span> <span class='ocrx_word' id='word_1_49' title='bbox 661 1128 869 1219; x_wconf 86' lang='lat' dir='ltr'><strong>allegandum</strong></span> <span class='ocrx_word' id='word_1_50' title='bbox 897 1151 1006 1199; x_wconf 89' lang='lat' dir='ltr'><strong>coram</strong></span> <span class='ocrx_word' id='word_1_51' title='bbox 1027 1129 1137 1221; x_wconf 85' lang='lat' dir='ltr'><strong>judioe</strong></span> <span class='ocrx_word' id='word_1_52' title='bbox 1166 1124 1319 1198; x_wconf 72' lang='lat' dir='ltr'>oretenus</span> <span class='ocrx_word' id='word_1_53' title='bbox 1345 1139 1379 1199; x_wconf 89' lang='lat' dir='ltr'><strong>et</strong></span> <span class='ocrx_word' id='word_1_54' title='bbox 1405 1132 1437 1199; x_wconf 93' lang='lat' dir='ltr'><strong>in</strong></span> 
     </span>
     <span class='ocr_line' id='line_1_8' title="bbox 294 1236 1437 1330; baseline 0.003 -27"><span class='ocrx_word' id='word_1_55' title='bbox 294 1267 310 1304; x_wconf 73' lang='grc' dir='ltr'><strong>ι(</strong></span> <span class='ocrx_word' id='word_1_56' title='bbox 334 1239 472 1330; x_wconf 85' lang='lat' dir='ltr'><strong>scriptis,</strong></span> <span class='ocrx_word' id='word_1_57' title='bbox 488 1237 608 1329; x_wconf 87' lang='lat' dir='ltr'><strong>injure</strong></span> <span class='ocrx_word' id='word_1_58' title='bbox 623 1246 654 1307; x_wconf 87' lang='lat' dir='ltr'><strong>et</strong></span> <span class='ocrx_word' id='word_1_59' title='bbox 670 1239 702 1307; x_wconf 89' lang='lat' dir='ltr'><strong>in</strong></span> <span class='ocrx_word' id='word_1_60' title='bbox 722 1238 821 1317; x_wconf 83' lang='lat' dir='ltr'><strong>facto,</strong></span> <span class='ocrx_word' id='word_1_61' title='bbox 839 1260 914 1305; x_wconf 87' lang='lat' dir='ltr'><strong>enm</strong></span> <span class='ocrx_word' id='word_1_62' title='bbox 931 1236 1095 1306; x_wconf 87' lang='lat' dir='ltr'><strong>advooatis</strong></span> <span class='ocrx_word' id='word_1_63' title='bbox 1111 1245 1142 1306; x_wconf 94' lang='lat' dir='ltr'><strong>et</strong></span> <span class='ocrx_word' id='word_1_64' title='bbox 1156 1238 1437 1329; x_wconf 76' lang='lat' dir='ltr'><strong>procuratoribus,</strong></span> 
     </span>
     <span class='ocr_line' id='line_1_9' title="bbox 292 1342 1436 1437; baseline -0.001 -24"><span class='ocrx_word' id='word_1_65' title='bbox 292 1374 309 1413; x_wconf 76' lang='grc' dir='ltr'>ι</span> <span class='ocrx_word' id='word_1_66' title='bbox 332 1347 372 1415; x_wconf 88' lang='lat' dir='ltr'><strong>ad</strong></span> <span class='ocrx_word' id='word_1_67' title='bbox 392 1344 540 1412; x_wconf 79' lang='lat' dir='ltr'><strong>effectum</strong></span> <span class='ocrx_word' id='word_1_68' title='bbox 560 1342 752 1413; x_wconf 77' lang='lat' dir='ltr'><strong>discutiendi</strong></span> <span class='ocrx_word' id='word_1_69' title='bbox 767 1344 974 1435; x_wconf 72' lang='lat' dir='ltr'><strong>probationes</strong></span> <span class='ocrx_word' id='word_1_70' title='bbox 994 1343 1105 1430; x_wconf 81' lang='lat' dir='ltr'><strong>laetas,</strong></span> <span class='ocrx_word' id='word_1_71' title='bbox 1122 1355 1159 1413; x_wconf 92' lang='lat' dir='ltr'><strong>ut</strong></span> <span class='ocrx_word' id='word_1_72' title='bbox 1179 1344 1280 1437; x_wconf 81' lang='lat' dir='ltr'><strong>possit</strong></span> <span class='ocrx_word' id='word_1_73' title='bbox 1304 1345 1436 1414; x_wconf 85' lang='lat' dir='ltr'><strong>tandem</strong></span> 
     </span>
     <span class='ocr_line' id='line_1_10' title="bbox 292 1451 912 1545; baseline -0.006 -24"><span class='ocrx_word' id='word_1_74' title='bbox 292 1484 309 1521; x_wconf 75' lang='lat' dir='ltr'><strong>n</strong></span> <span class='ocrx_word' id='word_1_75' title='bbox 327 1452 431 1545; x_wconf 83' lang='lat' dir='ltr'><strong>juder</strong></span> <span class='ocrx_word' id='word_1_76' title='bbox 448 1451 489 1521; x_wconf 88' lang='lat' dir='ltr'><strong>ad</strong></span> <span class='ocrx_word' id='word_1_77' title='bbox 504 1452 696 1520; x_wconf 83' lang='lat' dir='ltr'><strong>sententiam</strong></span> <span class='ocrx_word' id='word_1_78' title='bbox 711 1451 875 1520; x_wconf 84' lang='lat' dir='ltr'><strong>devenire.</strong></span> <span class='ocrx_word' id='word_1_79' title='bbox 895 1478 912 1517; x_wconf 77' lang='lat' dir='ltr'><strong>n</strong></span> 
     </span>
    </p>

    <p class='ocr_par' dir='ltr' id='par_1_4' title="bbox 291 1558 1440 1949">
     <span class='ocr_line' id='line_1_11' title="bbox 330 1558 1440 1651; baseline 0 -23"><span class='ocrx_word' id='word_1_80' title='bbox 330 1560 423 1628; x_wconf 82' lang='lat' dir='ltr'><strong>xlx.</strong></span> <span class='ocrx_word' id='word_1_81' title='bbox 443 1562 490 1627; x_wconf 87' lang='lat' dir='ltr'><strong>De</strong></span> <span class='ocrx_word' id='word_1_82' title='bbox 510 1558 607 1628; x_wconf 85' lang='lat' dir='ltr'><strong>modo</strong></span> <span class='ocrx_word' id='word_1_83' title='bbox 629 1558 760 1627; x_wconf 84' lang='lat' dir='ltr'><strong>videndi</strong></span> <span class='ocrx_word' id='word_1_84' title='bbox 768 1581 968 1651; x_wconf 80' lang='lat' dir='ltr'><strong>processum.</strong></span> <span class='ocrx_word' id='word_1_85' title='bbox 992 1598 1036 1611; x_wconf 92' lang='lat'><em>-</em></span> <span class='ocrx_word' id='word_1_86' title='bbox 1058 1558 1214 1628; x_wconf 72' lang='lat' dir='ltr'><strong>«Deinde</strong></span> <span class='ocrx_word' id='word_1_87' title='bbox 1233 1559 1338 1651; x_wconf 86' lang='lat' dir='ltr'><strong>judex</strong></span> <span class='ocrx_word' id='word_1_88' title='bbox 1364 1582 1440 1651; x_wconf 89' lang='lat' dir='ltr'><strong>pro-</strong></span> 
     </span>
     <span class='ocr_line' id='line_1_12' title="bbox 292 1664 1438 1757; baseline 0.002 -25"><span class='ocrx_word' id='word_1_89' title='bbox 292 1694 309 1732; x_wconf 78' lang='lat' dir='ltr'><strong>u</strong></span> <span class='ocrx_word' id='word_1_90' title='bbox 333 1667 408 1735; x_wconf 89' lang='lat' dir='ltr'><strong>duci</strong></span> <span class='ocrx_word' id='word_1_91' title='bbox 425 1665 487 1734; x_wconf 90' lang='lat' dir='ltr'><strong>sihi</strong></span> <span class='ocrx_word' id='word_1_92' title='bbox 503 1688 561 1757; x_wconf 88' lang='lat' dir='ltr'><strong>per</strong></span> <span class='ocrx_word' id='word_1_93' title='bbox 579 1665 740 1734; x_wconf 88' lang='lat' dir='ltr'><strong>notarium</strong></span> <span class='ocrx_word' id='word_1_94' title='bbox 762 1688 868 1733; x_wconf 84' lang='lat' dir='ltr'><strong>oausae</strong></span> <span class='ocrx_word' id='word_1_95' title='bbox 889 1666 966 1734; x_wconf 83' lang='lat' dir='ltr'><strong>feeit</strong></span> <span class='ocrx_word' id='word_1_96' title='bbox 986 1673 1055 1734; x_wconf 85' lang='lat' dir='ltr'><strong>acta</strong></span> <span class='ocrx_word' id='word_1_97' title='bbox 1076 1666 1197 1751; x_wconf 84' lang='lat' dir='ltr'><strong>omnia,</strong></span> <span class='ocrx_word' id='word_1_98' title='bbox 1224 1665 1266 1733; x_wconf 90' lang='lat' dir='ltr'><strong>ad</strong></span> <span class='ocrx_word' id='word_1_99' title='bbox 1285 1664 1438 1734; x_wconf 81' lang='lat' dir='ltr'><strong>effectum</strong></span> 
     </span>
     <span class='ocr_line' id='line_1_13' title="bbox 292 1771 1440 1863; baseline 0.003 -26"><span class='ocrx_word' id='word_1_100' title='bbox 292 1802 308 1837; x_wconf 75' lang='lat' dir='ltr'><strong>n</strong></span> <span class='ocrx_word' id='word_1_101' title='bbox 333 1775 388 1842; x_wconf 91' lang='lat' dir='ltr'><strong>illa</strong></span> <span class='ocrx_word' id='word_1_102' title='bbox 402 1771 575 1862; x_wconf 82' lang='lat' dir='ltr'><strong>diligenter</strong></span> <span class='ocrx_word' id='word_1_103' title='bbox 589 1772 828 1863; x_wconf 81' lang='lat' dir='ltr'><strong>perscrutandi,</strong></span> <span class='ocrx_word' id='word_1_104' title='bbox 846 1780 881 1839; x_wconf 92' lang='lat' dir='ltr'><strong>nt</strong></span> <span class='ocrx_word' id='word_1_105' title='bbox 895 1795 936 1840; x_wconf 83' lang='lat' dir='ltr'><strong>ex</strong></span> <span class='ocrx_word' id='word_1_106' title='bbox 952 1772 1002 1840; x_wconf 91' lang='lat' dir='ltr'><strong>his</strong></span> <span class='ocrx_word' id='word_1_107' title='bbox 1018 1780 1136 1841; x_wconf 85' lang='lat' dir='ltr'><strong>rectam</strong></span> <span class='ocrx_word' id='word_1_108' title='bbox 1153 1772 1346 1841; x_wconf 78' lang='lat' dir='ltr'><strong>sententiam</strong></span> <span class='ocrx_word' id='word_1_109' title='bbox 1363 1795 1440 1863; x_wconf 91' lang='lat' dir='ltr'><strong>pro·</strong></span> 
     </span>
     <span class='ocr_line' id='line_1_14' title="bbox 291 1878 1053 1949; baseline -0.003 -4"><span class='ocrx_word' id='word_1_110' title='bbox 291 1906 309 1945; x_wconf 75' lang='lat' dir='ltr'><strong>s</strong></span> <span class='ocrx_word' id='word_1_111' title='bbox 334 1882 419 1949; x_wconf 87' lang='lat' dir='ltr'><strong>ferre</strong></span> <span class='ocrx_word' id='word_1_112' title='bbox 433 1878 550 1947; x_wconf 87' lang='lat' dir='ltr'><strong>valeat.</strong></span> <span class='ocrx_word' id='word_1_113' title='bbox 569 1906 584 1943; x_wconf 81' lang='lat' dir='ltr'><strong>n</strong></span> <span class='ocrx_word' id='word_1_114' title='bbox 1051 1887 1053 1890; x_wconf 78' lang='grc'><strong>’</strong></span> 
     </span>
    </p>

    <p class='ocr_par' dir='ltr' id='par_1_5' title="bbox 291 1986 1441 2398">
     <span class='ocr_line' id='line_1_15' title="bbox 332 1986 1440 2078; baseline 0 -23"><span class='ocrx_word' id='word_1_115' title='bbox 332 1988 407 2055; x_wconf 84' lang='lat' dir='ltr'><strong>XX.</strong></span> <span class='ocrx_word' id='word_1_116' title='bbox 432 1989 479 2054; x_wconf 86' lang='lat' dir='ltr'><strong>De</strong></span> <span class='ocrx_word' id='word_1_117' title='bbox 500 1986 653 2055; x_wconf 81' lang='lat' dir='ltr'><strong>citatione</strong></span> <span class='ocrx_word' id='word_1_118' title='bbox 671 1986 717 2055; x_wconf 83' lang='lat' dir='ltr'><strong>ad</strong></span> <span class='ocrx_word' id='word_1_119' title='bbox 729 1986 935 2055; x_wconf 79' lang='lat' dir='ltr'><strong>sententiam.</strong></span> <span class='ocrx_word' id='word_1_120' title='bbox 954 2026 998 2039; x_wconf 89' lang='lat'><em>-</em></span> <span class='ocrx_word' id='word_1_121' title='bbox 1017 2012 1033 2050; x_wconf 80' lang='lat' dir='ltr'><strong>n</strong></span> <span class='ocrx_word' id='word_1_122' title='bbox 1055 1988 1243 2056; x_wconf 87' lang='lat' dir='ltr'><strong>Successive</strong></span> <span class='ocrx_word' id='word_1_123' title='bbox 1262 1996 1440 2078; x_wconf 83' lang='lat' dir='ltr'><strong>postquam</strong></span> 
     </span>
     <span class='ocr_line' id='line_1_16' title="bbox 292 2092 1440 2185; baseline 0 -24"><span class='ocrx_word' id='word_1_124' title='bbox 292 2120 309 2161; x_wconf 83' lang='lat' dir='ltr'><strong>n</strong></span> <span class='ocrx_word' id='word_1_125' title='bbox 333 2094 443 2161; x_wconf 88' lang='lat' dir='ltr'><strong>omnia</strong></span> <span class='ocrx_word' id='word_1_126' title='bbox 458 2094 539 2161; x_wconf 86' lang='lat' dir='ltr'><strong>bene</strong></span> <span class='ocrx_word' id='word_1_127' title='bbox 561 2092 767 2185; x_wconf 90' lang='lat' dir='ltr'><strong>perpenderit</strong></span> <span class='ocrx_word' id='word_1_128' title='bbox 787 2117 824 2160; x_wconf 87' lang='lat' dir='ltr'><strong>no</strong></span> <span class='ocrx_word' id='word_1_129' title='bbox 845 2094 982 2163; x_wconf 84' lang='lat' dir='ltr'><strong>rimatus</strong></span> <span class='ocrx_word' id='word_1_130' title='bbox 1001 2092 1112 2181; x_wconf 76' lang='lat' dir='ltr'><strong>fuerit,</strong></span> <span class='ocrx_word' id='word_1_131' title='bbox 1127 2095 1226 2163; x_wconf 88' lang='lat' dir='ltr'><strong>citare</strong></span> <span class='ocrx_word' id='word_1_132' title='bbox 1248 2115 1285 2162; x_wconf 84' lang='lat' dir='ltr'><strong>ue</strong></span> <span class='ocrx_word' id='word_1_133' title='bbox 1303 2116 1440 2162; x_wconf 83' lang='lat' dir='ltr'><strong>monere</strong></span> 
     </span>
     <span class='ocr_line' id='line_1_17' title="bbox 292 2196 1441 2289; baseline 0 -24"><span class='ocrx_word' id='word_1_134' title='bbox 292 2225 308 2265; x_wconf 78' lang='lat' dir='ltr'><strong>c</strong></span> <span class='ocrx_word' id='word_1_135' title='bbox 334 2199 461 2267; x_wconf 85' lang='lat' dir='ltr'><strong>tandem</strong></span> <span class='ocrx_word' id='word_1_136' title='bbox 484 2197 579 2267; x_wconf 84' lang='lat' dir='ltr'><strong>laniat</strong></span> <span class='ocrx_word' id='word_1_137' title='bbox 601 2198 713 2266; x_wconf 84' lang='lat' dir='ltr'><strong>ambas</strong></span> <span class='ocrx_word' id='word_1_138' title='bbox 731 2208 851 2289; x_wconf 87' lang='lat' dir='ltr'><strong>partes,</strong></span> <span class='ocrx_word' id='word_1_139' title='bbox 868 2197 909 2265; x_wconf 91' lang='lat' dir='ltr'><strong>ad</strong></span> <span class='ocrx_word' id='word_1_140' title='bbox 923 2196 1119 2267; x_wconf 82' lang='lat' dir='ltr'><strong>audiendum</strong></span> <span class='ocrx_word' id='word_1_141' title='bbox 1140 2198 1331 2266; x_wconf 79' lang='lat' dir='ltr'><strong>sententiam</strong></span> <span class='ocrx_word' id='word_1_142' title='bbox 1355 2196 1441 2265; x_wconf 87' lang='lat' dir='ltr'><strong>defi·</strong></span> 
     </span>
     <span class='ocr_line' id='line_1_18' title="bbox 291 2304 727 2398; baseline -0.007 -25"><span class='ocrx_word' id='word_1_143' title='bbox 291 2334 308 2373; x_wconf 88' lang='lat'>«</span> <span class='ocrx_word' id='word_1_144' title='bbox 333 2304 727 2398; x_wconf 77' lang='lat' dir='ltr'><strong>nitiveproferendam.»</strong></span> 
     </span>
    </p>

    <p class='ocr_par' dir='ltr' id='par_1_6' title="bbox 290 2412 1441 2803">
     <span class='ocr_line' id='line_1_19' title="bbox 331 2412 1439 2504; baseline 0 -21"><span class='ocrx_word' id='word_1_145' title='bbox 331 2414 423 2483; x_wconf 84' lang='lat' dir='ltr'><strong>XXI.</strong></span> <span class='ocrx_word' id='word_1_146' title='bbox 449 2418 497 2481; x_wconf 87' lang='lat' dir='ltr'><strong>De</strong></span> <span class='ocrx_word' id='word_1_147' title='bbox 518 2414 679 2481; x_wconf 85' lang='lat' dir='ltr'><strong>sententia</strong></span> <span class='ocrx_word' id='word_1_148' title='bbox 702 2452 746 2465; x_wconf 92' lang='lat'><em>-</em></span> <span class='ocrx_word' id='word_1_149' title='bbox 764 2412 973 2483; x_wconf 80' lang='lat' dir='ltr'><strong>«Postremo</strong></span> <span class='ocrx_word' id='word_1_150' title='bbox 997 2412 1091 2482; x_wconf 87' lang='lat' dir='ltr'><strong>debet</strong></span> <span class='ocrx_word' id='word_1_151' title='bbox 1114 2413 1217 2504; x_wconf 85' lang='lat' dir='ltr'><strong>judex</strong></span> <span class='ocrx_word' id='word_1_152' title='bbox 1241 2414 1439 2483; x_wconf 85' lang='lat' dir='ltr'><strong>sententiam</strong></span> 
     </span>
     <span class='ocr_line' id='line_1_20' title="bbox 290 2519 1441 2611; baseline -0.001 -21"><span class='ocrx_word' id='word_1_153' title='bbox 290 2549 308 2589; x_wconf 76' lang='lat' dir='ltr'><strong>u</strong></span> <span class='ocrx_word' id='word_1_154' title='bbox 331 2521 535 2590; x_wconf 87' lang='lat' dir='ltr'><strong>definitivam</strong></span> <span class='ocrx_word' id='word_1_155' title='bbox 550 2519 728 2588; x_wconf 88' lang='lat' dir='ltr'><strong>secundum</strong></span> <span class='ocrx_word' id='word_1_156' title='bbox 744 2542 852 2589; x_wconf 85' lang='lat' dir='ltr'><strong>sacros</strong></span> <span class='ocrx_word' id='word_1_157' title='bbox 864 2542 1004 2589; x_wconf 85' lang='lat' dir='ltr'><strong>oenones</strong></span> <span class='ocrx_word' id='word_1_158' title='bbox 1077 2520 1240 2611; x_wconf 82' lang='lat' dir='ltr'><strong>proferre3</strong></span> <span class='ocrx_word' id='word_1_159' title='bbox 1255 2542 1329 2611; x_wconf 80' lang='lat' dir='ltr'><strong>qum</strong></span> <span class='ocrx_word' id='word_1_160' title='bbox 1351 2544 1441 2589; x_wconf 85' lang='lat' dir='ltr'><strong>eon-</strong></span> 
     </span>
     <span class='ocr_line' id='line_1_21' title="bbox 290 2624 1440 2707; baseline 0.003 -13"><span class='ocrx_word' id='word_1_161' title='bbox 290 2656 308 2694; x_wconf 82' lang='lat'><strong>«</strong></span> <span class='ocrx_word' id='word_1_162' title='bbox 331 2627 569 2696; x_wconf 85' lang='lat' dir='ltr'><strong>demnationem</strong></span> <span class='ocrx_word' id='word_1_163' title='bbox 587 2624 636 2694; x_wconf 82' lang='lat' dir='ltr'><strong>vel</strong></span> <span class='ocrx_word' id='word_1_164' title='bbox 654 2626 889 2695; x_wconf 84' lang='lat' dir='ltr'><strong>absolutionem</strong></span> <span class='ocrx_word' id='word_1_165' title='bbox 908 2626 1071 2695; x_wconf 81' lang='lat' dir='ltr'><strong>continere</strong></span> <span class='ocrx_word' id='word_1_166' title='bbox 1087 2626 1182 2695; x_wconf 90' lang='lat' dir='ltr'><strong>debet</strong></span> <span class='ocrx_word' id='word_1_167' title='bbox 1197 2630 1244 2695; x_wconf 87' lang='lat' dir='ltr'><strong>rei</strong></span> <span class='ocrx_word' id='word_1_168' title='bbox 1258 2630 1440 2707; x_wconf 76' lang='lat' dir='ltr'><strong>conventi3</strong></span> 
     </span>
     <span class='ocr_line' id='line_1_22' title="bbox 291 2724 780 2803; baseline -0.01 -2"><span class='ocrx_word' id='word_1_169' title='bbox 291 2763 307 2801; x_wconf 81' lang='grc' dir='ltr'>α</span> <span class='ocrx_word' id='word_1_170' title='bbox 331 2736 410 2803; x_wconf 87' lang='lat' dir='ltr'><strong>alies</strong></span> <span class='ocrx_word' id='word_1_171' title='bbox 423 2758 490 2802; x_wconf 91' lang='lat' dir='ltr'><strong>non</strong></span> <span class='ocrx_word' id='word_1_172' title='bbox 509 2734 604 2802; x_wconf 81' lang='lat' dir='ltr'><strong>valet.</strong></span> <span class='ocrx_word' id='word_1_173' title='bbox 625 2760 641 2797; x_wconf 81' lang='lat' dir='ltr'><strong>n</strong></span> <span class='ocrx_word' id='word_1_174' title='bbox 767 2724 780 2745; x_wconf 83' lang='lat'><strong>&#39;&#39;</strong></span> 
     </span>
    </p>

    <p class='ocr_par' dir='ltr' id='par_1_7' title="bbox 287 2841 1444 3253">
     <span class='ocr_line' id='line_1_23' title="bbox 332 2841 1441 2914; baseline 0.005 -6"><span class='ocrx_word' id='word_1_175' title='bbox 332 2842 438 2909; x_wconf 83' lang='lat' dir='ltr'><strong>XXII.</strong></span> <span class='ocrx_word' id='word_1_176' title='bbox 463 2844 510 2908; x_wconf 86' lang='lat' dir='ltr'><strong>De</strong></span> <span class='ocrx_word' id='word_1_177' title='bbox 533 2844 720 2914; x_wconf 70' lang='lat' dir='ltr'><strong>secretione</strong></span> <span class='ocrx_word' id='word_1_178' title='bbox 739 2841 913 2910; x_wconf 72' lang='lat' dir='ltr'><strong>sententie.</strong></span> <span class='ocrx_word' id='word_1_179' title='bbox 938 2880 982 2893; x_wconf 91' lang='lat'>-</span> <span class='ocrx_word' id='word_1_180' title='bbox 1003 2842 1081 2910; x_wconf 88' lang='lat' dir='ltr'><strong>Post</strong></span> <span class='ocrx_word' id='word_1_181' title='bbox 1102 2842 1293 2910; x_wconf 88' lang='lat' dir='ltr'><strong>sententiam</strong></span> <span class='ocrx_word' id='word_1_182' title='bbox 1314 2864 1441 2913; x_wconf 86' lang='lat' dir='ltr'><strong>conse·</strong></span> 
     </span>
     <span class='ocr_line' id='line_1_24' title="bbox 292 2944 1444 3040; baseline 0.004 -25"><span class='ocrx_word' id='word_1_183' title='bbox 292 2975 309 3015; x_wconf 78' lang='lat' dir='ltr'><strong>a</strong></span> <span class='ocrx_word' id='word_1_184' title='bbox 332 2950 444 3039; x_wconf 88' lang='lat' dir='ltr'><strong>quitur</strong></span> <span class='ocrx_word' id='word_1_185' title='bbox 460 2944 651 3032; x_wconf 73' lang='lat' dir='ltr'><strong>necessario,</strong></span> <span class='ocrx_word' id='word_1_186' title='bbox 671 2956 706 3013; x_wconf 86' lang='lat' dir='ltr'><strong>ut</strong></span> <span class='ocrx_word' id='word_1_187' title='bbox 720 2948 748 3013; x_wconf 91' lang='lat' dir='ltr'><strong>si</strong></span> <span class='ocrx_word' id='word_1_188' title='bbox 764 2947 872 3015; x_wconf 87' lang='lat' dir='ltr'><strong>valida</strong></span> <span class='ocrx_word' id='word_1_189' title='bbox 887 2948 997 3035; x_wconf 85' lang='lat' dir='ltr'><strong>fuerit,</strong></span> <span class='ocrx_word' id='word_1_190' title='bbox 1016 2957 1048 3016; x_wconf 88' lang='lat' dir='ltr'><strong>et</strong></span> <span class='ocrx_word' id='word_1_191' title='bbox 1062 2949 1103 3016; x_wconf 85' lang='lat' dir='ltr'><strong>ab</strong></span> <span class='ocrx_word' id='word_1_192' title='bbox 1115 2970 1154 3016; x_wconf 89' lang='lat' dir='ltr'><strong>ea</strong></span> <span class='ocrx_word' id='word_1_193' title='bbox 1172 2971 1230 3040; x_wconf 88' lang='lat' dir='ltr'><strong>per</strong></span> <span class='ocrx_word' id='word_1_194' title='bbox 1245 2970 1339 3016; x_wconf 90' lang='lat' dir='ltr'><strong>reum</strong></span> <span class='ocrx_word' id='word_1_195' title='bbox 1357 2973 1444 3020; x_wconf 84' lang='lat' dir='ltr'><strong>con·</strong></span> 
     </span>
     <span class='ocr_line' id='line_1_25' title="bbox 294 3043 1442 3147; baseline 0.003 -26"><span class='ocrx_word' id='word_1_196' title='bbox 294 3084 310 3121; x_wconf 73' lang='lat' dir='ltr'><strong>a</strong></span> <span class='ocrx_word' id='word_1_197' title='bbox 335 3045 519 3124; x_wconf 72' lang='lat' dir='ltr'><strong>‹temnitum</strong></span> <span class='ocrx_word' id='word_1_198' title='bbox 542 3076 606 3123; x_wconf 92' lang='lat' dir='ltr'><strong>non</strong></span> <span class='ocrx_word' id='word_1_199' title='bbox 629 3053 726 3121; x_wconf 85' lang='lat' dir='ltr'><strong>fuerit</strong></span> <span class='ocrx_word' id='word_1_200' title='bbox 748 3053 834 3120; x_wconf 86' lang='lat' dir='ltr'><strong>infra</strong></span> <span class='ocrx_word' id='word_1_201' title='bbox 855 3053 963 3122; x_wconf 90' lang='lat' dir='ltr'><strong>decem</strong></span> <span class='ocrx_word' id='word_1_202' title='bbox 986 3043 1055 3123; x_wconf 83' lang='lat' dir='ltr'><strong>dies</strong></span> <span class='ocrx_word' id='word_1_203' title='bbox 1075 3054 1293 3147; x_wconf 84' lang='lat' dir='ltr'><strong>appellatum,</strong></span> <span class='ocrx_word' id='word_1_204' title='bbox 1314 3055 1442 3125; x_wconf 70' lang='lat' dir='ltr'><strong>debitio</strong></span> 
     </span>
     <span class='ocr_line' id='line_1_26' title="bbox 287 3142 1443 3253; baseline -0.001 -19"><span class='ocrx_word' id='word_1_205' title='bbox 287 3142 770 3246; x_wconf 51' lang='lat' dir='ltr'><strong>nescentioni&#39;demandetun</strong></span> <span class='ocrx_word' id='word_1_206' title='bbox 795 3160 882 3251; x_wconf 85' lang='lat' dir='ltr'><strong>quod</strong></span> <span class='ocrx_word' id='word_1_207' title='bbox 902 3162 1033 3251; x_wconf 85' lang='lat' dir='ltr'><strong>quidem</strong></span> <span class='ocrx_word' id='word_1_208' title='bbox 1055 3162 1090 3227; x_wconf 93' lang='lat' dir='ltr'><strong>in</strong></span> <span class='ocrx_word' id='word_1_209' title='bbox 1109 3161 1307 3253; x_wconf 85' lang='lat' dir='ltr'><strong>quibusdam</strong></span> <span class='ocrx_word' id='word_1_210' title='bbox 1327 3166 1443 3233; x_wconf 83' lang='lat' dir='ltr'><strong>causis</strong></span> 
     </span>
    </p>
   </div>
   <div class='ocr_carea' id='block_1_3' title="bbox 168 3252 1444 3359">
    <p class='ocr_par' dir='ltr' id='par_1_8' title="bbox 168 3252 1444 3359">
     <span class='ocr_line' id='line_1_27' title="bbox 168 3252 1444 3359; baseline 0.003 -24"><span class='ocrx_word' id='word_1_211' title='bbox 168 3252 269 3321; x_wconf 46' lang='lat'><strong>1²⁴³</strong></span> <span class='ocrx_word' id='word_1_212' title='bbox 293 3298 310 3335; x_wconf 77' lang='lat' dir='ltr'><strong>i&lt;</strong></span> <span class='ocrx_word' id='word_1_213' title='bbox 332 3268 502 3337; x_wconf 76' lang='lat' dir='ltr'><strong>succedere</strong></span> <span class='ocrx_word' id='word_1_214' title='bbox 519 3267 611 3353; x_wconf 84' lang='lat' dir='ltr'><strong>solet,</strong></span> <span class='ocrx_word' id='word_1_215' title='bbox 627 3266 853 3335; x_wconf 84' lang='lat' dir='ltr'><strong>nonobstante</strong></span> <span class='ocrx_word' id='word_1_216' title='bbox 873 3267 1097 3359; x_wconf 86' lang='lat' dir='ltr'><strong>appellatione.</strong></span> <span class='ocrx_word' id='word_1_217' title='bbox 1115 3292 1133 3332; x_wconf 81' lang='lat' dir='ltr'><strong>n</strong></span> <span class='ocrx_word' id='word_1_218' title='bbox 1153 3268 1357 3359; x_wconf 75' lang='lat' dir='ltr'><strong>(pellegrini,</strong></span> <span class='ocrx_word' id='word_1_219' title='bbox 1379 3274 1444 3341; x_wconf 84' lang='lat' dir='ltr'><strong>sub</strong></span> 
     </span>
    </p>
   </div>
   <div class='ocr_carea' id='block_1_4' title="bbox 288 3372 597 3465">
    <p class='ocr_par' dir='ltr' id='par_1_9' title="bbox 288 3372 597 3465">
     <span class='ocr_line' id='line_1_28' title="bbox 288 3372 597 3465; baseline -0.019 -18"><span class='ocrx_word' id='word_1_220' title='bbox 288 3376 419 3447; x_wconf 86' lang='lat' dir='ltr'><strong>initium</strong></span> <span class='ocrx_word' id='word_1_221' title='bbox 436 3374 535 3465; x_wconf 84' lang='lat' dir='ltr'><strong>partis</strong></span> <span class='ocrx_word' id='word_1_222' title='bbox 552 3372 597 3462; x_wconf 84' lang='lat'><strong>2.)</strong></span> 
     </span>
    </p>
   </div>
   <div class='ocr_carea' id='block_1_5' title="bbox 753 3596 964 3667">
    <p class='ocr_par' dir='ltr' id='par_1_10' title="bbox 753 3596 964 3667">
     <span class='ocr_line' id='line_1_29' title="bbox 753 3596 964 3667; baseline 0.005 -3"><span class='ocrx_word' id='word_1_223' title='bbox 753 3596 898 3666; x_wconf 86' lang='lat' dir='ltr'><strong>CAPUT</strong></span> <span class='ocrx_word' id='word_1_224' title='bbox 921 3599 964 3667; x_wconf 92' lang='lat' dir='ltr'><strong>ll.</strong></span> 
     </span>
    </p>
   </div>
   <div class='ocr_carea' id='block_1_6' title="bbox 288 3760 1444 4079">
    <p class='ocr_par' dir='ltr' id='par_1_11' title="bbox 288 3760 1444 4079">
     <span class='ocr_line' id='line_1_30' title="bbox 288 3760 1444 3864; baseline -0.004 -13"><span class='ocrx_word' id='word_1_225' title='bbox 288 3806 331 3852; x_wconf 74' lang='lat' dir='ltr'><strong>su</strong></span> <span class='ocrx_word' id='word_1_226' title='bbox 354 3802 391 3849; x_wconf 84' lang='lat' dir='ltr'><strong>ur</strong></span> <span class='ocrx_word' id='word_1_227' title='bbox 418 3799 563 3855; x_wconf 85' lang='lat' dir='ltr'><strong>ooouooo</strong></span> <span class='ocrx_word' id='word_1_228' title='bbox 590 3760 752 3846; x_wconf 77' lang='lat' dir='ltr'><strong>rnocrssns</strong></span> <span class='ocrx_word' id='word_1_229' title='bbox 779 3798 889 3844; x_wconf 79' lang='lat' dir='ltr'><strong>crvms</strong></span> <span class='ocrx_word' id='word_1_230' title='bbox 910 3801 931 3844; x_wconf 81' lang='lat' dir='ltr'><strong>s</strong></span> <span class='ocrx_word' id='word_1_231' title='bbox 954 3799 1112 3846; x_wconf 78' lang='lat' dir='ltr'><strong>commun</strong></span> <span class='ocrx_word' id='word_1_232' title='bbox 1140 3800 1307 3864; x_wconf 74' lang='lat' dir='ltr'><strong>nument,</strong></span> <span class='ocrx_word' id='word_1_233' title='bbox 1331 3804 1444 3859; x_wconf 71' lang='lat' dir='ltr'><strong>onom</strong></span> 
     </span>
     <span class='ocr_line' id='line_1_31' title="bbox 336 3886 1443 3976; baseline -0.002 -19"><span class='ocrx_word' id='word_1_234' title='bbox 336 3910 470 3963; x_wconf 75' lang='lat' dir='ltr'><strong>usurum</strong></span> <span class='ocrx_word' id='word_1_235' title='bbox 489 3906 609 3954; x_wconf 81' lang='lat' dir='ltr'><strong>oourna</strong></span> <span class='ocrx_word' id='word_1_236' title='bbox 630 3904 778 3951; x_wconf 80' lang='lat' dir='ltr'><strong>msusrsu</strong></span> <span class='ocrx_word' id='word_1_237' title='bbox 800 3905 992 3951; x_wconf 81' lang='lat' dir='ltr'><strong>ssurmrrmr</strong></span> <span class='ocrx_word' id='word_1_238' title='bbox 1020 3911 1028 3951; x_wconf 92' lang='lat'>:</span> <span class='ocrx_word' id='word_1_239' title='bbox 1050 3908 1101 3954; x_wconf 82' lang='lat' dir='ltr'><strong>nor</strong></span> <span class='ocrx_word' id='word_1_240' title='bbox 1122 3908 1163 3953; x_wconf 86' lang='lat' dir='ltr'><strong>nr</strong></span> <span class='ocrx_word' id='word_1_241' title='bbox 1180 3886 1314 3976; x_wconf 81' lang='lat' dir='ltr'><strong>querela</strong></span> <span class='ocrx_word' id='word_1_242' title='bbox 1330 3893 1443 3960; x_wconf 75' lang='lat' dir='ltr'><strong>nulti-</strong></span> 
     </span>
     <span class='ocr_line' id='line_1_32' title="bbox 335 3990 986 4079; baseline -0.009 -16"><span class='ocrx_word' id='word_1_243' title='bbox 335 3996 425 4076; x_wconf 84' lang='lat' dir='ltr'><strong>tatis,</strong></span> <span class='ocrx_word' id='word_1_244' title='bbox 440 4016 477 4059; x_wconf 83' lang='lat' dir='ltr'><strong>rr</strong></span> <span class='ocrx_word' id='word_1_245' title='bbox 490 4014 529 4058; x_wconf 84' lang='lat' dir='ltr'><strong>nr</strong></span> <span class='ocrx_word' id='word_1_246' title='bbox 543 3990 747 4058; x_wconf 82' lang='lat' dir='ltr'><strong>restitutione</strong></span> <span class='ocrx_word' id='word_1_247' title='bbox 760 3990 796 4057; x_wconf 87' lang='lat' dir='ltr'><strong>in</strong></span> <span class='ocrx_word' id='word_1_248' title='bbox 809 3992 986 4079; x_wconf 81' lang='lat' dir='ltr'><strong>inteprum.</strong></span> 
     </span>
    </p>
   </div>
   <div class='ocr_carea' id='block_1_7' title="bbox 334 4224 1442 4328">
    <p class='ocr_par' dir='ltr' id='par_1_12' title="bbox 334 4224 1442 4328">
     <span class='ocr_line' id='line_1_33' title="bbox 334 4224 1442 4328; baseline 0.005 -31"><span class='ocrx_word' id='word_1_249' title='bbox 334 4226 467 4321; x_wconf 85' lang='lat' dir='ltr'><strong>Triplex</strong></span> <span class='ocrx_word' id='word_1_250' title='bbox 488 4224 672 4295; x_wconf 88' lang='lat' dir='ltr'><strong>remedium</strong></span> <span class='ocrx_word' id='word_1_251' title='bbox 692 4226 803 4318; x_wconf 86' lang='lat' dir='ltr'><strong>ajure</strong></span> <span class='ocrx_word' id='word_1_252' title='bbox 823 4225 936 4296; x_wconf 90' lang='lat' dir='ltr'><strong>datum</strong></span> <span class='ocrx_word' id='word_1_253' title='bbox 955 4236 1005 4296; x_wconf 88' lang='lat' dir='ltr'><strong>est</strong></span> <span class='ocrx_word' id='word_1_254' title='bbox 1026 4238 1137 4297; x_wconf 86' lang='lat' dir='ltr'><strong>contra</strong></span> <span class='ocrx_word' id='word_1_255' title='bbox 1153 4228 1299 4320; x_wconf 87' lang='lat' dir='ltr'><strong>judioem</strong></span> <span class='ocrx_word' id='word_1_256' title='bbox 1321 4232 1442 4328; x_wconf 87' lang='lat' dir='ltr'><strong>inique</strong></span> 
     </span>
    </p>
   </div>
   <div class='ocr_carea' id='block_1_8' title="bbox 0 0 1530 4982">
    <p class='ocr_par' dir='ltr' id='par_1_13' title="bbox 0 0 1530 4982">
     <span class='ocr_line' id='line_1_34' title="bbox 0 0 1530 4982; baseline 0 0"><span class='ocrx_word' id='word_1_257' title='bbox 0 0 1530 4982; x_wconf 95' lang='lat' dir='ltr'><strong> </strong></span> 
     </span>
    </p>
   </div>
  </div>
 </body>
</html>
