3050 4984
576 496 649 543 ms
674 482 822 544 secusne
1200 474 1262 544 327

124 616 199 709 quit
214 638 256 685 ex
271 615 394 685 retium
408 614 688 707 impossibilitatis,
710 638 769 685 seu
787 638 830 686 ex
848 640 887 686 eo
900 616 989 711 quod
1007 618 1200 689 Tridentino
1213 641 1268 711 sy-

125 722 235 793 nodus
249 724 331 793 huuc
347 724 394 791 eis
408 730 596 815 potestatem
612 723 757 792 conferre
774 747 842 793 non
854 726 1016 817 potnerit.
1032 726 1115 796 Nam
1135 726 1269 794 minime

126 840 289 923 repugnat
316 830 348 898 id
379 831 543 923 Episcopis
568 830 759 900 concessisse
788 832 995 901 Tridentiuos
1022 834 1153 918 Patres,
1179 834 1269 925 quod

126 938 249 1006 nedum
271 960 411 1029 prrsum
432 938 466 1005 in
486 960 521 1006 se
540 947 572 1005 et
594 938 768 1025 nocivum,
791 939 858 1007 imo
878 938 972 1007 uelde
996 940 1075 1007 utile
1097 939 1210 1007 multis
1234 940 1269 1007 iu

127 1046 257 1113 ensibus
283 1045 473 1137 concipitur.
505 1045 606 1137 Atqui
636 1066 749 1115 rovere
778 1045 941 1115 multoties
972 1045 1066 1116 vuido
1094 1046 1173 1113 utile
1201 1069 1271 1114 esse

127 1160 245 1242 potest,
266 1152 351 1219 utin
365 1151 538 1243 publicum
553 1152 650 1219 etium
671 1150 780 1219 clerici
794 1151 948 1219 delictum
963 1150 1271 1243 extre-judicialiter

128 1258 343 1327 animadverti
358 1268 467 1350 quest.
485 1258 643 1340 Quemvis
663 1258 751 1325 enim
775 1257 928 1327 delictum
946 1257 1014 1349 jem
1033 1259 1073 1325 sit
1090 1257 1177 1327 ieme
1192 1258 1271 1327 vul-

128 1374 254 1455 gatum,
277 1366 467 1456 contingere
484 1372 589 1456 potest
614 1364 724 1433 multis
744 1365 781 1433 in
794 1364 873 1432 locis
891 1374 929 1434 ut
947 1366 1136 1434 necessariis
1151 1363 1193 1433 ud
1217 1387 1273 1433 or-

129 1470 294 1541 dinarium
330 1494 518 1562 processum
552 1471 763 1541 formalitetes
797 1472 923 1540 serveri
954 1481 1115 1565 nequeant
1150 1472 1273 1563 ubsque

129 1580 267 1648 summis
289 1578 545 1667 difficultatibus,
569 1588 599 1647 et
622 1578 755 1670 majoris
781 1578 818 1646 in
841 1579 974 1669 regione
996 1580 1220 1648 commotionis
1243 1587 1277 1649 et

129 1687 272 1755 moduli
294 1686 449 1779 periculo.
474 1686 552 1772 Ubi,
578 1685 673 1754 verbi
697 1685 815 1775 gretie,
841 1694 956 1777 sponte
981 1709 1015 1753 se
1042 1688 1153 1755 sistere
1179 1694 1276 1756 testes

127 1801 289 1879 recusent,
317 1815 375 1861 nec
404 1794 504 1862 euriae
530 1792 702 1884 episcopali
730 1800 851 1884 presto
879 1801 928 1861 est
952 1793 1118 1863 secutoris
1143 1793 1273 1861 bruchii

129 1900 314 1979 auxilium
344 1900 396 1969 vel
423 1901 518 1969 etiam
548 1900 604 1967 ubi
631 1897 820 1991 parochiani
844 1900 885 1967 de
908 1898 1025 1969 clerico
1050 1899 1277 1991 suspendendo

129 2004 347 2075 diversimode
369 2006 525 2093 sentiunt,
543 2014 574 2074 et
593 2006 742 2073 imminet
761 2006 944 2098 periculum
960 2027 1001 2073 ne
1020 2007 1178 2098 oppositus
1201 2028 1278 2098 pur·

129 2120 177 2181 tes
202 2112 285 2181 odiis
313 2114 348 2181 io
374 2113 514 2181 invicem
544 2111 647 2203 magis
670 2112 705 2179 in
731 2111 800 2179 dies
828 2112 1056 2199 accenduntur,
1086 2135 1181 2182 nemo
1210 2136 1277 2185 uon

130 2220 219 2296 videt
252 2243 350 2313 quum
379 2220 469 2289 utilis
504 2242 573 2288 esse
606 2219 707 2310 possit
742 2218 1044 2311 extre-judicialiter
1080 2219 1277 2309 procedendi

131 2327 279 2396 incultus.

173 2433 268 2517 Quod
292 2432 473 2525 presertim
495 2432 589 2501 focile
609 2431 761 2501 concedet
783 2432 932 2523 quisquis
953 2440 1147 2523 presentem
1170 2432 1276 2501 eccle-

131 2540 254 2609 siarum
281 2538 417 2625 Gelliae,
449 2538 653 2630 aliarumque
684 2537 917 2606 nonnullorum
955 2537 1127 2627 regionum
1155 2545 1276 2609 statum

130 2656 249 2717 attente
286 2645 502 2739 perpenderit.
536 2646 644 2714 Potuit
673 2668 752 2735 ergo
785 2643 978 2713 Tridentino
1014 2642 1182 2735 synodus,
1216 2644 1276 2717 hes

132 2764 163 2823 et
184 2754 306 2823 similes
328 2752 532 2821 difficultates
556 2752 802 2843 introspiciens,
830 2750 913 2819 velle
938 2750 1024 2819 dictu
1050 2750 1201 2821 fucultete
1224 2754 1276 2822 iu·

132 2869 270 2932 structos
296 2860 480 2952 Episcopus.
512 2859 608 2930 Unde
633 2857 849 2950 expendendo
876 2858 1016 2950 quaestio
1043 2880 1111 2927 non
1141 2868 1206 2946 est,
1234 2884 1278 2931 en

132 2969 321 3039 Tridentino
344 2967 491 3059 synodus
517 2965 550 3034 id
577 2967 681 3035 fecere
705 2965 869 3057 potuerit;
897 2964 953 3033 sed
981 2965 1152 3035 dumtexet
1175 2989 1217 3037 sn
1243 2967 1280 3037 id

133 3100 246 3147 revere
273 3075 394 3145 iecerit.
425 3078 474 3144 Ao
500 3073 636 3166 proinde
664 3072 721 3166 qui
752 3072 873 3141 dictem
898 3071 1082 3141 facultatem
1110 3072 1280 3166 Episcopis

134 3182 305 3275 denegent,
320 3204 386 3251 non
402 3182 520 3251 debent
534 3182 673 3251 rationes
686 3204 762 3249 suus
776 3179 935 3249 deducere
949 3203 991 3249 ex
1008 3181 1277 3272 impossibilitate3

134 3290 188 3359 sed
208 3298 334 3359 tentum
350 3312 393 3359 ex
412 3297 502 3357 textu
517 3289 587 3381 ipso
603 3288 808 3375 Tridentino,
824 3295 856 3355 et
875 3310 918 3355 ex
932 3286 1077 3377 legitimo
1091 3288 1162 3381 ejus
1176 3290 1278 3359 inter·

135 3398 323 3489 pretatione.

176 3505 303 3587 Quibus
317 3502 517 3596 prenotatis,
534 3502 575 3571 ad
599 3501 746 3593 ipsorum
760 3510 969 3591 argumente,
986 3510 1083 3593 prout
1097 3523 1136 3569 ee
1155 3501 1278 3571 intelli-

134 3634 208 3701 gere
224 3612 328 3703 potui,
344 3610 471 3680 accedo.

174 3719 216 3788 II.
234 3718 387 3787 Rationes
398 3738 522 3799 eornm,
537 3716 596 3808 qui
605 3716 776 3809 Episcopis
783 3716 978 3806 fucultatem
993 3716 1155 3809 denepnnt
1165 3730 1277 3785 mero-

127 3824 335 3915 jodiciotiter
345 3825 473 3895 clericos
484 3822 709 3916 suspendendi,
724 3822 856 3915 quando
871 3822 1025 3892 delictum
1038 3824 1274 3915 crtpnblr‘cum.

132 3970 175 3989 -·
197 3937 228 4001 t⁰
245 3934 526 4023 Argumentsutur
540 3954 582 3999 ex
595 3930 666 4022 ipso
682 3930 872 4021 informato
884 3929 1086 3999 conscientie
1100 3930 1273 3999 locutione.

132 4042 223 4113 Tunc
247 4040 427 4130 dumtaxat,
452 4040 618 4133 inquiunt,
640 4038 704 4107 dici
724 4046 828 4131 potest
847 4038 1027 4130 Episcopus
1039 4060 1083 4107 cx
1100 4038 1276 4111 informato

134 4148 329 4219 conscientie
351 4148 539 4241 procedere,
563 4144 694 4238 quondo
719 4145 845 4215 crimen
865 4152 914 4213 est
937 4146 1111 4215 occultum.
1138 4143 1177 4213 Si
1199 4169 1277 4217 vero

133 4257 199 4347 jum
229 4276 340 4350 speres
366 4254 464 4325 fuerit
489 4253 530 4323 de
551 4252 667 4329 delicto
690 4252 793 4343 ieme,
822 4274 992 4350 perperam
1016 4251 1177 4322 diceretur
1199 4254 1278 4350 Epi-
