3050 4984
654 481 831 528 emensus
853 480 892 529 It!
913 479 1047 528 tumult.

684 822 829 894 CAPUT
853 821 1008 894 XXXIII.

277 1014 380 1062 nom
421 1014 546 1062 PII'IENIII
591 1015 848 1064 Pnonottmom
890 1019 1019 1066 'Imm
1062 1015 1251 1074 mmm,
1295 1014 1424 1071 ΙΛΙΟΙΙΒ

321 1123 505 1170 coactum
535 1123 596 1170 VIII.
633 1123 824 1191 nmmum,
856 1125 975 1173 mort
1009 1126 1029 1171 Δ
1062 1124 1275 1172 omnum
1310 1125 1424 1172 ssm-

321 1229 425 1277 unm.

324 1463 342 1504 a
359 1438 479 1506 Coram
493 1434 664 1506 renermdo
679 1439 736 1519 N.,
761 1437 890 1507 Vieario
905 1439 1063 1530 amati,
1079 1449 1247 1532 comparet
1265 1435 1424 1506 dominns

241 1561 244 1570 “
276 1545 334 1624 Ν.,
349 1555 509 1635 patronos
523 1541 651 1613 domini
670 1546 713 1616 N.
739 1545 799 1626 rei,
821 1558 853 1614 et
861 1545 950 1638 petit
958 1546 1140 1638 proroqori
1152 1544 1335 1614 terminum
1348 1557 1424 1612 octo

276 1649 416 1732 dierum,
429 1672 488 1720 suo
498 1649 684 1742 principali
698 1671 893 1734 concessam,
911 1675 1008 1744 quern
1031 1653 1131 1722 nimis
1147 1651 1274 1722 brevem
1286 1673 1366 1732 esse,
1384 1650 1426 1718 ob

275 1757 450 1825 nonnullos
479 1757 521 1825 ab
551 1779 587 1825 eo
604 1755 787 1848 productas
813 1758 966 1842 rationes,
984 1757 1162 1828 contendit.
1195 1761 1276 1842 Qua
1301 1757 1425 1849 petitio

276 1862 379 1932 eidem
401 1861 572 1933 reverendo
601 1863 728 1933 Vieorio
755 1865 903 1956 ymeroli
926 1865 1137 1935 rationabilis
1157 1865 1228 1934 viso
1249 1877 1315 1946 est‚·
1331 1887 1425 1956 qao-

271 1982 421 2064 propter,
445 1993 484 2040 ea
506 1970 535 2040 si
559 1981 590 2038 et
616 1971 650 2038 in
676 1983 839 2062 quantum
853 1984 1036 2066 acceptata,
1061 1972 1221 2066 precepit
1242 1973 1427 2064 proroqori

278 2078 454 2148 terminum
468 2076 515 2146 od
528 2077 611 2146 alios
632 2089 703 2147 octo
726 2077 805 2163 dies,
831 2079 1067 2173 computandos
1090 2078 1283 2149 immediate
1299 2102 1322 2146 a
1337 2092 1424 2147 tem·

272 2207 355 2280 pore
369 2196 439 2255 ooto
459 2184 587 2254 dieram
596 2185 694 2277 prim
708 2186 956 2278 assiqnotomm
977 2188 1141 2280 expirato.
1159 2189 1240 2257 Acta
1256 2199 1334 2256 stmt
1351 2186 1425 2255 Itaet

277 2291 384 2363 die
401 2292 518 2362 mensis
585 2292 706 2362 areni...
723 2331 768 2346 -
781 2296 855 2386 qu
868 2297 928 2378 N.,
954 2293 1425 2386 tornamento-1390

278 2401 336 2484 N.,
353 2399 533 2470 actuarius.
551 2424 569 2467 r
1517 2393 1518 2406 ¹

313 2543 357 2722 oSdi
381 2543 484 2635 judex
515 2543 778 2636 prorognIonem
805 2543 960 2637 deneget,
992 2544 1092 2615 een'bi
1119 2545 1239 2637 potent
1267 2545 1303 2614 in
1333 2543 1426 2614 hune

278 2673 312 2720 m
357 2673 441 2722 um:

326 2821 343 2860 o
361 2797 484 2864 Coram
559 2798 602 2888 (et
616 2797 742 2891 reliqna
756 2805 906 2889 utsupra
920 2818 1024 2888 usque
1039 2796 1081 2866 nd
1096 2818 1210 2866 vocem
1222 2793 1423 2884 contendit).

277 2903 441 2994 Praesetus
455 2925 531 2972 vero
545 2904 735 2973 reverendus
756 2903 903 2974 Vitorius
928 2904 1097 2995 qeneralis,
1115 2902 1320 2995 perpendens
1341 2925 1425 2972 ean-

276 3031 328 3078 sas
343 3009 502 3080 adductas
516 3032 584 3079 nort
608 3034 671 3080 esse
686 3011 864 3102 leqitimos,
882 3023 913 3078 et
933 3010 1129 3102 petitionem
1140 3011 1218 3102 fieri
1232 3022 1365 3079 tamum
1381 3009 1429 3078 ad

272 3115 507 3210 protelandam
514 3116 697 3209 judicium,
710 3116 921 3209 postulatam
937 3119 1210 3211 proroqatt'ooem
1232 3116 1427 3207 oneravit,-

277 3237 309 3294 et
318 3237 520 3317 protestatus
533 3238 579 3294 est
594 3223 724 3318 quodsi
738 3225 775 3293 in
797 3237 943 3316 tempore
956 3225 1123 3318 ossiqrtato
1139 3223 1336 3315 defensiones
1357 3246 1427 3292 non

270 3328 533 3426 premebamur,
550 3331 644 3399 nullo
662 3330 779 3399 habita
799 3330 929 3398 ratione
943 3330 1093 3413 illarum,
1111 3330 1159 3400 ad
1170 3330 1331 3399 ulteriora
1338 3353 1429 3420 pro·

277 3437 420 3507 eedetar.
438 3439 518 3506 Aeta
543 3449 618 3506 sunt
640 3436 710 3506 ine
732 3434 841 3506 die
860 3437 980 3505 mensis
1059 3460 1187 3506 armo...
1204 3475 1249 3489 -
1263 3437 1337 3526 qu
1363 3438 1424 3516 N.,

285 3545 431 3616 Vitarius
445 3543 616 3636 qeneralis.
633 3583 678 3596 -
692 3546 766 3634 Eoo
783 3545 842 3626 N.,
858 3543 1071 3613 actuarios.»
1115 3599 1119 3604 .

325 3681 361 3750 Si
380 3701 456 3749 reus
470 3679 522 3749 vel
539 3680 611 3770 ejus
633 3689 790 3770 patronus
812 3680 1075 3770 prorogationem
1097 3677 1279 3770 postulans,
1303 3678 1427 3748 velita

282 3787 493 3878 denegatione
506 3785 670 3879 appellare
684 3786 776 3877 (nem
789 3785 954 3878 appellare
965 3788 1094 3877 potest),
1105 3787 1225 3877 poterit
1235 3787 1307 3856 haee
1317 3785 1425 3856 Iorma

282 3895 456 3966 adhiberi:
1129 3918 1131 3923 ’

331 4058 348 4098 o
368 4027 420 4100 Ad
433 4049 505 4121 qua
517 4023 695 4119 pradictus
717 4049 909 4119 comparens
930 4027 1113 4119 replicavit,
1131 4049 1248 4096 comos
1262 4051 1285 4096 a
1306 4051 1339 4097 se
1363 4027 1427 4098 od-

283 4136 398 4208 doctas
414 4157 477 4206 esse
489 4134 664 4226 Ieyitimos,
683 4144 713 4202 et
728 4134 821 4204 raalio
836 4133 932 4206 modo
946 4136 1094 4205 inventas
1107 4133 1334 4227 adjudicium
1343 4159 1425 4228 pro·

285 4244 477 4328 telondom,·
487 4240 626 4335 proinde
641 4242 821 4335 appellavit
837 4241 883 4311 od
894 4266 975 4334 quos
997 4241 1128 4334 dejure
1141 4266 1163 4311 o
1172 4242 1338 4335 praedicta
1348 4267 1425 4314 sen-
