3050 4984
448 858 569 910 Formuls
584 856 718 910 sonnatius
734 856 874 910 deomtim
890 862 982 909 cosm
996 871 1073 910 rcum
1086 860 1279 912 contumacem.

335 1045 350 1080 o
374 1021 483 1104 Ipitur
505 1020 622 1104 clapsis
644 1019 747 1085 tribcts
767 1019 892 1099 diebus,
913 1037 976 1102 pro
993 1023 1212 1104 peremptorio
1243 1020 1388 1084 tammo
1411 1023 1440 1082 in

288 1130 431 1212 prusam
454 1129 607 1193 citatione
630 1129 818 1211 assipnatis,
848 1127 1044 1192 reuerendus
1062 1129 1119 1209 N„
1144 1129 1291 1195 Vicarius
1309 1147 1441 1212 persera-

291 1236 341 1314 iis,
358 1253 423 1320 pro
446 1235 605 1300 tribunali
627 1236 751 1314 sedens,
781 1235 851 1299 alto
876 1253 953 1300 uoce
975 1235 1054 1318 lepit
1078 1238 1273 1301 sententiam
1300 1235 1439 1316 demiti-

292 1361 380 1421 oam,
396 1360 469 1426 qua
482 1351 530 1406 est
541 1341 732 1425 bujusmodi
745 1361 757 1406 :

334 1475 348 1510 o
369 1450 448 1516 Visis
463 1458 493 1516 et
514 1449 725 1514 consideratis
748 1449 920 1532 dilipcnter
934 1450 1085 1514 omnibus
1105 1458 1137 1515 et
1154 1450 1293 1534 sinpulis
1312 1450 1439 1514 indiciis

291 1567 322 1621 et
333 1555 582 1641 probationibus
594 1573 705 1620 coram
719 1557 811 1620 nobis
820 1557 927 1637 sactis,
944 1559 979 1621 in
986 1575 1138 1640 processu
1149 1558 1313 1638 fabricato
1328 1567 1439 1620 contro

292 1665 460 1730 dominum
482 1663 651 1729 Antissam
671 1665 728 1741 N„
744 1664 984 1746 presbyterum,
1000 1665 1294 1748 diffamatum(sou
1313 1665 1438 1729 demm-

290 1776 420 1851 tiatum,
436 1791 493 1836 sou
507 1773 706 1853 accusatum)
722 1773 761 1835 de
782 1773 917 1836 crimine
929 1773 1001 1853 (sou
1019 1774 1223 1856 criminibus)
1237 1773 1278 1838 de
1290 1791 1360 1856 arco
1373 1775 1440 1855 (sou

291 1880 473 1965 dequibus)
490 1881 524 1942 in
545 1882 625 1944 actis
640 1901 650 1940 :
665 1885 789 1944 attento
803 1880 937 1963 insuper
951 1880 1042 1962 quod
1060 1881 1164 1946 dictus
1181 1880 1334 1946 Andreas
1347 1883 1382 1944 N
1384 1931 1406 1962 .,
1419 1903 1438 1945 a

292 1989 392 2060 Nobis
419 1987 527 2052 debita
551 1987 663 2068 forma
685 1989 902 2068 peremptorie
919 1989 1037 2052 citatus
1059 2007 1125 2052 non
1149 1993 1388 2072 comparuerit,
1411 1999 1440 2053 ct

290 2100 335 2164 sic
354 2097 389 2160 in
412 2095 649 2160 contumaciam
669 2093 843 2157 inciderit:
858 2095 963 2160 Deum
981 2096 1087 2159 solum
1102 2114 1174 2178 prce
1192 2097 1293 2161 oculis
1317 2097 1438 2162 babea-

292 2214 349 2282 tcs,
375 2220 438 2287 per
465 2201 550 2266 banc
574 2209 720 2266 nostram
747 2201 952 2281 definitivam
976 2206 1183 2282 sententiam,
1210 2223 1312 2287 quam
1336 2205 1438 2269 iubis

289 2312 418 2394 scriptis
440 2311 591 2391 ferimus,
621 2307 826 2373 declaramus
854 2318 885 2373 et
908 2313 1143 2374 sententiamus
1171 2313 1347 2376 domiuum
1375 2315 1438 2379 An·

293 2420 407 2485 dream
420 2417 476 2496 N„
492 2416 731 2500 presbyterum,
747 2435 813 2481 csse
827 2436 921 2482 reum
935 2418 1020 2498 (talis
1034 2424 1092 2482 aut
1105 2419 1220 2483 talium
1235 2420 1436 2500 delictorum,

290 2532 323 2593 ot
337 2529 381 2592 ihi
392 2527 462 2591 haeo
474 2525 588 2590 delicto
601 2525 835 2606 exprimantur)
854 2547 861 2587 :
878 2525 918 2590 de
932 2525 1048 2608 quibus
1062 2526 1184 2592 delictis
1190 2529 1258 2608 suit
1273 2530 1434 2609 suspicim-

292 2645 340 2701 ter
354 2634 526 2698 indiciotus
548 2634 583 2694 iu
603 2633 696 2711 actis,
717 2640 748 2695 ct
770 2650 843 2714 quae
864 2633 904 2696 ob
925 2634 996 2715 ejus
1016 2636 1258 2700 coretumaciam
1277 2637 1438 2701 umento

290 2741 428 2807 suntab
451 2743 519 2824 ipso
544 2741 700 2820 confessa.
726 2739 932 2823 Quapropter
961 2741 1083 2805 delictis
1103 2760 1218 2824 panas
1238 2762 1438 2808 commassa-

290 2859 411 2929 rantes,
431 2857 543 2915 contra
562 2847 742 2930 prasatum
763 2846 933 2911 Andream
959 2849 1000 2916 N.
1024 2851 1284 2932 pronuntiamus
1298 2871 1437 2935 poenam

291 2959 507 3042 suspensionis
521 2975 543 3019 a
565 2955 696 3049 dim'uis,
712 2971 769 3018 nec
782 2973 848 3019 non
869 2954 1076 3038 depositionis
1095 2957 1136 3022 ab
1159 2959 1274 3038 officiis
1290 2969 1325 3022 et
1347 2959 1438 3025 bene·

288 3068 371 3149 ficiis
395 3063 600 3149 quibuslibet,
625 3070 657 3126 et
678 3062 811 3127 tandem
834 3063 972 3144 majoris
1000 3066 1357 3130 excommnuicationis.
1388 3068 1438 3132 lta

292 3174 352 3240 boc
365 3181 397 3238 et
410 3172 501 3236 omni
512 3169 641 3235 meliori
660 3169 769 3233 modo.
791 3169 887 3248 Lata,
907 3169 990 3234 lecta
1012 3181 1042 3234 et
1062 3173 1230 3253 publicata
1240 3173 1309 3254 fuit
1332 3173 1387 3237 die

292 3283 410 3347 mensis
490 3297 613 3344 anno...
639 3311 679 3324 -·
698 3277 993 3342 Pronuntiauimus
1015 3287 1182 3363 utsupra.
1204 3314 1243 3329 -
1265 3281 1323 3361 N„
1351 3281 1438 3348 Vica-

293 3393 363 3455 rius
377 3387 550 3472 peneralis.
563 3421 604 3435 -
619 3386 675 3467 N„
691 3386 871 3450 actuarius.
888 3410 903 3443 o

720 3658 864 3729 CAPUT
886 3657 1009 3730 XXlV.

292 3849 397 3899 FORMA
419 3845 559 3894 missum
582 3843 704 3899 QUANDO
732 3842 808 3891 llEUS
830 3843 957 3890 EXCEPIT
980 3843 1099 3891 CONTRA
1129 3844 1257 3893 sumen
1288 3845 1438 3901 sanum

771 3951 953 3998 SUSPBCTUH.

336 4125 411 4194 lam
441 4142 540 4212 supra
563 4117 666 4210 capite
693 4121 711 4186 b
741 4117 893 4186 dedimus
915 4117 1095 4188 formulam
1118 4119 1221 4190 libelli
1243 4124 1431 4217 exceptorii,

293 4254 390 4326 quem
411 4226 577 4321 excipiens
594 4225 690 4296 debes
709 4224 811 4317 judici
827 4226 1014 4318 porrigerc5
1031 4237 1063 4296 et
1082 4228 1187 4319 capito
1210 4232 1246 4297 ll
1259 4299 1262 4305 ,
1275 4229 1431 4300 indicavi·
