3050 4984
194 486 196 489 ’
304 469 365 536 112
671 491 849 539 reserares
871 491 910 538 oa
932 491 1067 540 aaaron.

277 611 280 618 '
303 613 412 702 agitur
426 608 548 680 bacrio
559 612 757 702 exceptionis
765 612 977 684 criminaliter
988 614 1168 684 intentatae.
1181 612 1446 706 (Schmalagrue-

300 721 371 802 her,
386 719 480 808 ibid.)
997 721 1000 728 '

347 828 377 890 l.
391 823 426 892 Si
436 825 601 914 excipiens
611 825 868 916 prohetcrimen,
882 838 1047 895 aacnsator
1061 828 1210 896 veltestis
1222 837 1445 920 contraquam

301 933 423 999 crimen
444 930 524 998 illud
544 933 712 1022 probatur,
732 955 798 1002 nou
814 943 937 1002 tantum
960 935 1121 1002 removeri
1140 934 1233 1002 dccet
1252 937 1294 1004 ab
1312 960 1447 1006 accusa-

302 1039 388 1107 tione
411 1038 463 1107 vel
482 1038 717 1128 testificatione,
741 1040 915 1110 sedetiam
941 1042 1050 1132 puniri
1072 1063 1169 1133 prena
1184 1043 1288 1132 ajure
1308 1043 1357 1111 illi
1379 1045 1448 1112 cri-

302 1142 383 1209 mini
398 1149 533 1228 statuta,
554 1141 605 1212 vel
621 1143 649 1211 si
664 1142 755 1212 nulla
771 1143 844 1212 talis
857 1153 976 1214 statuta
990 1155 1050 1232 est,
1070 1146 1280 1216 condemnari
1295 1147 1336 1217 ad
1351 1149 1448 1219 arbi-

302 1249 435 1317 trarium
449 1247 657 1340 condignam.

348 1361 378 1424 5.
396 1357 433 1426 Si
452 1380 470 1424 e
487 1359 660 1426 contrusio
679 1359 855 1451 excipiens,
877 1359 999 1428 crimen
1018 1382 1083 1427 non
1099 1361 1224 1452 probet,
1242 1361 1337 1431 debet
1353 1386 1373 1432 a
1387 1365 1450 1456 ju-

301 1464 371 1533 dice
389 1486 447 1556 per
467 1463 639 1556 specialem
655 1466 846 1535 sententiam
865 1465 989 1535 absolvi
1006 1467 1074 1553 ille,
1093 1475 1323 1561 contraquam
1342 1469 1450 1540 delie-

301 1583 370 1640 tum
396 1570 624 1662 objiciebatur;
647 1572 835 1664 etquidem
861 1574 906 1641 ita
932 1582 969 1642 ut
991 1596 1090 1666 super
1111 1597 1149 1646 eo
1173 1576 1309 1646 cumina
1336 1578 1449 1649 denuo

301 1679 459 1764 accusari,
481 1677 576 1748 edam
595 1678 637 1747 ab
656 1679 732 1766 alio,
749 1700 818 1747 non
837 1679 979 1769 amplius
994 1682 1110 1771 possit;
1128 1692 1164 1750 ut
1179 1705 1254 1752 cum
1275 1687 1448 1754 communi

301 1789 470 1856 doctorum
485 1787 642 1856 sententia
655 1787 789 1857 adnotat
800 1785 1092 1877 Schmalzgrueber
1102 1790 1171 1879 (cit.
1189 1790 1285 1881 loco).

347 1897 378 1961 6.
398 1895 450 1961 An
470 1915 547 1962 vero
568 1893 635 1986 ipse
655 1893 820 1986 excipiens
839 1893 1063 1981 criminaliter,
1083 1905 1116 1964 at
1135 1895 1170 1965 iu
1191 1896 1359 1988 probando
1377 1899 1449 1968 cri-

302 2001 389 2070 mine
413 1999 575 2086 deficiens,
601 2001 713 2092 puniri
734 2000 849 2068 debeat
867 2008 1023 2092 tanquam
1047 2001 1274 2090 calumniator,
1296 2014 1395 2096 prout
1415 2007 1447 2075 si

302 2107 465 2200 perviam
486 2107 697 2176 accusationis
716 2111 887 2198 ageraton
906 2146 950 2160 -
970 2108 1198 2200 Respondetur
1219 2111 1380 2200 negative.
1404 2112 1449 2180 Et

302 2215 363 2284 hoc
377 2213 471 2284 valde
490 2213 624 2282 notabili
643 2214 834 2283 discrimine
849 2213 957 2283 differt
972 2215 1119 2306 exceptio
1136 2215 1352 2286 criminaliter
1366 2240 1449 2309 pro-

301 2324 416 2416 posita,
444 2343 573 2390 amera
591 2323 804 2391 accusatione.
832 2320 1046 2391 Concluditur
1067 2330 1176 2390 autem
1189 2322 1250 2392 hoa
1267 2324 1447 2395 discrimen

301 2428 427 2518 exlege
442 2427 483 2495 Si
495 2425 684 2494 adulterum
695 2429 762 2516 (38,
778 2426 813 2496 ff.
825 2425 865 2495 dc
874 2427 1019 2516 Adalt.),
1029 2428 1136 2519 quoad
1145 2428 1206 2498 hoc
1215 2429 1250 2497 iu
1262 2430 1447 2500 foroeccle-

301 2535 428 2604 siastico
453 2540 592 2626 recepta,
610 2533 644 2601 iu
668 2555 734 2625 qua
755 2533 841 2601 dicta
859 2532 945 2625 juris
965 2533 1133 2625 dispositio
1153 2536 1316 2627 reperitur
1334 2538 1448 2628 quoad

300 2639 511 2710 criminaliter
537 2639 764 2732 excipientem,
791 2648 823 2708 et
841 2639 876 2708 in
904 2639 1073 2731 probando
1101 2640 1315 2711 deficientem.
1348 2643 1449 2714 Ratio

300 2757 409 2818 autem
426 2746 498 2814 talis
510 2745 730 2838 dispositionis
741 2755 804 2834 cst,
815 2746 906 2837 qaod
916 2745 1069 2838 parcitur
1082 2761 1235 2818 accusato
1250 2751 1311 2842 qui
1320 2773 1450 2843 prouo-

301 2868 393 2923 catus
414 2865 470 2921 est.
497 2851 597 2940 (Vide
626 2852 795 2923 laudatum
824 2851 1129 2943 Schmalagruehcr,
1150 2856 1185 2924 iu
1211 2856 1261 2925 tit.
1287 2861 1319 2943 l,
1340 2857 1400 2926 lib.
1429 2864 1449 2925 t

303 2961 444 3048 Deera„
461 2982 495 3028 u.
514 2961 605 3052 tto.)

827 3201 848 3295 s
870 3203 928 3276 iv.

625 3381 721 3432 Norma
736 3383 822 3446 quom
838 3382 1115 3450 quasiexccptionem.

346 3593 687 3694 Quasi-exceptionem
706 3624 807 3693 supra
824 3602 1026 3690 vocavimus,
1051 3622 1122 3671 eam
1143 3622 1232 3696 quta,
1260 3624 1326 3672 nou
1348 3625 1370 3670 a
1392 3624 1454 3672 reo

302 3709 509 3803 proponitur,
536 3707 592 3776 sed
614 3731 634 3776 a
654 3708 798 3798 qualibet
820 3709 884 3777 clia
903 3731 1052 3800 persona,
1075 3708 1117 3776 ad
1138 3707 1382 3799 impediendum
1406 3733 1454 3780 ne

302 3817 459 3906 indignus
480 3813 521 3882 ad
542 3813 749 3905 praelaturam
771 3814 1003 3904 dignitatemve
1025 3826 1081 3884 aut
1100 3815 1294 3885 beneficium
1313 3838 1453 3908 promo·

304 3931 428 3990 veatur.
445 3920 492 3989 Da
505 3943 542 3989 ca
556 3929 665 3988 autem
680 3923 728 3988 sic
739 3920 881 3991 decrevit
895 3923 1102 3992 Innocentius
1114 3921 1160 3990 Ill
1176 3950 1184 3992 ε
1204 3925 1290 3992 Cum
1302 3927 1455 4015 opponi·-

304 4043 359 4097 tar·
372 4041 409 4096 ut
431 4027 504 4118 qais
517 4050 538 4094 a
549 4027 758 4118 promotione
773 4029 871 4120 officii
883 4031 935 4098 ccl
950 4028 1094 4120 beneficii
1106 4029 1309 4112 excludatur,
1326 4032 1456 4102 siartte

303 4134 584 4225 confirmationem
612 4133 779 4225 objicitur,
809 4159 875 4205 non
904 4137 1032 4227 copitar
1059 4138 1231 4229 quisquam
1258 4138 1454 4223 ducmberm·

306 4243 384 4332 qnia
399 4240 521 4310 crimen
538 4241 599 4309 troc
615 4241 712 4310 modo
727 4243 921 4334 probatam,
944 4242 1082 4335 impedit
1098 4245 1372 4334 promovendam,
1392 4249 1457 4318 sed
