3050 4984
306 502 369 565 3⁴0
679 518 854 565 raimerus
875 520 914 564 na
936 518 1070 565 motura.

302 640 432 709 diciaies
447 639 677 729 pronuntiatis,
694 640 880 709 decernitur
897 663 952 709 eas
967 661 1033 709 non
1055 640 1125 707 tore
1150 636 1357 731 appellationi
1380 636 1446 704 ob-

303 749 428 817 noxias.
446 746 644 817 Addidimus
668 758 777 816 autem
800 747 898 816 modo
918 747 1101 840 Episcopus
1114 747 1279 839 aprima
1300 766 1446 835 sceqere

302 858 412 945 oiqorc
425 855 506 923 dicti
519 854 639 924 decreti
653 854 856 924 Tridentini·
843 855 947 947 ‚quia
959 853 1152 944 alioquinf
1127 876 1154 921 ιι
1171 854 1292 921 formas
1303 852 1446 943 judicia·
1512 867 1513 902 ³

300 962 348 1032 les
360 962 523 1047 adhibeat,
538 964 723 1033 censebitur
737 964 925 1032 voluisse'
892 985 948 1031 vra
962 962 1132 1032 ordinaria
1152 962 1338 1052 procedere,
1352 958 1446 1027 unde

300 1071 404 1162 ipsius
426 1070 585 1160 judicium
611 1070 823 1163 appellationi
847 1070 1029 1140 obnoxium
1051 1070 1126 1156 erit,
1150 1068 1338 1159 oremusque
1356 1066 1447 1156 juris

299 1176 478 1263 effectibus,
506 1178 563 1268 qui
588 1177 752 1247 ordinaria
776 1178 900 1269 judicia
923 1176 1114 1268 respiciunt.
1133 1174 1170 1244 Si
1198 1197 1277 1264 ergo
1295 1172 1448 1240 intendat

297 1283 488 1375 Episcopus,
506 1284 602 1351 alicui
618 1307 790 1353 ascensum
805 1284 845 1353 ad
860 1306 969 1353 sacros
982 1282 1115 1350 ordines
1129 1279 1337 1365 interdicens,
1353 1278 1411 1346 vel
1426 1300 1447 1346 a

299 1390 454 1481 susceptis
469 1389 642 1459 ordinibus
655 1414 731 1460 eum
747 1390 961 1482 suspendens,
978 1413 1020 1459 nc
1037 1414 1099 1458 sua
1112 1390 1272 1458 sententia
1285 1386 1386 1479 possit
1402 1384 1446 1453 ad

300 1498 443 1565 tribunal
456 1496 706 1589 Metropoliteni,
722 1499 904 1567 aliorumve
918 1498 1136 1591 superiorum,
1153 1518 1212 1588 per
1226 1496 1312 1563 viam
1327 1494 1448 1585 appel·

301 1604 430 1671 lationis
445 1604 578 1691 deferri,
593 1615 690 1697 atque
705 1605 746 1673 ab
760 1605 800 1673 iis
816 1606 952 1688 irritari,
969 1604 1024 1673 vel
1042 1603 1213 1696 judiciales
1234 1601 1448 1671 formalitates

302 1714 429 1781 omittat
442 1712 589 1797 omnino,
618 1710 669 1779 vel
698 1734 851 1802 expresse
877 1712 1018 1781 declaret
1033 1736 1068 1780 se
1092 1714 1206 1801 vigore
1230 1709 1308 1778 dicti
1323 1706 1447 1776 decreti

303 1820 510 1888 sententiare.

347 1926 505 2018 Exposita
532 1932 639 1995 autem
669 1924 859 2016 hujusmodi
879 1926 1069 2018 episcopatis
1085 1928 1249 2017 potestatis
1264 1924 1450 1992 extorsione

302 2035 343 2103 ad
359 2033 540 2123 praecipuos
554 2054 648 2101 casus
660 2035 717 2123 qui
733 2030 959 2101 difficultatem
971 2033 1077 2102 iacere
1092 2041 1235 2124 possent,
1252 2039 1399 2100 remanet
1410 2040 1449 2097 ut

301 2140 341 2208 de
356 2138 501 2230 ejusdem
517 2141 683 2229 potestatis
698 2138 859 2207 limitibus
873 2139 1090 2231 inquiramus.

769 2416 912 2487 CAPUT
936 2417 993 2487 lv.

337 2612 528 2675 rornsrarrs,
552 2610 638 2665 onan
661 2610 783 2655 usnam
806 2610 935 2656 arrscorr
958 2612 1000 2657 ax
1024 2612 1201 2658 ιιιιοιιιιιι
1223 2610 1420 2656 musarum

577 2716 777 2780 rnocunasm,
804 2718 925 2762 nrumrs
946 2718 1175 2764 assumamur.

356 2883 477 2951 Sedulo
486 2882 617 2974 quidem
635 2882 789 2951 vitandus
802 2890 851 2950 est
863 2902 978 2950 eorum
992 2904 1097 2968 error,
1113 2883 1171 2973 qui
1187 2881 1356 2973 praefatam
1369 2881 1450 2971 Epi·

312 3011 482 3081 scoporum
499 2997 700 3079 potestatem,
717 2998 774 3057 aut
790 2988 923 3057 omnino
938 2992 1088 3079 rejectam
1113 2988 1258 3076 voluere,
1274 2998 1331 3057 aut
1356 2987 1453 3055 inde-

310 3094 375 3161 bite
390 3095 589 3179 restrictam
619 3103 653 3161 at
682 3117 747 3163 non
775 3094 894 3163 minori
920 3117 1000 3163 cura
1027 3094 1255 3163 declinandum
1280 3094 1322 3163 ab
1339 3116 1453 3162 errore

311 3201 568 3292 contrarioque
593 3200 712 3267 scilicet
740 3200 853 3269 cadem
881 3210 1021 3291 potestas
1042 3202 1182 3269 nimium
1207 3200 1451 3286 extenderetur,

312 3308 421 3399 sicque
436 3308 477 3377 ad
493 3308 695 3377 attentandos
710 3318 800 3376 actus
815 3308 925 3376 irritos
942 3318 1040 3402 atque
1055 3310 1185 3401 iniquos
1199 3319 1319 3377 temere
1334 3309 1455 3399 impel-

310 3414 441 3483 leretur.
460 3416 664 3506 Quamquam
678 3423 790 3482 autem
804 3416 909 3484 ardua
924 3438 975 3484 res
990 3424 1051 3501 est,
1067 3438 1160 3485 veros
1174 3416 1306 3502 limites,
1318 3414 1376 3507 qui
1392 3438 1454 3483 ex·

313 3522 382 3589 cedi
409 3544 474 3590 non
500 3522 650 3607 debeant,
675 3520 858 3611 prefigere,
892 3546 950 3614 pro
978 3521 1111 3590 modulo
1137 3532 1248 3590 tamen
1274 3530 1388 3589 nostro
1419 3521 1454 3588 id

314 3640 468 3720 prestare
481 3626 677 3695 tentabimus
686 3655 695 3713 ;
724 3630 946 3721 superioribus
961 3628 1085 3697 interea
1103 3627 1333 3719 corrigendum
1350 3629 1456 3696 retin-

310 3745 457 3829 queutes‚
471 3738 497 3801 si
513 3734 592 3825 quid
610 3735 716 3803 minus
729 3744 815 3803 reete
829 3736 951 3804 dictum
967 3736 1134 3803 exciderit.

356 3844 521 3912 Lrurrsrro
534 3840 575 3907 1⁸.
587 3878 631 3893 -
642 3840 738 3909 Dicta
741 3854 889 3933 potestas
900 3854 971 3911 tota
980 3841 1183 3911 concluditur
1196 3843 1231 3911 in
1242 3842 1294 3911 dis
1307 3842 1456 3912 duobcm

315 3948 503 4019 interdicere
517 3970 683 4017 ascensum
694 3947 741 4017 cd
753 3971 861 4017 sacrm
875 3949 1022 4033 ordincs,·
1037 3962 1069 4019 ct
1079 3948 1271 4041 mspmdcre
1285 3951 1328 4018 ab
1340 3950 1457 4018 iisdem

315 4056 492 4135 arctioribus,
510 4076 633 4123 necnon
648 4078 669 4120 a
686 4053 912 4145 diqnitatibro,
930 4057 1055 4148 officiis,
1065 4055 1223 4148 qrcdibus
1237 4070 1269 4124 ct
1279 4056 1458 4124 bonoribus

315 4164 540 4232 ecclesiasticis.
559 4198 603 4214 -·
616 4160 778 4229 Probatur
789 4184 830 4229 cx
845 4162 914 4253 ipso
924 4164 1121 4233 Tridentino
1133 4171 1236 4231 textu.
1250 4164 1288 4231 In
1301 4186 1340 4231 eo
1354 4162 1455 4247 enim,

315 4281 434 4365 praetcr
460 4271 524 4338 duo
551 4270 723 4361 assignata,
751 4268 834 4335 nihil
861 4271 1020 4359 reperitur
1047 4270 1216 4361 Episcopis
1249 4292 1454 4339 conoessum.
