3050 4984
532 489 606 538 enus
633 489 777 538 secunus.
1157 471 1218 537 563

78 606 117 788 ᾧ
128 611 165 682 Si
179 619 289 683 eutem
305 631 402 684 ceusu
419 613 629 684 recusationis
641 613 740 684 inerit
752 611 887 705 prebete
900 611 1014 683 sillem
1028 612 1218 707 semiplene,

107 719 211 790 'estur
228 747 236 789 :

127 889 143 922 α
164 865 205 930 ln
215 867 357 944 nomine,
370 873 428 930 etc.
445 866 494 948 (nt
506 885 603 949 supra
616 883 720 948 usque
732 866 774 930 ud
786 865 884 931 verbe
897 865 1058 949 dicimus).
1074 867 1220 932 Dicimus

78 971 273 1054 sufficienter
292 983 438 1039 constare
460 973 499 1038 de
521 992 621 1038 causo
640 981 770 1038 assertae
795 975 1018 1053 recusationis,
1039 981 1134 1056 puta,
1158 981 1218 1042 etc.

78 1079 226 1146 Proinde
250 1083 481 1146 sententiamus
496 1081 689 1165 predictam
707 1083 954 1160 recusationem,
979 1088 1088 1164 utpote
1114 1081 1220 1164 lepitt-

79 1207 175 1253 mam
190 1191 224 1253 in
237 1193 328 1274 jure,
343 1199 375 1256 et
395 1191 429 1254 in
446 1191 546 1273 sacto,
560 1193 714 1256 sustineri
715 1210 729 1273 ;
743 1191 944 1274 dicimusque
959 1189 1153 1273 predictum
1166 1207 1220 1253 re-

78 1295 260 1361 verendum
278 1297 335 1377 N„
362 1297 529 1365 Vicarium
547 1299 742 1382 peneralem,
759 1299 906 1382 judicem
928 1297 1146 1377 ordinarium,
1163 1296 1220 1361 de-

80 1401 157 1468 here
170 1403 329 1470 abstinere
347 1425 368 1468 a
379 1409 598 1490 prosecutione
614 1406 693 1482 (sive
716 1407 756 1470 ab
777 1407 969 1490 inceptione)
982 1424 1088 1472 cause
1108 1414 1222 1470 contra

79 1513 253 1578 dominum
267 1513 309 1583 N.
324 1523 525 1580 recusantem
543 1524 656 1596 mote;
670 1524 701 1579 et
713 1517 817 1580 teneri
828 1533 901 1579 eam
915 1515 963 1579 ad
972 1516 1153 1598 superiores
1169 1533 1221 1580 re-

72 1623 194 1705 jicere,
205 1624 273 1688 sive
286 1622 389 1688 alium
398 1623 544 1708 judicem
558 1643 623 1688 non
644 1631 839 1706 suspectum,
854 1623 894 1687 de
910 1639 1063 1687 consensu
1077 1624 1221 1705 ejusdem

81 1729 213 1795 dornini
228 1735 416 1814 renuentis,
437 1733 484 1796 ad
502 1751 637 1797 causam
659 1739 876 1797 memoratam
895 1729 1056 1812 conpare.
1077 1731 1130 1797 Ita
1148 1752 1224 1816 pro-

80 1841 309 1906 nuntiavimus
331 1887 378 1920 ...,
394 1849 451 1906 ete.
468 1866 483 1897 n

516 2037 659 2110 CAPUT
681 2035 789 2108 XXV.

80 2230 187 2278 nonus
209 2231 361 2297 rutenos,
385 2231 507 2286 numne
529 2231 605 2278 unus
627 2231 754 2282 uxenur
775 2230 893 2278 consus
917 2229 1144 2297 sccussuonuu,
1161 2231 1221 2278 vnn

435 2327 554 2388 cossus
575 2339 712 2395 suinuun
733 2340 863 2390 rusum.

126 2509 202 2578 lam
215 2530 314 2602 snpra
326 2508 429 2600 cupite
441 2513 458 2576 t
472 2507 683 2578 exhibuimus
698 2507 877 2578 formulum
889 2505 1003 2593 libelli,
1019 2529 1118 2598 quem
1133 2508 1222 2575 enci·

82 2616 176 2708 piens
190 2615 284 2686 debet
299 2614 403 2708 judici
418 2615 603 2707 porrigere3
623 2623 655 2684 et
672 2615 777 2708 capite
801 2613 1052 2685 tiudiouvimus
1071 2636 1222 2684 normam

80 2722 258 2815 incipiendi
276 2723 358 2792 etin
371 2723 450 2792 sotis
468 2721 670 2792 describendi
685 2720 847 2813 ejusmodi
865 2742 1034 2814 processus
1049 2721 1222 2812 exceptivi.

81 2830 241 2899 Remnnet
255 2838 292 2899 ut
307 2829 360 2899 hic
374 2830 542 2900 trudemus
567 2829 730 2922 quomodo
749 2827 837 2898 idem
851 2850 1020 2921 processus
1035 2827 1223 2919 exceptivus

81 2937 321 3007 continuandus
336 2937 378 3005 sit
387 2945 419 3006 et
434 2936 689 3007 concludendus.

619 3151 686 3243 s1·

366 3325 458 3377 Forma
471 3323 639 3376 continuandi
653 3336 790 3388 processus
803 3322 941 3388 exceptivi.

127 3487 243 3552 Ultima
263 3488 362 3553 verbe
381 3487 527 3552 lormulae
541 3487 643 3570 capite
656 3493 676 3552 9
688 3485 834 3549 indicotae
848 3489 940 3548 erent
958 3483 1027 3548 haec
1042 3505 1050 3546 :
1064 3486 1222 3554 Reueren-

86 3593 149 3658 dus
161 3603 270 3659 autem
295 3593 442 3660 Vicarius
461 3593 622 3678 peneraiis
636 3593 732 3671 aicit,
750 3610 783 3656 se
805 3593 949 3659 libellum
969 3604 1135 3678 acceptare
1152 3597 1183 3659 si
1195 3605 1226 3660 et

85 3705 122 3766 in
143 3709 314 3785 quantum,
334 3710 365 3767 et
377 3710 479 3784 prout
495 3701 534 3766 de
545 3700 623 3783 jure
639 3717 878 3783 processurum.
893 3703 976 3768 Actu
998 3715 1075 3770 snm
1094 3705 1224 3772 laen...

83 3809 307 3902 Prosequotuc
319 3811 482 3880 actuarius
493 3810 545 3878 his
557 3809 678 3898 verbis,
693 3810 814 3901 quibus
829 3812 932 3881 simul
940 3813 1051 3905 patefit
1061 3812 1141 3905 qnid
1154 3814 1225 3882 fieri

85 3917 201 3986 debent
220 3945 227 3986 :

130 4077 144 4112 o
171 4052 407 4136 consequenter
435 4051 522 4116 idem
544 4050 739 4114 reuerendus
771 4050 918 4118 Viearius
935 4055 1096 4138 peneralis
1114 4057 1229 4121 citavit

85 4160 312 4242 supradictum
327 4161 498 4224 dominum
509 4158 566 4238 N,
582 4161 642 4243 qui
651 4157 833 4242 prefatum
848 4160 992 4226 libellum
1009 4167 1228 4247 receptorium

87 4277 199 4334 contra
220 4269 391 4332 dominum
414 4267 454 4336 N.
470 4269 693 4350 presentavit,
718 4275 748 4330 et
765 4269 867 4348 jussit
886 4277 925 4332 ut
942 4281 1140 4350 crpumenta
1155 4293 1230 4357 pro
