3050 4984
523 506 599 554 raas
622 506 772 553 smuuoa.
1157 490 1220 554 269

82 644 95 681 a
127 616 237 709 judice
255 616 302 687 od
321 640 419 711 quem
440 618 467 687 si
490 619 590 710 hujus
612 618 707 709 eopia
732 615 845 684 haberi
868 616 982 707 possit.
1005 616 1042 686 Si
1062 640 1141 688 vero
1162 642 1222 687 nee

84 724 217 815 «hujus
245 725 338 817 eopia
374 724 485 793 haberi
514 731 629 816 potest,
667 721 824 813 appellari
860 729 965 814 potest
998 744 1106 792 eoram
1143 725 1223 795 viris

85 858 98 895 a
121 832 285 919 honestis;
303 832 355 901 vel
375 834 471 901 etiam
493 854 561 901 arno
580 830 730 917 honesto,
751 827 907 897 adhibitis
928 831 1080 918 testibus3
1097 833 1148 901 vel
1168 856 1224 901 eo-

84 966 97 1003 «
122 962 191 1007 ram
217 940 356 1027 nobrio,
381 940 450 1031 qui,
478 939 615 1007 testibus
635 936 803 1024 adhibitis,
825 936 975 1005 conficiet
994 959 1151 1029 supereo
1171 940 1223 1008 in·

86 1072 99 1109 a
122 1055 353 1134 strumentum,
382 1046 470 1139 quod
498 1046 656 1114 nimirum
679 1066 789 1112 eoram
813 1044 884 1135 ipso
906 1045 1104 1135 appellatum
1126 1046 1225 1116 faerit

87 1179 100 1217 a
124 1153 157 1219 in
178 1154 350 1244 praesentia
376 1154 490 1221 talium
519 1152 663 1221 testium.
693 1151 843 1221 Sumitur
865 1173 907 1218 ex
931 1173 1054 1220 esnone
1076 1152 1225 1222 Biduum

87 1287 99 1325 a
127 1262 193 1351 (29,
209 1285 314 1331 oausae
335 1266 368 1349 2,
384 1286 416 1353 q.
442 1262 490 1351 b),
512 1269 543 1329 et
563 1259 634 1350 lege
648 1260 689 1329 Si
707 1258 842 1350 quidem
860 1261 927 1351 (10,
944 1260 978 1327 n.
1005 1260 1147 1343 mondo
1163 1285 1226 1353 op-

87 1368 293 1459 apellata).

128 1500 144 1541 s
159 1476 223 1545 Ubi
239 1485 349 1545 tamen
362 1477 427 1545 duo
444 1484 520 1545 sunt
533 1473 731 1545 advertenda
746 1497 869 1543 :mmm
883 1484 944 1561 est,
963 1484 998 1543 ut
1011 1476 1038 1544 si
1053 1477 1225 1569 appellatio

89 1612 102 1645 l
124 1583 180 1650 fiat
199 1584 234 1651 in
255 1584 399 1652 absentia
413 1583 533 1675 judicis
549 1606 571 1649 a
587 1606 664 1673 quo,
691 1584 759 1651 haee
782 1589 892 1673 postea
911 1581 1016 1651 eidem
1037 1584 1221 1672 intimetur,

89 1716 103 1754 t
126 1690 190 1757 nisi
208 1691 261 1759 vel
282 1690 413 1759 aliunde
433 1691 502 1782 jam
525 1690 641 1757 notitia
660 1690 749 1758 illins
768 1688 810 1756 ad
831 1688 940 1781 ipsum
960 1690 1157 1780 pervenerit,
1174 1692 1227 1759 vel

90 1824 104 1861 a
127 1797 213 1865 idem
231 1806 336 1866 metus
351 1798 409 1889 qui
423 1797 598 1867 excusabat
612 1798 654 1865 ab
671 1795 916 1887 interpositione
929 1796 1153 1887 appellationis
1168 1822 1224 1867 eo·

91 1926 195 1973 aram
217 1904 377 1996 ejusmodi
400 1904 521 1996 judice,
543 1904 641 1972 etiam
668 1914 801 1971 excuset
825 1903 866 1970 ab
893 1902 1095 1973 intimatione
1119 1927 1228 1974 eoram

91 2037 105 2073 ι(
126 2012 239 2080 eodern
253 2010 410 2080 facienda.
438 2011 597 2091 Alterum,
616 2017 664 2095 ut,
683 2021 760 2077 casn
779 2031 845 2101 quo
860 2031 935 2101 pars
950 2009 1161 2101 appellaverit
1182 2014 1227 2101 (in

90 2144 105 2181 u
127 2118 272 2186 absentia
294 2118 465 2211 utriusque
486 2117 618 2209 judicis)
641 2137 749 2187 eoram
767 2116 906 2201 notario,
924 2115 977 2183 vel
989 2116 1055 2185 alio
1074 2118 1146 2186 viro
1164 2118 1229 2187 ho-

91 2254 105 2289 «
129 2236 230 2313 nesto,
252 2247 361 2294 eoram
383 2224 498 2293 iisdem
521 2231 728 2316 protestetur,
751 2222 839 2315 quod
861 2244 971 2291 eoram
990 2222 1099 2313 jndice
1115 2248 1136 2291 n
1149 2249 1225 2317 quo,

92 2362 106 2396 a
129 2332 179 2401 vel
194 2330 241 2400 od
258 2354 355 2424 quem
370 2331 573 2423 appellasset,
593 2331 620 2398 si
640 2330 828 2398 alterutrius
849 2330 956 2419 eopia,
978 2352 1036 2397 seu
1056 2333 1229 2421 presentia

92 2465 107 2501 r
128 2438 296 2509 commode
311 2437 423 2505 haberi
436 2436 602 2529 potuisset.
621 2459 638 2499 a
658 2435 973 2528 (Sehmalzgrueher,
997 2437 1032 2503 in
1048 2438 1097 2504 tit.
1114 2441 1170 2525 28,
1185 2439 1228 2507 li-

89 2544 136 2612 bri
150 2549 169 2611 2
184 2545 325 2632 Decret,
341 2567 375 2612 n.
396 2545 463 2635 43.)

131 2654 163 2717 3⁰
183 2651 269 2734 Quid
289 2650 453 2741 agendum
475 2673 550 2719 oasu
572 2672 637 2741 quo
657 2650 862 2737 sententiam,
879 2672 978 2741 aqua
997 2651 1227 2742 appellandum

90 2768 144 2844 est,
164 2780 231 2826 non
253 2781 351 2845 unus,
375 2756 431 2824 sed
452 2758 562 2847 plores
581 2756 708 2847 judices
727 2756 883 2825 tulerint‘l
896 2794 940 2807 -
963 2783 980 2820 a
1007 2756 1225 2847 Respondeo:

93 2890 108 2929 a
130 2872 207 2932 tune
217 2886 327 2933 coram
343 2863 498 2932 omnibus
513 2863 611 2933 sirnul
627 2864 832 2953 congregatis
847 2864 1020 2957 appellatio
1035 2865 1106 2931 lieri
1120 2865 1226 2934 dehet.

95 2996 108 3033 a
129 2970 163 3039 Si
188 2994 267 3040 vero
288 2970 437 3039 omnium
459 2970 551 3061 eopia
573 2970 671 3037 simul
688 2970 800 3038 haberi
815 2969 909 3037 facile
928 2970 1052 3062 nequit,
1074 2972 1230 3063 appellari

95 3086 234 3169 «potest
260 3100 368 3147 eoram
396 3076 535 3166 singulis
563 3079 748 3167 separatim,
775 3076 827 3145 vel
853 3098 962 3145 coram
989 3078 1111 3169 majore
1140 3090 1230 3171 parte
1357 3077 1361 3086 '

95 3210 110 3247 a
131 3208 262 3271 eorum3
278 3194 309 3253 et
328 3194 405 3253 tuna
424 3183 544 3252 valebit
563 3183 746 3275 appellatio,
768 3207 806 3251 ae
826 3184 853 3251 si
877 3206 986 3251 eoram
1005 3186 1158 3253 omnibns
1174 3187 1231 3278 ju-

96 3318 111 3355 o
132 3292 257 3361 dinibus
271 3290 485 3386 presentibus
506 3290 621 3359 luisset
641 3290 839 3381 appellatum
858 3290 1064 3381 (clementina
1083 3293 1125 3360 Si
1138 3316 1160 3360 α
1169 3296 1232 3385 ju-

97 3426 112 3463 o
134 3400 256 3469 dieihus
273 3404 303 3487 t,
319 3398 359 3468 de
371 3398 678 3491 Appellatiom'dus).
695 3396 791 3468 Ratio
807 3406 855 3466 est
869 3398 947 3490 quia
961 3398 1041 3467 alias
1056 3422 1143 3493 saepe
1167 3426 1232 3471 non

97 3532 111 3569 a
134 3518 240 3599 posset
252 3507 323 3577 fieri
346 3507 519 3599 appellatio
541 3506 628 3573 intra
644 3510 683 3571 10
704 3503 774 3572 dies
788 3527 808 3573 a
823 3504 898 3594 jure
914 3525 1120 3575 conoessos...
1139 3508 1232 3591 Quod

98 3640 111 3677 o
135 3615 161 3683 si
181 3615 312 3708 majoris
327 3613 430 3705 partis
441 3612 592 3704 judicum
609 3612 785 3704 praesentia
798 3611 910 3679 haberi
929 3620 1081 3703 nequeat,
1096 3614 1233 3683 sufficiet

99 3744 114 3783 a
137 3721 296 3814 appellare
316 3742 425 3789 eoram
445 3741 496 3806 eo,
514 3720 565 3788 vel
580 3718 632 3805 iis,
655 3718 747 3809 cujus
770 3718 821 3786 vel
843 3740 986 3809 quorum
1005 3721 1099 3810 eopia
1121 3719 1232 3789 haberi

100 3852 115 3890 a
137 3836 248 3919 potest.
269 3828 304 3898 Si
320 3828 430 3896 nullus
444 3850 485 3895 ex
501 3827 548 3894 eis
569 3846 713 3918 praesens
727 3825 864 3915 reperiri
878 3826 989 3915 possit,
1004 3826 1233 3917 appellandam

101 3960 116 3997 a
138 3936 197 4003 erit
214 3958 323 4004 coram
344 3934 454 4027 judice
476 3932 523 4002 ad
537 3956 645 4025 quem.
663 3932 701 4000 Si
717 3953 795 3999 vero
815 3954 920 4023 neque
941 3933 1034 4000 istius
1053 3936 1152 4024 possit
1175 3939 1232 4003 ha-

102 4066 117 4103 «
139 4042 206 4111 beri
220 4044 325 4135 eopia,
347 4041 562 4134 appellabitur
580 4061 689 4108 coram
710 4039 854 4107 honestis
871 4040 1031 4131 personis,
1053 4049 1089 4109 ut
1110 4041 1233 4112 dietum

103 4172 118 4211 a
140 4159 197 4219 est.

146 4258 300 4329 «Coram
329 4280 534 4351 quocumque
561 4264 669 4327 antem
700 4256 874 4347 appellatio
902 4255 987 4325 laeta
1011 4256 1064 4342 sit,
1092 4256 1236 4331 intimari
