3050 4984
527 534 602 579 PARS
628 533 772 579 SECUNDA.

549 874 692 943 CAPUT
714 874 773 941 IX.

269 1070 307 1115 DE
329 1066 583 1115 memnone
604 1068 659 1114 SEU
682 1067 795 1114 HU‘t'UlS
818 1067 1032 1114 nutrierimus·

126 1299 215 1367 Solet
232 1296 397 1365 interdum
417 1320 505 1384 rens,
527 1320 602 1365 eom
623 1298 740 1365 notorie
759 1298 906 1365 libellum
927 1297 1056 1384 viderit,
1076 1298 1176 1364 alium
1192 1306 1225 1365 et

85 1407 148 1495 ipse
160 1404 309 1474 libellum
325 1404 484 1473 conficere
498 1415 529 1473 et
540 1404 642 1495 judici
657 1404 838 1495 porrigere,
855 1413 968 1475 oontre
982 1406 1156 1496 ipsummet
1170 1428 1223 1472 ao-

28 1551 29 1554 *
84 1523 196 1581 torem.
213 1514 306 1581 Tnno
321 1534 399 1582 vero
415 1535 490 1581 reus
505 1519 684 1581 conventus
697 1514 904 1581 reconvenire
919 1513 1049 1583 dieitur.
1070 1514 1151 1595 Quae
1168 1534 1223 1581 re-

85 1619 252 1688 conventio
267 1620 302 1688 in
315 1621 390 1711 jure
403 1620 559 1688 canonico
573 1631 694 1688 metuo
706 1620 824 1710 petitio
844 1627 1064 1712 nuncupetur,
1081 1642 1118 1688 eo
1136 1620 1223 1709 quod

87 1750 157 1794 rens
171 1726 315 1796 vicissim
332 1735 443 1815 rengnt
454 1726 488 1793 in
502 1735 655 1811 newrem,
671 1727 763 1793 etsie
778 1726 925 1795 orientur
939 1725 1014 1795 duae
1031 1734 1153 1794 mutnae
1168 1750 1225 1795 seu

87 1836 256 1926 reciproce
287 1834 467 1927 petitiones.
500 1836 583 1903 Cum
613 1841 721 1902 nutem
751 1834 913 1924 ejusmodi
944 1835 1225 1921 reconventiones,

88 1942 179 2009 etiarn
202 1951 277 2010 oute
297 1950 505 2011 contestatam
528 1941 633 2026 litem,
656 1942 795 2032 proponi
821 1942 945 2031 possint
966 1950 998 2009 et
1022 1940 1161 2024 soleant,
1185 1941 1227 2007 ed

90 2047 274 2116 trudendum
296 2047 350 2116 hio
371 2047 412 2115 de
434 2048 476 2115 iis
495 2047 671 2129 notionem,
689 2048 760 2136 ipro
781 2046 853 2115 telae
873 2046 1055 2137 judiciarie
1073 2054 1226 2115 oontextu

89 2153 293 2222 adducimur.

128 2262 272 2342 Qunsrro
295 2266 340 2327 1².
359 2300 403 2313 -
421 2261 512 2346 Quid
525 2261 661 2351 proprie
679 2262 722 2329 eit
740 2263 964 2329 reconventio?
987 2298 1030 2311 -
1052 2286 1070 2331 ,ιι
1090 2260 1228 2329 Detiniri

93 2368 336 2437 «reoonventio
358 2376 462 2459 potest
485 2396 492 2435 :
516 2378 606 2436 ectus
627 2392 693 2459 quo
713 2390 789 2436 reus
808 2377 881 2458 post
900 2368 1044 2436 oblatum
1066 2376 1097 2435 et
1119 2369 1227 2435 visum

94 2503 108 2539 ι
129 2476 250 2545 actoris
266 2476 427 2557 libellum,
451 2476 595 2543 vicissim
617 2475 741 2564 aliquid
760 2476 801 2543 ub
822 2498 860 2542 eo
878 2474 960 2565 petit
980 2496 1090 2542 eorem
1116 2474 1229 2543 eodem

93 2610 108 2647 ι
127 2583 249 2673 judice,
266 2604 303 2651 ae
318 2584 352 2650 iu
368 2583 481 2651 eodem
494 2583 631 2674 judicio,
646 2582 775 2650 etiarnsi
790 2582 869 2649 elias
879 2582 982 2671 judex
998 2582 1053 2649 ille
1069 2604 1134 2649 non
1146 2590 1229 2649 esset

95 2694 246 2759 «actoris
266 2697 501 2781 oompetens.»
529 2690 577 2757 ltu
597 2689 888 2778 Sohmelzgrueber
912 2688 957 2778 (in
975 2689 1024 2756 tit.
1048 2693 1080 2773 t,
1107 2689 1182 2756 libri
1209 2692 1228 2755 2

92 2797 228 2883 beret,
246 2821 280 2865 n.
298 2801 342 2889 1),
360 2798 417 2890 qui
431 2798 554 2866 ibidem
576 2797 781 2888 variosjuris
798 2804 906 2864 textus
922 2796 1097 2864 indicated
1117 2804 1229 2863 osten-

92 2904 226 2973 dendam
247 2904 374 2973 tradite
394 2904 591 2973 definitionis
610 2903 867 2992 legitimitatem3
890 2911 960 2971 tum
980 2902 1091 2971 subdit
1114 2930 1120 2967 :
1150 2928 1166 2966 ιι
1187 2903 1230 2971 Ut

96 3040 109 3075 ι
131 3013 191 3079 rite
210 3013 388 3080 intentetur
406 3021 437 3079 et
455 3018 642 3103 peragetur,
660 3011 725 3078 duo
744 3010 862 3078 debent
879 3032 1071 3079 concurrere
1095 3034 1102 3072 :
1125 3030 1231 3077 renum

96 3146 110 3182 ι
131 3128 191 3203 eet,
206 3128 244 3187 ιιι
262 3142 371 3187 eoram
387 3117 499 3187 eodem
513 3118 636 3208 judice,
657 3138 754 3208 quem
769 3126 870 3202 ector,
889 3118 998 3185 torum
1015 3116 1061 3183 rei
1079 3138 1229 3206 sequens,

94 3252 110 3288 ι
132 3225 240 3316 elegit,
255 3227 453 3310 iustmetur3
463 3226 542 3293 alias
554 3224 695 3315 simplex
702 3224 874 3292 conventio
883 3223 991 3314 potius
1006 3244 1104 3313 quam
1117 3244 1231 3291 recon-

97 3358 112 3395 ι
133 3334 241 3403 ventio
253 3333 316 3401 erit
331 3359 338 3399 :
353 3333 495 3400 alterum
508 3341 568 3417 est,
585 3341 621 3400 ιιι
636 3340 750 3399 mutuo
761 3330 872 3422 petitio
885 3353 921 3398 no
933 3329 1142 3397 reconventio
1155 3351 1229 3420 pro·
1332 3411 1334 3418 Ι

28 3509 29 3512 ,
99 3466 113 3502 ι
134 3449 273 3530 ponatur
295 3440 433 3508 durante
454 3438 567 3508 eodem
587 3438 729 3528 judioio;
750 3438 830 3505 ulios
847 3436 980 3505 effoetus
999 3436 1062 3503 sibi
1084 3436 1234 3526 proprios

98 3576 113 3612 ι
135 3570 198 3617 uon
214 3548 415 3640 operabitur.
432 3574 449 3612 »

28 3715 29 3722 ,
136 3656 224 3723 Sient
237 3663 345 3723 antem
360 3656 395 3721 in
412 3655 487 3745 jure
500 3655 716 3736 iustinianeo‚
734 3654 778 3720 ite
799 3662 831 3720 et
844 3652 879 3718 in
898 3651 1055 3719 oanouieo
1071 3658 1232 3740 receptum

97 3784 158 3829 esee
173 3761 467 3846 reconventiouem‚
484 3770 569 3853 petet
579 3784 620 3829 ex
638 3768 703 3829 toto
713 3759 809 3828 titulo
823 3758 863 3827 de
877 3758 1003 3828 Metuis
1019 3756 1232 3825 Potitianidue

102 3870 141 3954 (ι,
156 3870 230 3937 libri
246 3872 265 3935 t
280 3867 528 3956 Decretnlium).

139 3976 277 4056 Oenone
292 3979 338 4044 2².
362 4014 406 4027 -
420 3977 469 4042 An
485 3973 628 4041 durante
642 3976 662 4065 j
666 3973 773 4041 udicio
793 3971 1025 4053 conuentionis,
1042 3970 1144 4062 possit
1159 3992 1232 4037 rens

101 4094 235 4150 actorem
250 4084 454 4149 reconvenire
467 4104 578 4150 eorem
594 4082 660 4148 olio
670 4079 806 4170 jndice?
821 4117 865 4130 -
878 4076 1155 4169 Respondeudunr
1174 4098 1231 4144 ne·

102 4188 211 4276 gertine,
233 4198 269 4257 ut
287 4189 365 4256 setis
384 4196 470 4279 potet
488 4211 529 4255 ex
549 4188 719 4279 premissa
739 4186 937 4255 defiuitione.
962 4185 1001 4253 Et
1023 4184 1104 4252 retio
1125 4192 1173 4251 est
1193 4206 1233 4252 ne

103 4314 202 4362 eoram
228 4295 368 4364 diversis
390 4294 554 4385 judicibus
582 4293 695 4363 eodem
718 4300 863 4384 tempore
888 4301 1022 4381 agatur;
1051 4298 1082 4358 et
1109 4312 1150 4359 ne
1173 4290 1233 4359 hoo
