3050 4984
541 542 616 589 rans
638 542 782 589 sueonos.
1165 522 1227 588 213

100 668 314 749 contestatam,
331 662 366 730 in
381 684 535 753 processu
560 662 661 748 civili,
687 662 852 751 assignare
875 663 969 731 debet
994 665 1168 733 terminum
1189 666 1231 735 ad

101 768 316 859 producendas
331 770 521 861 positiones,
545 768 604 861 qui
630 769 790 836 terminus
804 770 989 838 communis
1015 772 1076 839 erit
1104 772 1232 863 utrique

101 876 190 967 parti.
208 875 261 944 Ad
282 875 545 967 respondendnm
571 884 678 944 autem
705 876 931 967 positionibus,
959 899 1024 945 non
1047 879 1234 949 conceditur

103 984 266 1069 terminus,
292 984 370 1075 quia
384 982 426 1052 ad
454 982 718 1075 respondendnm
733 982 827 1051 medo
851 983 903 1052 vol
917 1006 985 1052 non
1010 985 1116 1067 credo,
1143 987 1184 1055 da
1198 1011 1235 1057 ra

100 1114 168 1181 qnae
184 1090 279 1160 debet
291 1113 360 1159 esse
374 1098 463 1175 nota,
481 1111 546 1158 non
562 1089 740 1181 requiritur
753 1089 952 1159 deliberatio.

141 1198 255 1267 Postea
270 1209 379 1267 autem
394 1197 478 1267 alins
501 1198 686 1287 assignatur
701 1197 860 1265 terminus
875 1198 917 1265 ad
931 1198 1184 1291 articulandnnr,
1199 1204 1234 1273 id

101 1312 155 1391 est,
173 1303 214 1372 ad
231 1304 455 1395 producendos
468 1302 621 1372 articulos
633 1326 732 1395 super
746 1302 866 1395 quibus
875 1304 1051 1373 articulans
1062 1309 1141 1399 petit
1155 1332 1234 1379 exa-

102 1412 215 1481 minari
229 1412 307 1481 tales
323 1418 431 1498 batos,
449 1411 565 1481 taliave
580 1410 805 1480 instrumenta.

142 1522 172 1585 2.
198 1518 234 1586 Si
256 1519 361 1610 stylus
375 1519 476 1587 curiae
492 1518 546 1601 sit,
565 1526 601 1585 ut
614 1516 813 1607 conjunctim
827 1519 908 1586 fiant
922 1519 1099 1609 positiones
1112 1532 1143 1590 et
1155 1524 1237 1591 arti-

102 1624 175 1711 culi,
191 1624 288 1695 modo
301 1648 401 1718 supra
415 1625 576 1717 exposito,
591 1622 729 1693 sufficiat
741 1624 877 1693 unicum
891 1624 932 1693 ad
947 1624 981 1695 id
995 1628 1154 1717 assignari
1170 1640 1237 1699 ter-

26 1798 27 1821 ,
103 1734 238 1802 minum.

26 1868 28 1889 t
144 1844 174 1909 3.
192 1842 231 1909 ln
247 1862 398 1931 processu
420 1840 601 1927 criminali,
621 1846 693 1931 post
706 1860 845 1909 oramen
860 1840 921 1927 rai,
937 1841 966 1907 si
981 1844 1175 1931 procedatur
1190 1846 1238 1935 (ut

102 1946 193 2015 hodia
208 1947 399 2039 plerumque
412 1946 503 2037 solat)
521 1946 741 2039 inquisitionis
754 1946 820 2033 via,
834 1968 892 2015 sen
903 1946 1025 2037 absque
1039 1960 1236 2039 accusatore,

25 2122 26 2135 ,
100 2053 197 2143 judex
213 2054 392 2144 promotori
404 2054 505 2124 fiscali
520 2056 696 2124 terminum
720 2053 899 2143 assignabit
911 2053 953 2121 ad
969 2055 1235 2144 capitulondom,

25 2187 27 2257 ζ
103 2161 193 2229 idest
206 2162 249 2230 ad
264 2162 455 2230 fabricanda
470 2172 501 2229 ct
510 2160 706 2253 porrigenda
717 2160 868 2252 capitula.

145 2273 176 2336 4.
193 2268 300 2337 Suum
316 2276 425 2337 autem
440 2269 617 2337 terminum
641 2267 681 2335 ad
697 2266 900 2335 exhibendos
915 2269 1068 2337 articulos
1085 2270 1238 2340 defenso-

24 2441 25 2458 ,
104 2376 166 2444 rios
178 2398 235 2445 reo
250 2376 439 2466 assignabit,
454 2384 525 2466 post
538 2374 688 2443 offensivi
705 2396 872 2465 processus
888 2375 1151 2464 publicationem.

24 2466 26 2535 ἶ
148 2488 178 2550 5.
193 2484 249 2551 nn
263 2481 375 2572 regula
390 2482 582 2573 generaliter
596 2492 734 2574 recepta,
754 2492 880 2572 tempus
896 2483 1111 2550 terminorum
1123 2484 1241 2554 dilato-

24 2658 25 2675 ,
101 2590 225 2659 riorum
236 2612 305 2660 esse
320 2611 418 2681 penes
431 2590 549 2682 judicis
564 2589 736 2659 arbitrium
750 2618 757 2665 ;
769 2590 815 2656 ita
830 2599 939 2656 tamen
949 2596 997 2674 ut,
1009 2590 1037 2655 si
1054 2590 1152 2659 nimis
1162 2615 1238 2660 arc-

24 2694 25 2747 3
105 2709 170 2764 tum
190 2697 432 2784 concederetur,
447 2696 634 2788 prorogatio
648 2695 712 2787 peti
727 2702 853 2785 posset;
870 2704 902 2763 et
916 2695 943 2762 si
956 2695 1077 2786 injuste
1092 2697 1240 2789 denega-

105 2812 203 2891 retur,
220 2803 312 2871 locus
326 2802 418 2871 fieret
431 2801 649 2895 appellationi.

148 2916 179 2979 6.
196 2910 319 2979 Praetar
338 2908 511 3002 praedictos
526 2909 682 2978 terminos
701 2910 743 2977 ad
757 2908 962 3001 ponendum,
979 2911 1238 2995 articulondom,

24 3062 25 3067 κ
105 3016 364 3108 capitulundum,
381 3015 520 3085 estaltar
535 3016 797 3102 valdadivorsus,
815 3016 874 3108 qni
886 3015 1243 3109 diciturprobotorios;

24 3194 25 3199 ,
106 3123 222 3217 dequo
239 3124 397 3193 nonnulla
411 3130 582 3192 remanent
594 3122 781 3192 adnotanda
798 3123 833 3189 in
853 3124 1001 3214 sequenti
1023 3125 1238 3215 paragrapho.

623 3404 643 3493 ξ
666 3403 723 3472 rv.

510 3574 546 3625 tte
558 3574 669 3625 termino
683 3572 842 3639 probatorio.

154 3768 183 3834 1.
211 3765 385 3834 Terminus
407 3763 624 3857 probatorius,
640 3772 677 3832 nt
702 3763 772 3855 ipsa
795 3784 860 3832 vox
884 3764 962 3831 satis
977 3763 1109 3853 indicat,
1130 3765 1184 3835 ille
1197 3776 1246 3835 est

108 3872 164 3963 qui
179 3874 361 3963 assignatur
375 3872 533 3965 partibus,
559 3870 599 3939 ad
615 3870 824 3963 probandum
837 3869 925 3961 quod
948 3871 1026 3962 ipsis
1041 3873 1244 3964 probandum

108 3979 277 4049 incumbit.
306 3980 354 4048 Ac
377 3978 514 4070 proinde
541 3978 627 4046 intra
653 3978 741 4045 hunc
766 3977 956 4064 terminum,
985 3978 1177 4067 regulariter
1196 3981 1246 4048 lo-

107 4088 250 4178 quendo,
278 4086 413 4179 produci
439 4094 472 4155 et
494 4084 676 4154 examinari
700 4083 819 4153 debent
844 4092 938 4153 testes
962 4094 994 4153 et
1018 4085 1247 4175 instrumenta,

109 4216 184 4263 cum
209 4216 267 4286 per
282 4202 377 4263 testes
401 4202 432 4261 at
455 4193 671 4261 instrumenta
697 4191 845 4283 probatio
868 4190 936 4259 fiat.
965 4191 1050 4259 Hinc
1069 4191 1146 4259 satis
1164 4204 1251 4285 patet

112 4302 286 4392 positiones
308 4310 339 4370 et
362 4300 515 4371 afflculos
536 4322 605 4368 esse
627 4296 764 4387 dandos,
782 4307 814 4367 et
832 4298 1018 4368 citationem
1034 4298 1167 4369 testium
1181 4326 1251 4373 csse
