3050 4984
287 449 347 514 590
658 466 832 514 meruius
854 467 893 512 ou
915 466 1047 513 sumens.

285 591 337 654 die
418 589 536 655 mensis
623 591 706 654 anni
730 636 777 669 ...,
794 592 866 656 iu...
883 591 936 655 Ita
943 587 1234 674 pronuntiavimus
1243 604 1306 672 pra
1320 585 1422 652 nibu-

285 696 356 761 isaii
364 696 517 764 sedentes.
529 731 569 746 -
579 697 611 764 N
613 745 635 778 .‚
653 698 802 767 Vicarius
813 698 987 782 arnualis.
999 732 1038 746 -
1050 697 1083 760 N
1086 744 1106 777 .,
1121 697 1299 764 actuarius.
1312 719 1329 754 ι

733 1023 877 1094 CAPUT
899 1024 952 1094 Ll.

328 1215 432 1263 nom
468 1215 643 1264 smum
678 1217 896 1265 insumam
936 1217 1002 1284 nm,
1042 1218 1081 1264 ET
1116 1214 1381 1263 CONDMUOROE

741 1334 955 1383 Accusntoms.

325 1537 402 1601 «In
427 1537 558 1601 nomine
580 1541 621 1616 (et
648 1537 772 1620 reliqua
799 1543 836 1602 ut
863 1538 1020 1621 superiori
1047 1537 1149 1620 capite
1173 1539 1224 1616 50,
1252 1535 1423 1618 usquead

282 1645 381 1708 verba
398 1643 535 1709 dicimus
550 1645 687 1728 pariter,
702 1664 759 1727 pro
776 1647 894 1728 quibus
918 1646 963 1709 sic
976 1647 1123 1727 ponatur)
1142 1665 1149 1705 :
1165 1644 1311 1708 Dicimus
1326 1645 1422 1725 pari·

283 1759 330 1816 ter
345 1753 515 1818 dominum
536 1755 591 1833 N„
618 1763 851 1833 acccusatorem,
876 1754 1028 1835 defecisse
1049 1753 1085 1817 in
1093 1750 1278 1836 procando,
1298 1769 1332 1815 se
1358 1769 1422 1814 non

282 1877 447 1924 neceesasse
458 1860 531 1924 doio
545 1859 633 1925 maio
653 1869 713 1926 aut
727 1861 955 1925 calumniandi
966 1862 1094 1934 animm·
1110 1860 1176 1922 imo
1182 1859 1363 1941 probatum
1372 1877 1421 1922 re-

281 1987 413 2034 manere
427 1986 468 2031 ec
479 1987 571 2032 mera
585 1969 715 2034 malitia
730 1977 762 2034 et
774 1988 816 2033 ec
828 1972 941 2033 animo
952 1967 1091 2034 nocendi
1097 1967 1139 2031 ab
1151 1968 1220 2050 ipso
1231 1975 1421 2031 acmantum

277 2079 379 2159 fuisse
393 2075 565 2141 dominum
584 2077 627 2140 N.
642 2075 824 2154 dudelino,
839 2077 930 2160 quad
941 2078 1009 2160 ipse
1030 2083 1199 2141 accusator
1222 2074 1346 2139 sciebat
1356 2074 1418 2156 sai-

282 2203 355 2248 sum
368 2201 442 2247 esse.
458 2183 600 2248 Proinde
615 2183 737 2248 dictum
752 2184 924 2248 dominum
937 2185 978 2252 N.
982 2231 993 2264 ,
1012 2190 1244 2262 accusatorem,
1269 2182 1418 2247 condem

282 2310 401 2356 namus
423 2291 470 2356 ad
483 2309 616 2375 paenam
633 2292 806 2356 calumnie
820 2293 953 2356 crimini
959 2293 1060 2374 jueta
1072 2309 1181 2356 sacras
1194 2308 1332 2354 canones
1346 2309 1418 2355 con-

282 2398 429 2481 diqnam,
442 2417 556 2482 nempe
572 2401 615 2480 (ot
630 2399 673 2462 ihi
687 2398 920 2464 determinetur
933 2417 1041 2481 poena.
1058 2398 1093 2464 si
1107 2416 1185 2462 vero
1205 2397 1284 2462 olias
1297 2397 1418 2462 calum·

280 2507 388 2570 ninius
402 2505 453 2584 sii,
469 2509 501 2570 oi
515 2505 585 2570 ideo
605 2523 699 2588 paena
712 2506 828 2587 augeri
851 2506 976 2584 debeat,
992 2511 1063 2589 post
1076 2506 1176 2571 verba
1196 2504 1322 2585 saniem
1343 2493 1418 2584 esse,

282 2613 433 2696 ponatur)
455 2633 463 2673 :
487 2612 534 2677 Et
555 2613 634 2694 quia
652 2614 778 2694 pariter
802 2621 926 2678 constat
949 2613 1145 2697 prndictum
1165 2611 1339 2676 domicum
1364 2613 1418 2690 N„

282 2727 519 2797 accinctorum,
545 2719 629 2783 alins
661 2719 811 2785 similiter
843 2721 1042 2786 calumniose
1068 2737 1252 2797 manasse,
1282 2719 1420 2784 dicimus

279 2845 422 2910 punam,
432 2845 532 2910 quam
543 2829 852 2906 secnssustinuisset,
867 2827 1140 2910 esseauqendam.
1156 2827 1300 2893 Proinde
1313 2829 1419 2910 ipsum

281 2933 533 2999 condemnamus
546 2935 593 2998 ad
657 2935 701 3016 (et
714 2935 758 2997 ibi
768 2936 970 3017 exprimatur
982 2953 1089 3017 prena.
1107 2935 1141 2999 Si
1155 2953 1233 3000 vcro
1245 2935 1367 3016 potius,
1382 2952 1420 2998 ex

281 3042 511 3123 aliquosum,
527 3041 814 3122 poenaminuonda
835 3042 886 3121 sit,
909 3042 1060 3125 ponatur)
1089 3063 1097 3105 ε
1121 3043 1168 3108 Et
1193 3043 1274 3124 quia
1294 3043 1421 3123 pariter

280 3148 371 3212 nobis
385 3155 510 3212 constat
596 3148 640 3228 (at
654 3149 697 3210 ibi
717 3149 921 3230 exprimetur
934 3167 1037 3231 poenae
1053 3149 1286 3213 imminuendae
1298 3149 1418 3226 causa).

278 3255 350 3319 ideo
364 3255 502 3320 dicimus
516 3255 556 3320 de
567 3273 774 3337 noena,secus
788 3257 852 3338 ipsi
864 3255 984 3335 debita,
994 3257 1126 3340 aliquid
1139 3275 1204 3322 esse
1225 3257 1420 3320 imminuen-

280 3361 371 3426 dum.
387 3362 528 3428 Proinde
543 3363 654 3445 ipsum
667 3363 921 3428 condemnamus
948 3365 1031 3429 od...
1059 3364 1114 3430 Ita
1125 3365 1185 3429 hoc
1202 3372 1234 3429 et
1246 3366 1339 3430 omni
1352 3381 1418 3427 me-

280 3469 357 3532 tiari
368 3468 476 3533 mado.
492 3470 587 3549 Lato,
607 3470 687 3535 tecta
708 3479 739 3534 et
759 3470 937 3552 publicata,
953 3473 1006 3536 die
1082 3472 1203 3536 mensis
1274 3472 1360 3535 armi
1373 3518 1417 3546 ...,

281 3579 352 3640 in...
368 3578 421 3642 Ita
432 3578 719 3659 pronuntiavimus
730 3595 793 3660 pro
807 3579 965 3644 tribunati
976 3580 1128 3645 sedentes.
1142 3615 1183 3628 -
1196 3579 1252 3660 N„
1274 3578 1419 3644 Viearius

282 3683 453 3768 qeneraiis.
470 3685 595 3767 -n'qo
611 3686 666 3764 N„
685 3686 892 3750 actuarius.»
1491 3668 1492 3671 ¹
