3050 4984
294 496 356 562 186
669 516 844 563 rnrcrsrus
870 519 908 563 nn
930 518 1063 563 runicus.

288 636 385 705 modo
403 660 477 706 rens
498 639 599 730 possit
619 647 731 707 contre
748 662 783 707 se
804 640 994 708 intentatum
1013 639 1172 708 actionem
1194 638 1326 708 elidere.
1351 640 1436 720 011ae
1511 720 1512 733 χ

289 744 449 833 generalis
464 747 578 835 regula
593 754 685 814 extro
700 746 955 815 controversiam
973 753 1032 814 est.

332 852 551 942 Excipiuntur
566 862 676 921 tumen
690 854 757 923 duo
771 876 865 923 cesus
883 880 891 921 ι
898 854 1041 945 primus,
1054 854 1080 921 si
1097 875 1194 922 censs
1209 854 1436 922 reconventio-
1511 838 1512 915 i

289 958 340 1026 nis
351 959 425 1027 telis
440 960 493 1043 sit,
510 958 549 1026 de
565 982 630 1051 que
641 959 744 1051 judex
760 982 858 1051 quem
874 968 963 1028 sotor
976 958 1066 1048 adiit,
1085 960 1176 1028 nullo
1190 982 1335 1052 unquam
1351 970 1436 1031 tem-

288 1089 366 1157 pore
381 1088 574 1156 cognoscere
589 1068 708 1157 possit;
730 1076 821 1157 pute,
838 1066 865 1135 si
881 1090 977 1137 csuss
995 1067 1254 1136 reconventionis
1271 1070 1313 1135 sit
1334 1070 1437 1160 spiri-
1511 1060 1512 1143 J

285 1174 399 1261 tunlis,
421 1183 453 1241 et
472 1172 578 1241 dictus
597 1174 700 1264 judex
721 1173 823 1242 lsieus
847 1202 854 1241 :
878 1173 1053 1255 secundus,
1077 1174 1106 1241 si
1128 1174 1233 1243 dietus
1253 1174 1355 1265 judex
1377 1200 1436 1245 reo

286 1288 453 1372 suspectus
467 1280 508 1347 sit
525 1308 533 1347 z
551 1291 629 1349 tunc
643 1281 731 1349 enim
746 1282 938 1349 transmisso
954 1280 995 1349 ed
1009 1302 1084 1349 eum
1099 1279 1222 1366 libello,
1239 1289 1342 1372 potest
1357 1304 1436 1351 reus

286 1390 373 1457 intre
389 1393 430 1456 20
446 1387 573 1457 dierum
592 1388 732 1479 spolium
748 1389 942 1481 suspicionis
960 1410 1089 1457 causam
1111 1410 1304 1480 proponere,
1321 1398 1352 1459 et
1372 1392 1435 1461 bac

285 1496 433 1586 probate,
447 1516 556 1563 coram
571 1494 635 1564 elio
655 1496 833 1585 subrogato
853 1504 1026 1588 utramque
1041 1496 1133 1563 litem
1149 1493 1317 1563 ventilare.
1335 1496 1434 1586 (Vide

286 1600 588 1691 Schmalzgrueber,
605 1601 641 1669 in
656 1603 706 1671 tit.
726 1608 760 1689 t,
777 1603 836 1671 lib.
855 1608 874 1671 2
891 1604 1000 1688 Dece,
1019 1626 1053 1673 n.
1072 1603 1118 1693 2.)

329 1710 647 1791 ansr103·.-An
662 1722 754 1778 actor
768 1723 978 1779 recensemus
990 1711 1094 1803 possit
1109 1710 1273 1779 declinare
1277 1712 1299 1803 j
1302 1710 1434 1779 udicem

285 1840 379 1908 quem
400 1817 468 1907 epse
488 1816 605 1899 adivit,
626 1819 686 1886 sub
703 1830 868 1909 pretectu
890 1818 979 1910 quod
997 1818 1098 1908 ipsius
1117 1817 1344 1909 jurisdictioni
1365 1842 1434 1887 nou
1512 1820 1513 1909 l

283 1925 473 2015 mbjaeeat?
485 1964 529 1977 -
542 1925 645 1993 Cusus
659 1935 708 1993 est
720 1927 780 1993 iste
800 1953 808 1993 :
825 1926 931 1994 Titius
941 1926 1092 1994 dioecesis
1104 1926 1265 1993 blesensis
1277 1924 1430 2013 clericae,
1512 1918 1513 1941 ³

284 2050 393 2098 coram
405 2028 549 2096 Blesensi
563 2030 722 2121 Episcopo
738 2040 918 2099 conventus
933 2040 1012 2099 ests
1026 2030 1117 2118 caio,
1134 2031 1191 2121 qui
1205 2039 1254 2098 est
1266 2053 1284 2099 e
1297 2030 1432 2099 dioecesi

283 2135 510 2203 Aurelianensi
528 2162 535 2203 :
553 2136 581 2203 si
599 2137 668 2227 ipse
686 2136 801 2206 Caium
825 2139 1032 2205 reconvenist
1048 2158 1157 2205 eorem
1173 2137 1260 2205 dicto
1283 2136 1433 2205 Blesensi

282 2242 453 2333 Episcopo,
475 2265 517 2310 an
532 2244 652 2333 poterit
671 2242 769 2312 Gaius
787 2244 895 2312 forum
920 2243 1014 2313 illum
1035 2242 1197 2311 declinere
1218 2242 1367 2329 dicendo,
1395 2266 1431 2311 se

281 2370 349 2417 esse
369 2349 594 2417 Aurelianensi
609 2350 781 2440 Episcopo,
800 2374 864 2418 non
881 2350 1037 2436 Blesensi,
1056 2350 1262 2441 subjectum?
1282 2350 1429 2421 Omnino

279 2458 427 2547 negative
442 2457 705 2548 respondendum
720 2466 780 2543 est,
795 2466 891 2549 atque
908 2459 941 2525 in
961 2458 1021 2527 boc
1033 2458 1205 2526 unanimes
1219 2465 1295 2525 sunt
1310 2458 1429 2527 docto-

279 2587 341 2632 res.
369 2566 530 2655 Expresse
555 2565 642 2631 enim
669 2566 714 2632 its
738 2564 923 2655 disponitur
947 2563 1098 2656 pluribus
1122 2564 1317 2633 iustinianei
1340 2565 1429 2656 juris
1513 2590 1514 2639 t

279 2672 439 2755 textibus,
462 2671 562 2740 sacris
585 2672 837 2739 consonantibus
856 2672 1047 2740 canonibus.
1072 2670 1168 2761 (Vide
1191 2671 1295 2739 dictos
1317 2680 1429 2741 textus
1513 2660 1514 2679 ³

279 2777 366 2870 apud
383 2777 688 2868 Sebmslzgrueber‚
704 2780 802 2847 citato
818 2778 913 2868 loco.)
1513 2780 1514 2791 ’

322 2887 465 2968 ansrro
479 2890 526 2954 4².
540 2924 584 2937 -
596 2887 644 2953 An
659 2885 865 2953 recouomtio
881 2886 989 2953 locum
1003 2886 1123 2954 babeat
1135 2887 1169 2953 in
1181 2884 1331 2955 crucibus
1344 2908 1428 2955 cazc-

278 2993 320 3060 sis
331 2993 501 3061 ciuilibus?
515 3032 561 3044 -
578 2996 610 3059 1⁰
630 2991 857 3083 «Respondeo
873 2992 990 3061 bebere
1004 2992 1112 3061 locum
1130 2993 1165 3061 in
1181 2992 1334 3060 omnibns
1348 3016 1426 3084 quen

281 3126 298 3163 u
322 3099 503 3190 specialiter
524 3100 649 3190 injure
672 3120 738 3167 non
760 3108 838 3167 sunt
856 3108 1012 3191 exceptce.
1038 3099 1252 3168 Consentiunt
1275 3120 1423 3169 commu-

280 3232 297 3268 «
321 3205 405 3274 niter
419 3206 576 3275 doctores.
596 3232 613 3269 r
634 3205 948 3296 (Scbmslzgrueber,
965 3206 998 3273 in
1017 3206 1064 3273 tit.
1089 3211 1122 3291 4,
1140 3205 1216 3273 libri
1237 3209 1255 3272 2
1278 3205 1425 3294 Decret,

277 3335 310 3379 n.
335 3313 379 3403 9.)
399 3313 440 3381 Et
455 3313 517 3381 boc
530 3335 646 3381 verum
662 3322 712 3379 est
724 3313 822 3380 etiam
834 3313 943 3405 quoad
959 3334 1071 3382 causes
1090 3312 1303 3394 summarias,
1322 3322 1360 3381 ut
1374 3313 1428 3381 fo-

275 3420 336 3489 cile
358 3420 524 3509 colligitur
547 3445 589 3489 ex
615 3422 820 3490 Clementiae
843 3426 875 3506 2,
902 3420 941 3489 de
973 3421 1151 3489 Verborum
1173 3420 1423 3511 sipnificatimee.

274 3528 353 3595 Item
370 3527 513 3617 procedit
529 3528 600 3596 baec
616 3528 774 3618 generalis
796 3528 922 3617 regulo,
943 3528 1039 3595 etism
1062 3529 1095 3595 in
1116 3549 1192 3596 cusu
1215 3550 1280 3618 quo
1301 3527 1425 3595 diversi

274 3635 402 3725 generis
415 3634 499 3703 foret
513 3634 773 3704 reconventionis
794 3657 901 3722 causa,
919 3636 965 3701 its
978 3642 1026 3721 ut,
1045 3634 1136 3703 verbi
1152 3634 1275 3723 fgrstiu,
1293 3636 1425 3702 vocanti

275 3765 327 3810 me
342 3744 377 3810 in
386 3741 551 3834 judicium
568 3742 694 3811 actione
710 3744 825 3835 empti,
842 3764 1022 3834 proponere
1036 3742 1157 3833 possim
1173 3742 1332 3810 sobonem
1346 3765 1424 3811 mtt-

275 3850 351 3918 tui:
368 3850 451 3917 ratio
467 3857 515 3917 est
531 3848 608 3940 quie
620 3850 697 3940 jura
718 3850 838 3941 quibus
858 3850 1064 3919 reconventio
1084 3857 1132 3917 est
1152 3849 1348 3938 introductu,
1372 3852 1424 3921 fs·

273 3957 424 4025 cultatem
440 3956 691 4025 reconvenienti
709 3956 896 4026 nullatenus
918 3956 1120 4047 restringunt
1135 3956 1176 4024 sd
1196 3978 1309 4025 cousus
1330 3957 1424 4048 ejus-

274 4062 348 4131 dem
361 4062 489 4154 speciei.

318 4174 351 4235 2ο
367 4170 481 4238 Censes
496 4177 604 4239 autem
618 4192 695 4261 quae
710 4190 729 4236 u
741 4170 816 4261 jure
832 4169 1247 4261 specialiterexcipiuntur,
1262 4193 1302 4238 ne
1318 4172 1423 4261 possit

271 4278 306 4345 in
321 4277 362 4345 iis
376 4276 447 4346 fieri
469 4276 688 4364 reconventio,
706 4287 784 4346 sunt
803 4285 971 4367 sequentes
996 4303 1003 4343 ι
1027 4276 1152 4358 Primo,
1171 4300 1277 4346 csusae
1304 4301 1421 4349 ceccu-
