3050 4984
299 488 363 557 iit
675 508 851 559 maranus
873 510 912 557 nu
934 508 1068 558 sumans.

340 633 427 704 Hinc
447 629 483 700 in
505 630 616 701 libello
638 631 876 725 supplicique
895 630 1095 702 matrimonii
1114 632 1263 703 ratinon
1286 656 1445 703 consum·

296 741 378 811 mati
405 738 603 833 dispensatio
629 738 825 833 postulatur,
854 739 940 811 clare
969 739 1169 810 ostendenda
1191 762 1250 811 seu
1276 742 1445 834 probanda

294 856 371 919 suut
396 848 470 918 hae
497 846 565 917 duo
597 872 605 915 ε
630 847 876 917 matrimonium
897 868 964 917 uou
990 847 1090 917 uuae
1111 857 1395 936 consummatum,
1417 858 1444 918 et

291 955 415 1047 justam
429 952 541 1023 adesse
550 950 767 1023 concedenda
779 952 1035 1046 dispensationis
1049 974 1182 1023 causam
1197 953 1370 1048 :alioquin
1381 954 1443 1023 dis

292 1060 440 1155 pensatio
455 1082 523 1129 non
535 1058 742 1130 concedetur.

337 1170 395 1239 111.
420 1171 503 1253 Quae
523 1168 591 1238 sirit
612 1179 727 1261 partes
747 1170 862 1239 Sacra
886 1170 1154 1263 Conprepationis
1176 1170 1318 1242 Consilii
1336 1173 1447 1265 quoad

291 1276 544 1370 dispensationes
565 1274 752 1367 ejusmodi?
781 1314 826 1329 -
859 1278 890 1343 1⁰
918 1276 1039 1370 Nequit
1066 1277 1138 1371 ipsa
1167 1278 1444 1371 dispensationem

291 1382 479 1472 concedere,
496 1383 554 1453 sed
571 1389 699 1453 tautum
721 1390 836 1453 notum
856 1383 1076 1455 consultivum
1099 1386 1246 1455 emittere
1266 1409 1371 1480 super
1387 1388 1444 1457 hoc

290 1492 404 1582 dubio,
417 1513 502 1562 neem
512 1492 555 1560 sit
565 1492 653 1561 locas
664 1490 873 1562 concedende
884 1490 1130 1583 desponsationi.
1144 1493 1280 1564 Constat
1290 1517 1336 1563 ex
1347 1496 1443 1566 modo

290 1601 386 1671 citata
410 1598 579 1671 Benedicti
600 1598 681 1669 XIV
707 1599 947 1671 constitutione.
976 1604 1010 1669 2ο
1033 1600 1107 1670 Non
1128 1600 1222 1671 dehet
1240 1603 1282 1671 ad
1304 1626 1442 1673 examen

290 1707 452 1801 ejusmodi
474 1706 705 1775 instantiarum
720 1706 909 1799 procedere,
927 1706 991 1776 uisi
1010 1716 1182 1801 postquam
1201 1730 1345 1779 examen
1362 1712 1443 1781 illud

290 1814 464 1887 aSummo
487 1813 645 1884 Pontifiee
663 1814 712 1884 illi
738 1814 838 1883 fuerit
859 1815 1085 1886 commissum.
1107 1815 1241 1885 Constat
1255 1818 1385 1911 pariter
1405 1844 1442 1889 ex

290 1923 502 1995 Benedictina
515 1920 756 1991 constitutione.
776 1926 809 1991 3ο
826 1924 908 1993 Tota
924 1922 1089 2014 indagatio
1100 1922 1142 1993 ad
1156 1923 1442 1996 determinandum

291 2033 401 2102 Sacrae
416 2028 687 2121 Congregatiouis
702 2036 816 2100 votum
839 2028 983 2123 (quaudo
996 2030 1061 2122 ipsi
1079 2031 1336 2123 expendendum
1351 2056 1443 2103 com-

291 2139 434 2209 mittitur
448 2138 613 2231 ejusmodi
623 2137 903 2231 dispensationum
916 2138 1110 2229 negotium),
1122 2144 1273 2208 vereatur
1281 2139 1372 2210 circa
1381 2142 1443 2211 duo

290 2248 362 2317 haec
387 2274 394 2316 :
422 2269 465 2316 an
486 2246 644 2339 probetur
666 2245 912 2316 matrimonium
935 2267 1003 2315 non
1031 2245 1132 2314 fuisse
1155 2258 1439 2335 consummatum

291 2364 324 2425 et
344 2379 399 2443 an,
426 2355 486 2424 hoe
508 2353 656 2446 probato,
682 2354 773 2445 juata
802 2352 962 2443 allegetur
992 2351 1202 2443 dispensandi
1230 2376 1345 2424 causa.
1366 2358 1443 2439 Qua

292 2464 359 2533 duo
373 2462 401 2531 si
415 2468 574 2550 constent,
590 2460 690 2531 Sacra
703 2460 922 2551 Cougrcgatio
936 2458 1109 2551 respondet
1123 2460 1336 2553 affirmative,
1350 2462 1386 2533 id
1401 2472 1445 2531 est

292 2571 365 2640 dari
388 2570 499 2639 locum
521 2566 736 2639 concedendas
768 2566 1022 2659 dispensationi,
1049 2566 1076 2633 si
1106 2576 1217 2637 autem
1246 2569 1442 2639 alterutrum

293 2678 386 2766 desit,
403 2677 553 2769 nepatioe
567 2675 752 2768 respondet.
770 2674 866 2757 Quod
882 2683 994 2744 votum
1011 2673 1235 2744 consultivnm
1251 2677 1442 2745 secretarius

294 2788 404 2857 Sacra
416 2782 685 2875 Congregationis
699 2780 805 2852 defert
825 2780 866 2851 ad
882 2780 1146 2869 Sanctissimum3
1167 2790 1199 2850 et
1219 2792 1320 2875 prout
1342 2784 1443 2853 Sanc-

292 2894 443 2963 tissimus
463 2890 545 2961 illud
572 2890 730 2983 approbat
757 2889 811 2960 vel
838 2889 957 2982 rejicit,
986 2886 1160 2981 expeditur
1186 2890 1240 2960 vel
1262 2888 1442 2984 denegatur

297 2998 459 3096 postulata
474 2996 683 3091 dispensatio.

338 3112 398 3181 IV.
417 3110 468 3178 An
483 3108 518 3175 in
533 3103 734 3198 expedienda
755 3128 855 3174 caasa
875 3105 1127 3199 deportationis
1147 3107 1361 3177 matrimonii
1380 3110 1443 3177 rati

294 3242 360 3290 non
387 3214 615 3295 consummati,
639 3211 808 3283 secanae
829 3212 894 3281 sint
920 3214 1015 3305 apud
1036 3217 1179 3285 Sacram
1204 3216 1441 3308 Conprepatio-
1493 3272 1494 3275 ,

297 3350 374 3400 nem
394 3323 613 3394 solemnitates
626 3345 648 3390 a
663 3319 836 3391 Benedicta
850 3322 931 3391 XIV
939 3322 1140 3414 praescriptae
1160 3322 1195 3390 in
1214 3323 1323 3392 cause's
1343 3325 1428 3393 null'

298 3436 378 3507 tatis
404 3429 632 3502 matrimonii?
645 3467 690 3482 —
714 3431 747 3497 1⁰
764 3428 871 3498 Causa
891 3426 1139 3522 dispensationis
1160 3430 1366 3501 matrimonii
1385 3431 1441 3501 rati

297 3568 365 3616 non
379 3538 611 3626 consummati,
627 3559 756 3629 semper
775 3536 930 3629 implicite
951 3538 1093 3606 eontinet
1109 3545 1140 3606 et
1158 3537 1300 3607 involvit
1314 3562 1440 3609 causam

294 3648 453 3722 nullitatis
472 3643 674 3716 matrimonii
689 3672 697 3713 r
714 3666 792 3712 nam
810 3642 846 3711 in
861 3664 958 3713 causa
976 3642 1071 3713 dictae
1095 3643 1364 3736 dispensationis,
1385 3646 1440 3715 Sa·
1492 3660 1493 3683 *

297 3784 363 3831 cras
381 3752 637 3848 congregationi
651 3751 848 3823 solvendum
863 3752 1026 3822 incumbit
1040 3751 1102 3822 hoc
1117 3750 1268 3839 dubium,
1286 3778 1335 3823 an
1348 3778 1440 3847 eape-

294 3868 367 3937 diat
381 3885 479 3934 necne
492 3858 623 3931 concedi
639 3858 846 3929 matrimonii
864 3858 964 3951 (quod
979 3858 1196 3951 praetenditur
1206 3882 1274 3929 non
1289 3882 1440 3933 cousum-

296 3972 433 4063 matum)
455 3965 740 4062 dipensationem.
767 3967 836 4036 Hoc
857 3975 965 4036 autem
985 3966 1124 4036 dubium
1144 3964 1341 4038 affirmative
1364 3967 1440 4039 solvi

297 4082 411 4177 nequit
425 4078 489 4149 nisi
504 4075 600 4171 prius
615 4073 721 4144 soluto
734 4074 797 4144 hoo
812 4074 912 4144 altero
927 4074 1040 4163 dubio,
1052 4087 1168 4144 atram
1180 4096 1296 4144 neam
1311 4077 1366 4159 sit,
1379 4100 1440 4145 nen

296 4186 502 4261 interemisse
528 4182 739 4253 matrimonii
764 4182 1092 4252 consummationem.
1119 4183 1222 4252 Prout
1249 4190 1363 4253 autem
1385 4182 1439 4252 hoc

295 4296 451 4369 ultimum
460 4292 601 4365 dubium
613 4289 809 4363 affirmative
819 4290 870 4361 nel
879 4291 1031 4381 negative
1045 4290 1195 4380 solvitur,
1207 4291 1439 4383 pronuntiatur
