3050 4984
288 440 349 508 eto
660 457 836 506 mrcrirns
859 457 898 506 nn
920 457 1054 506 nmmos.

282 583 381 664 tione,
402 581 563 650 iubentur
580 581 671 672 infra
694 581 754 650 sub
779 581 877 650 titulo
902 581 1291 662 DOOUMENTORUM,
1308 601 1428 650 nnme-

201 685 207 702 '
283 690 368 758 ris...
399 691 573 781 Comperto
598 689 702 779 ipitur
721 689 948 758 authenticam
974 711 1040 757 esse
1059 690 1241 781 pensatam
1267 687 1431 758 Frmrcirei

286 796 409 864 Zelotc·
432 794 725 876 denuntiationem
743 794 882 864 demerit
896 794 1085 864 reverendus
1105 797 1148 865 N.
1173 794 1320 864 Vicae-ins
1334 818 1430 886 pene-

283 903 364 971 rotis
380 915 483 992 prout
501 902 595 993 juris
613 901 801 993 procedere,
820 914 850 970 et
874 925 926 970 me
950 903 1123 970 notorium
1142 901 1318 994 publicum
1340 901 1431 969 odeo

283 1009 412 1078 vocavit
424 1009 502 1077 etin
515 1009 706 1078 actum-inm
720 1007 902 1100 deputant.
916 1011 998 1078 Aeto
1013 1020 1091 1077 sunt
1103 1008 1214 1078 tec„
1225 1047 1270 1060 -
1282 1011 1357 1100 Epo
1369 1010 1428 1088 Ν.,

290 1116 437 1186 Vicarins
457 1115 627 1206 poneretis.
645 1154 691 1168 -
704 1117 779 1206 erqo
794 1117 853 1196 Ν.,
871 1116 1051 1186 meones.
1076 1142 1093 1182 o

325 1259 361 1329 Si
377 1281 456 1329 vero
469 1258 523 1327 ille
538 1257 632 1350 cujus
652 1281 773 1326 nomen
792 1259 1007 1330 subscribitur
1031 1258 1273 1330 denuntiationi
1290 1257 1335 1330 nd
1348 1257 1431 1350 Epi-

281 1387 415 1458 scopum
428 1366 641 1452 transmissos,
655 1374 784 1434 ostensa
795 1363 858 1434 sibi
869 1366 930 1434 hnc
942 1365 1199 1454 denuntiatione,
1215 1365 1431 1436 dicsieenni-

279 1473 408 1542 lctenus
422 1495 494 1542 enm
511 1472 691 1562 scripsisse,
707 1473 817 1540 stetim
846 1471 1047 1544 claudendus
1060 1480 1109 1542 est
1131 1495 1323 1566 processum
1340 1473 1430 1565 quod

281 1581 353 1650 lieri
369 1588 473 1672 potest
486 1579 631 1648 adhibite
653 1579 770 1648 ultimo
797 1580 940 1650 formula
963 1603 1068 1673 usquc
1088 1581 1130 1650 nd
1146 1581 1247 1650 verbo
1261 1592 1430 1672 comperto

279 1687 383 1779 ipitur
396 1687 624 1755 authenticum
643 1711 705 1766 ...;
720 1709 860 1778 quorum
882 1686 953 1756 loco
967 1689 1014 1756 sic
1028 1689 1126 1756 scribi
1142 1695 1246 1780 potest
1263 1715 1273 1756 t
1293 1715 1310 1754 r
1328 1689 1430 1758 Com-

274 1807 373 1887 perto
386 1793 490 1883 ipitur
503 1814 544 1860 en
560 1792 757 1883 pendebitis
779 1793 908 1862 nullom
921 1793 1020 1884 ficiem
1041 1793 1328 1864 denuntiationem
1343 1795 1430 1886 Epi-

281 1923 377 1992 scopo
403 1899 642 1981 trasumenum,
658 1922 699 1969 ec
714 1921 751 1968 co
766 1899 857 1990 quod
870 1923 936 1969 non
958 1915 1120 1994 appareat
1136 1923 1281 1994 persocia
1300 1901 1429 1970 dosun-

282 2008 422 2088 tectore,
449 2005 588 2077 decrevit
616 2005 809 2076 reuerendus
836 2009 878 2078 N.
915 2009 1059 2078 Viccrius
1087 2009 1246 2100 pennulis
1269 2031 1336 2078 non
1364 2031 1430 2078 esre

282 2115 419 2182 ulterius
441 2112 694 2205 procedendum.
718 2116 800 2185 Aeto
824 2127 898 2184 sunt
915 2116 1024 2186 lenc...
1041 2155 1086 2170 -
1100 2119 1174 2208 Epo
1197 2118 1256 2198 Ν.,
1280 2117 1429 2185 Vicmius

280 2221 450 2314 penerolis.
463 2223 591 2311 -Epo
606 2224 665 2304 Ν.,
682 2222 862 2290 actuarius.
880 2247 898 2288 o

812 2495 833 2594 e
856 2499 913 2574 u.

294 2671 321 2726 Si
331 2669 490 2726 denuntiem
504 2686 550 2738 per
563 2671 662 2724 liccem
676 2672 754 2724 misen
766 2671 843 2724 tuerit
860 2675 886 2722 st
900 2671 1058 2725 dmunticm
1070 2677 1144 2726 extra
1156 2671 1293 2726 dioecesim
1307 2673 1410 2734 existet.

328 2778 378 2816 nec
388 2761 510 2829 expedint
518 2777 578 2814 eum
592 2762 623 2814 nd
636 2761 735 2814 curium
748 2761 848 2825 soceri,
860 2761 969 2827 procedi
978 2767 1004 2814 et
1016 2761 1096 2814 scribi
1107 2763 1203 2828 poterii
1212 2762 1265 2815 icoc
1278 2763 1377 2814 modo:

327 2973 419 3042 Tunc
431 2971 554 3040 scilicet
568 2969 610 3038 sd
624 2968 836 3038 Ordinnrium
849 2968 993 3059 judicem
1005 2967 1191 3055 dioceseos,
1207 2967 1244 3035 in
1258 2991 1325 3060 qua
1335 2968 1425 3058 degit

282 3079 488 3161 denuntians,
505 3076 727 3170 expediuntur
746 3074 863 3143 litteren
878 3075 1120 3156 remissoriolcs,
1138 3075 1260 3166 quibus
1275 3083 1421 3164 rogatur,

280 3198 317 3258 ut
330 3185 594 3255 informationem
604 3193 711 3252 sumet
722 3190 754 3250 et
767 3190 877 3274 postea
888 3182 1085 3250 transmittat
1094 3203 1192 3274 super
1204 3182 1278 3270 hoc,
1286 3205 1328 3250 an
1337 3205 1424 3273 prm-

282 3308 392 3365 tensus
411 3291 606 3361 denuntians
628 3311 743 3357 revers
762 3289 1016 3357 denuntiationis
1032 3289 1072 3356 de
1090 3311 1155 3381 qua
1179 3289 1288 3380 egitur
1311 3298 1425 3358 auctm

281 3405 335 3471 sit.
352 3402 503 3470 Formam
519 3406 630 3465 autem
640 3394 801 3488 ejusmodi
812 3395 994 3465 litterarum
1009 3395 1291 3480 remissoriolium,
1307 3404 1339 3462 et
1353 3418 1424 3464 mo-

281 3509 363 3578 dum
378 3530 444 3599 quo
459 3505 531 3574 illes
545 3503 664 3594 exequi
673 3501 768 3570 debet
778 3501 881 3593 judex
896 3502 939 3570 ud
950 3525 1047 3594 quem
1061 3503 1248 3586 mittuntur,
1261 3503 1315 3570 hic
1324 3505 1424 3570 omit·

281 3617 383 3684 timus
388 3641 397 3701 3
415 3612 492 3706 quis
506 3610 636 3678 mutetis
651 3607 818 3677 mutandis
833 3608 925 3677 facile
939 3609 1044 3700 aptari
1058 3617 1211 3700 poterunt
1222 3609 1263 3676 od
1272 3631 1423 3677 normam

281 3721 481 3805 earumdem,
506 3717 594 3784 inire
617 3714 822 3798 trudendam,
841 3738 900 3806 pro
923 3715 1142 3785 examinando
1159 3723 1249 3806 teste,
1267 3715 1301 3784 in
1318 3717 1425 3785 alienu

282 3827 568 3918 dimcesidegentc.
