3050 4984
284 504 346 567 200
659 504 830 571 reseratus
852 526 891 570 nu
913 524 1047 571 runicus.

286 673 303 711 ιι
326 642 405 713 adeo
433 654 468 712 ut
496 644 652 736 peculiari
684 646 717 711 in
746 645 807 713 hae
836 645 911 713 lacti
937 644 1170 735 contingentia,
1200 645 1320 714 nedum
1348 644 1426 714 talia
1515 729 1516 744 ἶ

286 778 301 816 ιι
326 752 475 842 deinceps
495 751 680 841 juramenta
702 750 857 841 exigendi
880 752 1053 819 necessitas
1077 774 1145 821 nou
1169 752 1279 821 adesse
1303 753 1425 843 prote-
1515 787 1516 822 t

286 886 301 923 ιι
326 870 391 943 tur,
406 858 473 925 imo
495 858 614 949 potius,
632 880 672 925 ne
699 858 754 925 illa
778 859 910 949 penitus
933 860 1119 947 exigantur,
1138 860 1221 927 sacri
1247 860 1317 950 ipsa
1329 860 1425 950 jura-
1515 885 1517 960 ᾖ

284 992 300 1028 ιι
326 967 424 1032 urenti
449 966 530 1034 ratio
552 966 692 1055 postulet
714 987 751 1033 ac
774 966 928 1044 suadeat;
947 966 1023 1033 hinc
1044 978 1092 1034 est
1117 966 1205 1059 quod
1228 966 1306 1047 Nos,
1324 967 1425 1034 ratio·
1515 1043 1516 1046 Ἴ

284 1097 300 1135 ιι
324 1072 420 1139 uibus
457 1070 614 1161 utrinque
650 1072 834 1162 perpensis,
871 1081 902 1139 et
939 1072 1185 1164 quamplurium
1227 1071 1426 1141 inherentes

283 1206 299 1243 ιι
323 1178 501 1267 insignium
522 1177 737 1246 tribunalium
758 1179 866 1269 praxi,
887 1179 1110 1270 juramentum
1126 1181 1246 1271 ipsum,
1273 1203 1331 1271 per
1350 1203 1426 1249 reos

282 1288 367 1354 «sie
388 1285 603 1354 criminaliter
625 1284 797 1375 inquisitos
823 1286 1059 1377 praestandum,
1083 1287 1229 1356 consulto
1256 1286 1346 1378 (dum
1374 1288 1424 1355 uti
1515 1311 1516 1324 ¹

282 1420 297 1457 ιι
323 1378 519 1484 principales
543 1391 769 1459 tautummodo
790 1392 1045 1481 constituuntur)
1074 1392 1254 1461 tollendum
1283 1403 1315 1461 rt
1342 1394 1426 1462 snb·
1515 1441 1516 1446 ι

283 1526 298 1565 ιι
323 1498 521 1567 movendum
548 1497 719 1584 ducimus;
741 1508 850 1589 prout,
875 1521 967 1567 sacro
987 1499 1087 1567 etiam
1110 1499 1309 1591 approbante
1329 1500 1425 1569 Gon-

282 1636 298 1673 ιι
321 1606 411 1691 cilio,
427 1604 583 1695 presenti
598 1604 669 1672 haec
683 1604 911 1674 constitutione
925 1607 1062 1674 omnino
1078 1606 1221 1675 tollimus
1236 1629 1273 1675 ac
1286 1606 1425 1676 submo-
1515 1629 1516 1638 ¹

280 1742 296 1779 ιι
323 1736 448 1781 vemus.
473 1712 538 1780 Nec
558 1712 780 1802 juramentum
803 1711 994 1803 hujusmodi
1012 1714 1424 1783 ullatenusareiseisdem
1515 1731 1516 1738 ’

198 1896 203 1907 ¹
281 1850 297 1887 ιι
321 1822 396 1913 (nisi
413 1829 518 1887 tamen
542 1828 577 1886 ut
593 1826 688 1886 testes
711 1818 818 1910 quoad
842 1820 923 1888 alios
942 1821 1200 1911 examinentur),
1215 1821 1250 1889 iu
1269 1821 1424 1894 futurum

281 1957 297 1993 ιι
320 1950 378 2019 per
400 1948 624 2019 quoscumque
642 1924 769 2016 judices
784 1935 815 1993 et
834 1926 1013 2013 ministros,
1031 1929 1092 1996 sub
1106 1929 1223 2020 quovis
1243 1937 1421 2020 pretextu,

279 2065 295 2100 ιι
319 2058 416 2103 causa
443 2047 474 2101 et
495 2033 633 2124 quaesito
660 2033 784 2119 colore,
802 2033 956 2102 volumus
978 2036 1148 2125 exigatur,
1176 2036 1258 2104 alias
1279 2058 1425 2105 examen

280 2172 295 2209 ιι
319 2143 387 2211 sive
402 2143 625 2223 constitutum,
647 2162 684 2207 ac
697 2148 767 2207 acta
789 2141 898 2208 omnia
922 2141 1014 2210 nulla
1035 2143 1103 2210 sint
1117 2165 1156 2210 eo
1177 2144 1248 2233 ipso
1266 2151 1297 2209 et
1311 2144 1421 2231 irrita,

279 2278 295 2315 ιι
319 2250 473 2341 omnique
489 2256 617 2315 careant
631 2256 743 2316 contra
758 2270 831 2315 reos
845 2246 972 2316 effectu.
992 2276 1008 2312 u

319 2354 482 2431 Secundo,
497 2354 647 2444 quamvis
660 2355 755 2421 citata
768 2356 954 2423 constitutio
966 2355 1021 2445 jus
1036 2379 1102 2425 uon
1115 2356 1210 2424 faciat
1230 2357 1292 2424 nisi
1308 2359 1423 2448 quoad

275 2464 473 2555 provinciam
500 2484 683 2547 romanam,
699 2470 807 2527 tamen
827 2460 1037 2531 validissima
1054 2464 1194 2532 rationes
1208 2488 1283 2555 quae
1297 2466 1332 2533 in
1346 2466 1424 2556 ipsa

272 2572 467 2659 allegantur,
491 2567 698 2636 vehementer
713 2566 853 2635 suadent
875 2577 911 2636 ut
936 2570 1056 2661 ubique
1071 2571 1275 2657 observetur,
1291 2579 1323 2641 et
1337 2595 1423 2640 con-

272 2679 371 2746 traria
384 2675 582 2743 consuetudo
597 2674 637 2742 de
653 2673 759 2742 medio
776 2674 917 2761 tollatur,
933 2688 1030 2765 prout
1051 2676 1183 2747 adnotat
1206 2678 1330 2747 Giraldi
1345 2680 1422 2766 (Ius

274 2785 495 2874 Pontificium,
513 2792 591 2851 tom¹
615 2788 645 2866 1,
664 2794 740 2850 sect.
760 2783 852 2872 275).

318 2893 434 2971 Tertio,
454 2890 494 2957 de
509 2890 594 2959 laeto
620 2888 714 2957 hodie
736 2910 849 2958 omnes
868 2895 1063 2980 generaliter
1078 2895 1299 2963 ecelesiasticae
1312 2896 1419 2964 curiae
1515 2879 1516 2922 ³

272 2999 389 3066 dictam
406 2996 671 3065 constitutionem
684 3008 885 3085 sequuntur;
903 3000 949 3067 ita
961 3008 997 3068 ut
1012 3001 1174 3089 generalis
1185 3024 1223 3069 ea
1235 3002 1344 3091 praxis
1353 3025 1421 3093 pro

269 3105 342 3193 jure
355 3102 525 3171 comrunui
538 3101 606 3191 jam
621 3100 733 3168 haberi
749 3104 859 3191 possit.

316 3210 356 3276 ll.
384 3207 581 3275 Existimant
601 3206 796 3274 recentiores
816 3211 992 3279 canonistas
1013 3235 1079 3279 non
1102 3213 1210 3302 pauci,
1234 3212 1421 3281 extendeu-

271 3317 346 3383 dam
362 3313 549 3405 praedictam
568 3312 812 3401 dispositionem
827 3316 868 3383 ad
889 3338 1003 3385 causas
1021 3318 1117 3387 etiam
1139 3320 1262 3405 civiles,
1281 3322 1420 3411 quando

269 3434 347 3491 sunt
358 3424 495 3512 fumosa
516 3420 646 3511 (quibus
669 3442 786 3511 nempe
801 3444 877 3490 reus
892 3422 1066 3492 damnatus
1087 3426 1219 3493 infamis
1245 3426 1417 3515 redditur,

271 3529 382 3621 quales
398 3536 487 3612 sunt,
505 3526 596 3593 verbi
610 3526 727 3615 gratia,
744 3548 851 3595 causae
868 3531 1055 3621 usurarum)
1077 3558 1084 3598 :
1102 3532 1169 3600 imo
1190 3542 1222 3600 et
1236 3532 1276 3601 ad
1299 3556 1421 3605 causas

270 3634 381 3704 civiles
394 3633 565 3725 quaslibet,
582 3631 609 3698 si
635 3632 700 3699 sint
722 3632 837 3702 ardua
851 3656 909 3703 seu
922 3638 1090 3706 notabiles.
1112 3637 1207 3728 (Vide
1227 3638 1419 3729 Giraldum,

269 3745 339 3812 loco
356 3741 479 3828 citato.)
501 3738 537 3805 ld
556 3738 755 3807 concludunt
776 3764 817 3809 ex
840 3742 979 3834 eoquod
1004 3744 1103 3813 etiam
1129 3754 1206 3813 tunc
1231 3745 1422 3819 maximum

267 3848 437 3917 immineat
452 3845 586 3937 perjurii
608 3846 812 3935 periculum
829 3849 863 3916 in
878 3874 943 3941 quo
965 3874 1055 3939 casu,
1078 3861 1114 3920 ut
1135 3855 1302 3921 omittatur
1319 3854 1422 3944 jura-

269 3964 417 4023 meutum
442 3951 482 4019 de
503 3951 638 4019 veritate
654 3952 802 4039 dicenda,
820 3957 981 4043 generalis
993 3958 1113 4048 pariter
1129 3960 1240 4051 praxis
1258 3960 1418 4033 olitinuit.

312 4062 367 4129 lll.
386 4060 576 4129 duramenta
588 4058 763 4128 colurnuire
779 4069 811 4128 et
833 4063 971 4132 malitiae
987 4064 1019 4131 in
1035 4064 1107 4133 loro
1121 4066 1333 4135 ecclesiastico
1348 4068 1422 4136 ob-

264 4168 428 4253 solevisse,
447 4166 490 4233 ita
511 4172 547 4233 ut
568 4163 600 4231 in
625 4164 716 4233 nullo
728 4164 796 4255 jam
823 4190 900 4237 casu
913 4167 1062 4237 adhiberi
1077 4171 1212 4258 soleant,
1238 4194 1297 4264 pro
1323 4184 1420 4249 certo

266 4274 378 4344 haberi
394 4280 509 4365 potest.
