3050 4984
537 474 611 519 vans
635 472 783 519 securos.
1166 455 1227 520 253

126 592 171 659 11.
188 591 420 683 Aqraoamiac
430 594 707 685 tamenjadiciali
721 595 924 663 comminata
939 595 1103 686 appellari
1113 607 1230 687 potest.

84 736 124 749 —
140 698 179 765 ld
197 708 305 791 aperte
322 709 509 792 supponunt
525 700 594 769 haec
615 700 715 769 verba
735 702 850 794 capitis
867 703 950 769 Cum
966 714 1109 770 cessante
1125 703 1177 791 (60
1194 702 1233 770 de

86 806 227 897 Appell.)
250 833 257 873 :
279 832 295 869 «
311 806 387 875 Sive
399 805 500 897 juder
517 807 715 894 ordinarius,
733 810 802 877 sive
820 808 987 898 delegatus
1001 807 1127 899 aliquid
1142 831 1231 877 com-

89 939 103 975 a
128 912 286 981 minando
300 913 482 1005 protulerit,
500 938 565 1005 quo
579 916 762 983 executioni
779 914 931 983 mandato
942 915 1023 982 alter
1035 914 1233 1004 litigantium

90 1048 104 1083 a
127 1031 334 1111 gravaretur,
357 1023 384 1089 si
403 1044 422 1089 a
438 1022 494 1090 tali
513 1023 762 1091 comminatione
782 1022 881 1089 fuerit
899 1022 1112 1114 appellatum,
1129 1032 1188 1091 etc.
1211 1050 1228 1087 s

86 1136 197 1228 Neque
224 1137 285 1205 hoc
308 1137 500 1206 contradicit
523 1138 701 1229 praemissa
727 1138 869 1227 regulas,
898 1138 1057 1205 nimirum
1084 1161 1151 1206 non
1173 1160 1232 1229 ap·

87 1243 199 1331 pellari
215 1244 439 1333 agravamine
455 1245 489 1311 in
506 1244 631 1335 judicio
647 1244 830 1332 inferendo,
846 1244 902 1313 sed
918 1253 1044 1313 tantum
1066 1245 1108 1311 ah
1121 1244 1230 1324 illato;

88 1368 159 1415 nam
181 1370 361 1437 gravamen
381 1348 526 1440 ajudice
548 1350 783 1419 comminatum
803 1357 936 1418 nonest
956 1371 1042 1416 mere
1067 1349 1230 1434 futurum,

88 1452 140 1521 sed
153 1455 223 1545 jam
244 1454 296 1521 lric
312 1464 343 1523 et
358 1478 446 1523 nunc
460 1467 587 1543 gravat,
604 1465 633 1523 et
654 1479 712 1547 pro
733 1456 888 1549 praesenti
904 1455 1052 1523 habetur.
1072 1453 1109 1522 Si
1125 1464 1233 1522 tamen

86 1559 184 1649 judex
206 1569 277 1652 post
300 1562 584 1630 comminationem
609 1564 723 1631 tactam
746 1584 817 1631 eam
841 1571 1044 1648 retractaret,
1069 1572 1175 1651 posset
1198 1564 1233 1629 in

88 1689 180 1735 causa
202 1689 354 1757 pergere,
377 1668 590 1737 nonobstante
615 1670 829 1761 appellatione
852 1692 871 1736 a
891 1669 1089 1737 comminato
1110 1691 1232 1757 grava-

89 1774 184 1861 mine,
213 1784 310 1866 prout
334 1797 484 1866 expresse
507 1775 691 1845 decernitur
716 1777 750 1843 in
779 1775 875 1844 modo
898 1777 993 1843 citato
1019 1775 1121 1867 capite
1146 1776 1232 1843 Cam

90 1894 239 1950 cessante.

130 1988 184 2055 lll.
204 1992 231 2056 A
252 1990 444 2079 precamine
462 1989 741 2079 entra-jndiciali,
758 1989 858 2058 etiam
875 1992 993 2081 sienae
1014 2003 1044 2058 et
1062 2014 1127 2057 nan
1144 2013 1233 2058 com-

91 2095 225 2176 minata,
248 2096 411 2187 appellari
425 2109 542 2187 potest.
561 2135 604 2148 -
621 2098 669 2164 lta
685 2096 882 2165 concludunt
903 2118 944 2163 ex
960 2096 1162 2165 Clementina
1176 2098 1233 2164 Si-

90 2215 140 2268 cut
160 2204 202 2291 (3,
219 2202 258 2271 dc
273 2204 466 2295 Appellat),
490 2213 560 2272 tum
581 2204 689 2293 glossa
711 2205 754 2291 (in
772 2202 871 2269 verbo
886 2203 1037 2292 Futuro),
1055 2211 1125 2269 tum
1151 2202 1233 2269 doc-

91 2316 171 2377 tores
184 2310 411 2379 communiter.

133 2416 210 2483 Tota
228 2439 307 2506 ergo
327 2418 465 2510 quaetio
489 2417 528 2485 de
554 2418 767 2509 appellatione
787 2440 807 2484 a
824 2417 952 2507 sectaris
973 2416 1231 2505 gravaminibus,

90 2531 188 2610 potest
203 2524 249 2591 sic
264 2526 406 2593 breviter
420 2526 543 2615 exponi
560 2548 635 2593 cnm
652 2524 967 2614 Schmalzgrueber:
990 2550 1007 2587 a
1022 2523 1234 2613 Distinguen-

95 2654 109 2691 α
131 2628 208 2697 dum
223 2640 271 2699 eat
284 2632 368 2701 inter
379 2633 627 2724 appellationem
639 2630 803 2722 injudicio
815 2640 846 2698 et
859 2637 953 2697 extra
961 2630 1121 2720 judicium
1134 2654 1141 2693 τ
1158 2654 1233 2700 uam

94 2758 110 2797 a
131 2746 221 2804 extra
233 2736 393 2827 judicium
409 2738 563 2829 appellari
580 2738 796 2829 potestatium
816 2760 836 2804 a
854 2736 1047 2825 gravamine
1068 2737 1179 2805 tuturo
1203 2749 1235 2805 et

96 2866 111 2903 a
132 2844 275 2911 nondum
294 2842 383 2911 illato
405 2867 463 2913 nec
479 2846 686 2913 comminata.
711 2847 754 2913 At
769 2844 803 2910 in
820 2842 943 2933 judicio
957 2842 1113 2935 appellari
1128 2845 1234 2912 solum

96 2973 111 3009 a
132 2958 265 3039 potesta
285 2953 475 3039 gravamine
496 2951 564 3041 jam
583 2951 723 3036 inllicto,
746 2958 778 3018 et
796 2975 816 3018 a
839 2949 1092 3019 comminatione
1112 2974 1233 3039 grava·

97 3082 113 3119 n
134 3058 227 3125 minis
243 3057 416 3144 inferendi,
432 3058 549 3149 injuste
565 3058 649 3127 lacta
664 3081 722 3149 per
732 3059 887 3149 judicem.
902 3085 918 3122 n
938 3058 987 3149 (ln
1002 3058 1053 3125 tit.
1070 3061 1124 3143 28,
1140 3058 1196 3126 lib.
1216 3064 1234 3126 2

95 3161 228 3250 Deerat,
249 3188 281 3231 n.
305 3168 371 3254 17.)

135 3272 276 3351 Qunsrro
291 3276 335 3339 5².
355 3312 398 3323 -
411 3274 461 3339 Aa
478 3271 573 3340 detur·
588 3272 766 3363 appellatio
782 3296 803 3339 a
818 3272 959 3339 cenmmls
974 3275 1237 3340 excommunica-

98 3375 196 3460 tionis,
216 3378 436 3469 suspensionis
451 3392 481 3447 et
497 3378 685 3447 interdicti?
701 3418 744 3431 -
760 3379 786 3445 l.
802 3379 839 3448 Si
854 3378 958 3469 judex
973 3400 1144 3447 censuram
1160 3403 1233 3470 pro-

98 3488 212 3554 nuntiet
229 3497 306 3576 post
327 3486 528 3575 interjectam
550 3487 798 3577 appellationem
813 3486 854 3553 ab
877 3486 947 3575 ejus
966 3486 1135 3571 sententia,
1160 3509 1237 3554 cen-

98 3610 165 3657 sura
179 3592 249 3659 haec
263 3592 398 3659 omnino
414 3592 505 3661 nulla
523 3603 583 3679 est,
602 3602 633 3660 et
648 3592 821 3684 appellatio
835 3616 855 3659 a
874 3592 1031 3660 sententia
1053 3593 1238 3661 nullatenus

100 3716 149 3783 per
163 3720 232 3765 eam
252 3720 421 3767 censuram
445 3698 631 3790 impeditur.
657 3700 759 3767 Casus
782 3722 898 3789 nempe
916 3698 970 3765 ille
984 3706 1031 3765 est
1051 3722 1239 3789 :suppona-

101 3822 165 3869 mus
177 3804 417 3893 pronuntiatam
428 3804 468 3871 ab
483 3804 643 3895 Episcopo
655 3804 754 3872 fuisse
767 3804 960 3871 sententiam
975 3812 1087 3871 contra
1098 3805 1240 3894 aliquem

102 3905 263 3996 clericum,
287 3920 480 3979 nontamen
502 3909 601 3978 ullam
624 3934 794 3979 censuram
821 3938 827 3977 :
852 3911 1004 3978 clericum
1025 3933 1104 3978 vero
1123 3912 1239 4001 appel-

102 4010 173 4081 lasse
193 4017 232 4083 ab
255 4018 314 4084 hac
335 4018 504 4085 sententia.
529 4018 621 4085 Tunc
645 4018 672 4083 si
696 4018 877 4109 Episcopus
900 4027 1011 4086 contra
1031 4016 1118 4084 hune
1140 4018 1239 4087 cleri-

103 4140 168 4187 cum
181 4146 349 4191 censuram
364 4124 564 4215 pronuntiet,
583 4124 674 4191 irrita
688 4124 748 4191 erit
766 4126 858 4193 istius
880 4123 967 4191 modi
982 4144 1117 4191 censura
1136 4151 1143 4192 ι
1162 4129 1238 4217 quia

106 4247 155 4313 per
176 4229 372 4321 interjectam
398 4230 579 4320 legitimam
605 4230 854 4322 appellationem
866 4282 876 4319 ,
906 4252 1062 4321 suspensa
1087 4235 1241 4303 remansit
