3050 4984
280 500 342 564 330
653 516 828 567 immarus
849 518 889 567 oe
910 518 1044 567 rourum

278 649 395 707 cetro-
396 638 617 730 judicialiter,
643 662 683 708 er
705 662 911 732 pnacnmqm
934 663 1045 722 mmo,
1067 640 1169 711 enom
1190 640 1231 709 ob
1253 641 1417 709 occuitum

277 746 412 831 crimen,
423 746 608 816 referendus
617 746 714 817 etism
728 771 797 817 esse
810 751 851 817 ed
864 748 1043 817 secondum
1057 748 1240 818 membrum
1252 748 1415 841 phraseos,

278 854 335 924 ubi
347 854 513 945 Episcopis
528 853 723 924 adscribitur
735 855 870 924 incultas
881 855 1099 947 suspendendi
1112 856 1279 947 areccptis
1291 854 1417 925 ordini·

276 962 352 1046 bus,
372 982 497 1029 necnon
511 984 531 1029 e
544 960 769 1051 dignitatibus,
787 962 945 1049 gradibus
958 970 990 1029 et
1005 961 1120 1031 officiis
1136 988 1145 1029 ε
1161 962 1208 1029 itu
1230 962 1361 1047 scilicet,
1382 970 1420 1031 ut

276 1090 314 1136 oe
328 1068 427 1136 verbe
442 1068 475 1136 in
491 1068 551 1135 boc
568 1067 714 1135 membro
728 1068 884 1158 phraseos
898 1068 1035 1159 repetita
1043 1069 1167 1137 censeri
1181 1067 1318 1137 debeant
1331 1065 1419 1158 :jam

276 1198 355 1245 vero
366 1176 590 1268 repetitionem
605 1175 695 1243 illam
706 1174 909 1268 exequendo,
924 1176 1153 1245 Tridentiuum
1163 1175 1329 1243 decretum
1341 1198 1419 1243 evu-

275 1284 325 1353 dit
340 1284 461 1353 terroris
480 1282 693 1375 hujusmodi:
715 1284 784 1367 Qm'
797 1284 902 1351 asnis
916 1281 1095 1363 ordinibus,
1115 1304 1171 1351 sen
1193 1281 1349 1373 prodicus
1369 1284 1422 1353 oei
1514 1303 1519 1376 ξ

277 1392 490 1475 dignitatibus
504 1390 722 1457 ecclesiasticis
734 1392 1019 1474 sueritsnspemns
1030 1394 1082 1468 (er
1093 1408 1298 1473 quocumque
1307 1408 1420 1469 conso,

277 1500 378 1565 etiem
396 1499 436 1563 ob
454 1499 613 1563 occultum
631 1499 767 1576 crimen,
785 1496 1038 1581 quomodolibet,
1056 1498 1156 1560 etiam
1173 1497 1421 1579 entre-jndicio-

277 1606 371 1687 lr'tcr),
395 1606 498 1685 nullo,
519 1614 632 1669 contro
654 1606 755 1691 ἱρείας
779 1604 913 1670 Preton'
934 1604 1145 1682 volontatem,
1159 1605 1208 1667 od
1219 1605 1348 1687 priores
1365 1623 1422 1667 or-
1515 1609 1521 1692 g

276 1715 378 1792 dines,
400 1712 525 1796 produc
544 1722 576 1777 et
596 1713 770 1796 dignitates
789 1714 858 1777 sive
879 1712 1015 1777 bonores
1035 1712 1195 1775 restitutio
1208 1710 1421 1794 suffropeme.

320 1822 368 1890 lbi
384 1829 491 1890 autem
505 1843 657 1913 expresse
669 1821 836 1912 Episcopis
853 1820 1008 1890 tribuitur
1018 1828 1159 1912 potestus
1172 1817 1424 1910 extra-judicia-

276 1928 350 1997 liter
364 1927 583 2020 suspendendi
599 1928 701 1997 ctiam
715 1928 756 1997 od
771 1928 934 1997 occuitum
950 1929 1085 1997 crimen.
1101 1927 1203 1996 Porro

321 2039 354 2102 2⁰
371 2034 421 2103 Ex
445 2035 503 2103 bac
519 2035 661 2103 iormuln
683 2036 785 2103 etium
799 2034 839 2103 od
853 2036 1016 2103 occuitum
1038 2034 1162 2103 crimen
1184 2033 1303 2102 invicte
1327 2034 1425 2127 sequi

152 2181 157 2190 -
276 2141 406 2211 videtur
428 2142 514 2210 idem
540 2164 634 2233 posse
665 2142 862 2233 Episcopos,
889 2141 1020 2233 quondo
1045 2142 1169 2211 crimen
1195 2162 1262 2209 non
1289 2149 1339 2209 est
1363 2164 1426 2210 oc·

275 2249 414 2335 cultum,
437 2272 495 2317 seu
516 2248 648 2340 quando
670 2259 720 2316 est
739 2248 918 2339 publicum.
935 2248 1019 2317 Nem
1043 2249 1100 2317 ubi
1119 2247 1160 2317 dc
1182 2248 1291 2339 ulique
1313 2249 1425 2339 specie

275 2355 397 2449 aliquid
413 2355 594 2425 affirmetur
609 2378 684 2424 cum
698 2354 857 2448 porticula
872 2356 985 2437 etiem,
1001 2354 1173 2425 affirmatio
1188 2355 1286 2441 cadit,
1303 2365 1335 2423 et
1350 2355 1423 2425 ior·

274 2462 351 2547 tius,
376 2460 411 2529 in
433 2462 512 2529 alias
532 2484 644 2529 omnes
667 2462 808 2553 species,
833 2469 930 2552 prout
952 2484 1067 2530 sensus
1089 2462 1341 2550 grammaticalis
1363 2463 1424 2531 iu-

275 2567 375 2653 dicat,
399 2577 430 2635 ct
454 2568 570 2636 docent
595 2570 811 2636 communiter
836 2568 1021 2637 canonistas.
1049 2568 1103 2637 Sic
1125 2568 1218 2636 verbi
1242 2568 1362 2657 gratim
1394 2569 1425 2638 is

274 2673 326 2741 oui
347 2694 496 2742 concesse
517 2673 580 2741 init
600 2674 736 2741 incultos
751 2697 771 2741 a
785 2674 925 2761 casibus,
943 2674 1046 2742 etiam
1059 2672 1218 2764 Episcopo
1234 2674 1425 2764 reservetis,

274 2778 477 2865 absolvendi,
493 2802 512 2847 a
527 2779 654 2847 fortiori
669 2788 774 2870 potest
789 2802 808 2848 e
822 2780 951 2848 casibus
965 2802 1030 2849 non
1045 2779 1219 2849 reservatis
1237 2778 1427 2849 absolvere.

274 2885 362 2975 Ergo
377 2908 471 2954 exeo
491 2884 579 2978 quod
598 2886 755 2978 Episcopo
770 2910 923 2955 concesse
938 2886 1067 2955 fuerita
1083 2885 1274 2955 Tridentino
1284 2885 1431 2958 incultus

273 2991 578 3083 extra-judicialiter
587 2993 807 3085 suspendendi
817 2994 920 3061 etiam
929 2993 969 3061 ob
979 2994 1144 3062 occuitum
1155 2992 1289 3075 crimen,
1304 2995 1431 3065 merito

273 3100 477 3169 concluditur
500 3101 598 3169 simul
620 3122 770 3169 concesse
794 3101 930 3170 iecultns
954 3100 1261 3193 extre-judicialiter
1282 3123 1430 3193 suspen-

272 3207 369 3277 dendi
384 3209 426 3277 ob
438 3209 562 3277 crimen
576 3232 640 3277 non
652 3209 825 3290 occultum,
840 3231 897 3277 seu
912 3210 953 3279 ob
962 3208 1087 3278 crimen
1103 3208 1284 3299 pubiicum.

318 3316 359 3385 Et
375 3316 445 3384 haeo
463 3316 595 3409 quidem
614 3316 865 3405 argumentatio,
886 3316 970 3384 sicut
989 3315 1209 3384 illustrissimo
1225 3314 1430 3385 Lucionensi

274 3423 423 3511 Praesuli,
441 3424 486 3491 ita
505 3432 536 3491 et
558 3422 639 3489 mibi
659 3423 877 3514 peremptorio
892 3423 1034 3491 videtur.
1056 3422 1123 3490 Nec
1139 3421 1265 3490 dicatur
1285 3422 1430 3493 suadere

276 3530 440 3599 materiam
456 3538 492 3598 ut
509 3527 683 3618 benignius
699 3550 737 3596 ea
752 3530 853 3597 verbs
867 3529 969 3597 etiam
986 3529 1026 3598 ob
1046 3528 1211 3596 occultum
1230 3529 1355 3597 crimen
1372 3531 1429 3597 iu-

273 3644 500 3729 terpretemur.
514 3635 598 3704 Nom
611 3656 723 3703 revere
736 3636 840 3727 potuit
851 3635 1044 3705 Tridentino
1058 3633 1205 3726 synodus
1219 3634 1302 3703 velle
1314 3645 1432 3728 potes-

274 3752 389 3830 tutem,
420 3742 460 3811 de
486 3765 551 3833 que
573 3742 722 3832 egimus,
749 3742 917 3835 Episcopis
942 3743 1104 3831 tribuere;
1132 3764 1191 3811 nec
1217 3743 1429 3813 contrarium

275 3852 441 3944 probatur.
460 3847 554 3931 Quod
570 3857 677 3918 eutem
693 3848 732 3917 de
747 3850 830 3918 iacto
847 3850 1010 3937 tribuerit,
1030 3873 1071 3919 ex
1088 3851 1191 3942 ipsius
1207 3850 1319 3919 verbis
1334 3851 1431 3941 rigo-

276 3981 347 4028 rose
363 3958 522 4049 sequitur.
540 3955 635 4026 Unde
651 3957 770 4025 borum
788 3956 962 4025 verborum
979 3956 1021 4025 ad
1035 3958 1178 4026 ebenum
1194 3980 1328 4026 sonsum
1343 3978 1431 4026 oon-

278 4067 389 4150 torsio,
406 4072 515 4156 utpote
530 4084 664 4155 prorsus
679 4062 865 4149 arbitraria,
882 4062 1010 4133 admitti
1027 4066 1150 4157 nequit.

319 4172 411 4241 Hanc
444 4179 555 4238 tumen
589 4169 812 4261 probationem
845 4192 888 4238 ex
918 4170 989 4263 ipso
1019 4170 1211 4248 Tridentino
1243 4180 1333 4241 textu
1359 4170 1429 4238 de-

275 4277 417 4369 ductam,
435 4300 500 4351 uon
514 4298 646 4370 possum
665 4274 762 4368 (quod
775 4276 914 4348 libenter
926 4277 1038 4369 fateor}
1055 4301 1096 4347 ex
1110 4280 1350 4349 canonistarum
1364 4278 1430 4349 vel
