3050 4984
561 472 636 517 rins
659 471 804 517 sueonos.
1090 512 1094 525 ,
1187 454 1245 518 tot

110 616 130 656 a
152 614 229 659 nam
242 590 363 681 judicis
377 592 554 682 respiciunt
566 595 597 659 et
618 591 680 661 lori
702 590 924 661 declinatoriae
944 590 1115 673 dicuntum
1131 601 1163 661 et
1177 594 1248 661 istae

110 725 127 763 a
148 699 267 789 judicii
287 700 375 768 vires
391 709 548 768 enervant
565 708 597 767 et
618 698 782 767 declinare
803 698 925 767 iaciunt
946 698 1067 786 lorum,
1089 700 1133 769 ita
1154 709 1190 769 ut
1209 700 1251 769 ad

110 834 128 870 α
154 807 307 876 ulteriora
336 806 466 898 procedi
495 828 561 874 non
583 806 696 897 possit,
719 805 841 897 absque
864 815 1009 891 actorum
1033 816 1064 874 et
1082 830 1251 899 processus

109 941 127 979 c
153 913 301 983 nullitate
323 922 382 981 :ut
401 913 429 979 si
451 912 525 1003 quis
542 912 752 1003 privilegium
772 910 888 980 habeat
901 936 920 979 a
931 912 1005 1003 jure
1021 913 1248 1007 exemptionis,

108 1048 125 1083 a
150 1030 284 1113 propter
298 1042 399 1111 quam
411 1017 491 1086 dicit
503 1016 544 1087 de
555 1017 676 1109 judicis
691 1016 953 1108 incompetentia.

155 1156 173 1193 a
197 1128 271 1196 Istra
286 1137 395 1196 autem
410 1126 615 1218 exceptiones
633 1123 852 1193 declinatorias
870 1136 902 1193 ct
916 1127 1173 1219 incompetentia
1193 1128 1251 1220 ju-

109 1264 127 1300 «
151 1235 233 1303 dicis
247 1233 451 1327 opponendas
465 1241 540 1301 sunt
554 1241 629 1300 ante
644 1254 757 1302 omnes
770 1231 850 1300 alias
868 1259 875 1300 :
892 1233 1035 1325 alioquin
1056 1236 1084 1302 si
1103 1257 1251 1327 oppone-

109 1368 128 1407 «
151 1350 266 1411 rentur
280 1342 354 1410 sliae
366 1343 571 1432 exceptiones
586 1338 746 1408 dilatoriae
760 1340 814 1408 vel
828 1341 1065 1431 peremptorias,
1087 1340 1252 1412 videretur

109 1476 127 1513 a
150 1450 328 1519 consentiri
343 1449 378 1517 in
390 1448 548 1540 judicem.

156 1556 281 1639 «Quod
301 1558 329 1625 si
345 1556 509 1647 judicium
524 1554 695 1624 laudatum
713 1564 877 1625 remaneat
894 1578 1001 1625 coram
1017 1557 1129 1628 eodem
1142 1560 1252 1651 judice

109 1692 128 1730 s
151 1666 209 1756 qui
231 1686 324 1733 reum
343 1664 466 1749 citavit,
482 1662 764 1731 nonobstantibus
782 1662 949 1755 oppositis,
968 1664 1023 1733 toli
1039 1688 1115 1735 casu
1136 1666 1252 1758 poterit

110 1800 128 1838 a
152 1794 228 1840 reus
251 1778 432 1841 conventus
456 1770 535 1839 alias
558 1770 765 1863 exceptiones
790 1768 955 1839 dilatorias
979 1793 1154 1864 opponere,
1178 1797 1252 1867 quae

110 1906 128 1944 e
152 1901 323 1971 personam
337 1877 455 1947 actoris
471 1878 657 1969 respiciunt.
674 1877 716 1945 Et
736 1877 808 1945 istm
825 1876 865 1945 de
881 1878 933 1947 sui
955 1888 1071 1947 natura
1085 1882 1251 1969 negotium

109 2014 127 2050 a
151 1986 330 2097 principale
355 1986 396 2053 ad
421 1984 558 2075 longum
584 1983 789 2076 aliquatenus
815 1985 1025 2077 protrabunt3
1051 1997 1147 2079 prout
1166 1998 1252 2058 sunt

108 2118 127 2158 s
150 2092 298 2185 exceptio
312 2092 556 2183 legitimationis
570 2113 718 2184 personae
735 2093 955 2183 procuratoris
967 2095 1125 2164 actoris...
1140 2095 1252 2188 Oppo-

109 2226 127 2265 ι
150 2209 276 2267 nnntur
294 2199 425 2268 tandem
445 2198 518 2266 aliae
539 2199 745 2289 exceptiones
768 2196 940 2286 dilatorias,
968 2222 1043 2290 quae
1066 2224 1173 2271 oausae
1194 2227 1252 2273 seu

108 2306 287 2375 «aetionis
313 2306 503 2397 qualitatem
532 2305 720 2397 respiciunt,
757 2305 915 2374 nimirum
945 2305 1173 2398 ineptitudinis
1200 2312 1251 2379 vel

107 2440 125 2479 c
149 2412 353 2481 obscuritatis
367 2412 482 2498 libelli,
505 2412 643 2503 petendo
656 2422 693 2479 ut
708 2420 797 2480 actor
811 2409 904 2479 illum
919 2410 1059 2483 declaret
1074 2414 1108 2482 in
1123 2415 1179 2484 tali
1199 2418 1252 2485 vel

106 2546 125 2587 s
149 2518 206 2587 tali
221 2530 329 2610 parte;
345 2520 500 2610 temporis
518 2519 772 2609 anticipationis,
789 2526 848 2587 etc.

110 2687 114 2695 .
148 2626 206 2695 vl.
233 2630 279 2693 De
299 2625 541 2716 exceptionibus
558 2625 801 2717 peremptoriis.
818 2664 863 2678 -
881 2652 897 2691 s
913 2626 1084 2719 Opponere
1103 2630 1253 2701 similiter

106 2732 267 2824 «poterit
292 2755 368 2801 reus
395 2732 604 2824 exceptiones
632 2733 877 2825 peremptorias,
909 2756 984 2825 quaa
1015 2736 1148 2827 quidem
1186 2762 1251 2807 non

108 2866 125 2906 s
151 2840 346 2930 protrabunt
368 2839 546 2930 judicium,
570 2839 627 2906 sed
652 2838 734 2907 illud
756 2840 891 2907 omnino
907 2862 1032 2910 cessare
1051 2842 1196 2913 iaciunt:
1217 2854 1252 2914 nt

107 2968 126 3007 s
149 2952 197 3011 est
209 2945 356 3035 exceptio
369 2944 435 3012 litis
449 2943 568 3031 linitae,
587 2944 738 3035 perjurii,
761 2946 808 3014 rei
827 2946 996 3036 judicata,
1012 2952 1249 3041 transactionis,

107 3075 125 3113 s
149 3050 308 3119 nullitatis
331 3072 512 3141 processus,
535 3051 619 3141 pacti
640 3050 766 3119 deuon
783 3054 933 3142 petendo,
951 3068 983 3123 et
1002 3056 1075 3125 aliar
1098 3081 1172 3149 quas
1186 3060 1251 3128 im-

107 3157 373 3248 «pedimentum
400 3165 568 3248 praestant,
600 3179 641 3225 ne
669 3157 891 3227 adulteriora
920 3163 1051 3252 procedi
1082 3168 1182 3257 possit
1216 3169 1251 3235 in

108 3290 126 3328 a
149 3286 258 3333 causa.
275 3290 292 3328 s
312 3263 512 3354 (Pellegrini,
524 3264 621 3332 citato
636 3264 733 3355 loco.)

150 3370 198 3438 De
208 3370 468 3462 exceptionibus,
485 3370 592 3461 quoad
606 3370 736 3439 civilem
751 3372 851 3440 simul
864 3382 896 3440 et
907 3376 1109 3446 criminalem
1122 3402 1250 3471 proces-

104 3498 194 3562 sum,
217 3479 295 3546 satis
314 3476 461 3545 diximus
476 3500 588 3568 supra,
608 3478 747 3546 sectione
773 3483 804 3565 3,
827 3480 1028 3552 subsectione
1050 3489 1083 3573 2,
1103 3510 1131 3556 c.
1156 3492 1191 3575 7;
1211 3488 1252 3557 de

104 3584 406 3653 reconventionibus
420 3596 545 3665 autem,
564 3583 697 3672 ibidem,
715 3608 743 3653 c.
761 3590 792 3653 9.

150 3691 224 3761 vlt.
252 3690 382 3759 uetitis
400 3691 644 3759 contestatione.
661 3730 706 3743 -
728 3718 746 3758 c
769 3694 945 3785 Postquam
965 3711 1072 3769 autem
1093 3702 1249 3793 opposita

109 3824 126 3864 s
150 3807 183 3866 et
204 3797 359 3867 ducussae
383 3799 516 3868 luerunt
538 3799 703 3890 pradictae
725 3822 840 3870 omnes
861 3805 1081 3896 exceptionem
1103 3820 1134 3875 et
1155 3832 1249 3901 quae-

107 3932 127 3979 ‚a
150 3906 228 3973 dam
241 3928 283 3973 ex
302 3905 365 3973 illis
382 3904 542 3993 admisse,
563 3913 621 3974 aut
633 3928 747 3975 omnes
760 3906 886 3999 rejectae
904 3912 1083 4002 extiterint,
1105 3914 1172 3984 sive
1193 3940 1250 4009 per

108 4038 126 4078 c
146 4012 303 4105 judicem,
327 4012 396 4081 sive
418 4035 475 4103 per
495 4021 654 4101 actorem,
675 4013 726 4082 vel
749 4014 859 4085 lorsan
879 4028 1052 4088 reservatae
1071 4022 1112 4090 ad
1137 4025 1250 4095 merita

107 4146 125 4184 a
149 4141 269 4206 causae,
286 4118 391 4206 idest,
408 4118 449 4187 ad
463 4119 663 4189 decisionem
676 4119 759 4211 litis,
774 4123 810 4191 fit
825 4122 889 4193 litis
904 4128 1105 4197 contestatio.
1123 4156 1139 4195 r
1160 4132 1249 4221 (Pel-

102 4225 239 4319 legrini,
254 4225 324 4293 loeo
339 4225 460 4316 citato.)
531 4296 534 4300 ,

270 4352 301 4399 ιι.
1049 4348 1089 4410 26
