<?xml version="1.0" encoding="UTF-8"?>
<!DOCTYPE html PUBLIC "-//W3C//DTD XHTML 1.0 Transitional//EN"
    "http://www.w3.org/TR/xhtml1/DTD/xhtml1-transitional.dtd">
<html xmlns="http://www.w3.org/1999/xhtml" xml:lang="en" lang="en">
 <head>
  <title>
</title>
<meta http-equiv="Content-Type" content="text/html;charset=utf-8" />
  <meta name='ocr-system' content='tesseract 3.04.00' />
  <meta name='ocr-capabilities' content='ocr_page ocr_carea ocr_par ocr_line ocrx_word'/>
</head>
<body>
  <div class='ocr_page' id='page_1' title='image "./tractatusdejudi00goog_0164.png"; bbox 0 0 3050 4984; ppageno 0'>
   <div class='ocr_carea' id='block_1_1' title="bbox 283 434 1047 501">
    <p class='ocr_par' dir='ltr' id='par_1_1' title="bbox 283 434 1047 501">
     <span class='ocr_line' id='line_1_1' title="bbox 283 434 1047 501; baseline 0 -3"><span class='ocrx_word' id='word_1_1' title='bbox 283 434 344 499; x_wconf 77' lang='lat' dir='ltr'><strong>tte</strong></span> <span class='ocrx_word' id='word_1_2' title='bbox 655 456 830 501; x_wconf 75' lang='lat' dir='ltr'><strong>interitus</strong></span> <span class='ocrx_word' id='word_1_3' title='bbox 854 456 891 501; x_wconf 82' lang='lat' dir='ltr'><strong>ns</strong></span> <span class='ocrx_word' id='word_1_4' title='bbox 914 454 1047 500; x_wconf 73' lang='lat' dir='ltr'><strong>eunicus.</strong></span> 
     </span>
    </p>
   </div>
   <div class='ocr_carea' id='block_1_2' title="bbox 275 574 1427 1631">
    <p class='ocr_par' dir='ltr' id='par_1_2' title="bbox 275 574 1427 1631">
     <span class='ocr_line' id='line_1_2' title="bbox 280 574 1424 669; baseline 0.001 -27"><span class='ocrx_word' id='word_1_5' title='bbox 280 575 389 643; x_wconf 86' lang='lat' dir='ltr'><strong>medic</strong></span> <span class='ocrx_word' id='word_1_6' title='bbox 400 574 567 667; x_wconf 81' lang='lat' dir='ltr'><strong>probandi</strong></span> <span class='ocrx_word' id='word_1_7' title='bbox 578 575 613 643; x_wconf 91' lang='lat' dir='ltr'><strong>in</strong></span> <span class='ocrx_word' id='word_1_8' title='bbox 628 577 699 669; x_wconf 89' lang='lat' dir='ltr'><strong>ipso</strong></span> <span class='ocrx_word' id='word_1_9' title='bbox 713 575 873 667; x_wconf 88' lang='lat' dir='ltr'><strong>descripta</strong></span> <span class='ocrx_word' id='word_1_10' title='bbox 886 574 1045 667; x_wconf 88' lang='lat' dir='ltr'><strong>ejusmodi</strong></span> <span class='ocrx_word' id='word_1_11' title='bbox 1062 574 1137 663; x_wconf 88' lang='lat' dir='ltr'><strong>sint,</strong></span> <span class='ocrx_word' id='word_1_12' title='bbox 1155 599 1229 667; x_wconf 76' lang='lat' dir='ltr'><strong>qum</strong></span> <span class='ocrx_word' id='word_1_13' title='bbox 1248 575 1424 643; x_wconf 87' lang='lat' dir='ltr'><strong>videantur</strong></span> 
     </span>
     <span class='ocr_line' id='line_1_3' title="bbox 279 682 1424 773; baseline 0.003 -25"><span class='ocrx_word' id='word_1_14' title='bbox 279 682 320 748; x_wconf 89' lang='lat' dir='ltr'><strong>ad</strong></span> <span class='ocrx_word' id='word_1_15' title='bbox 340 682 550 771; x_wconf 81' lang='lat' dir='ltr'><strong>detegendam</strong></span> <span class='ocrx_word' id='word_1_16' title='bbox 566 684 735 750; x_wconf 80' lang='lat' dir='ltr'><strong>veritatem</strong></span> <span class='ocrx_word' id='word_1_17' title='bbox 757 706 850 773; x_wconf 87' lang='lat' dir='ltr'><strong>posse</strong></span> <span class='ocrx_word' id='word_1_18' title='bbox 866 683 995 769; x_wconf 86' lang='lat' dir='ltr'><strong>ducere,</strong></span> <span class='ocrx_word' id='word_1_19' title='bbox 1017 704 1083 749; x_wconf 90' lang='lat' dir='ltr'><strong>non</strong></span> <span class='ocrx_word' id='word_1_20' title='bbox 1102 691 1210 749; x_wconf 81' lang='grc'><strong>161666</strong></span> <span class='ocrx_word' id='word_1_21' title='bbox 1232 682 1315 750; x_wconf 84' lang='grc'><strong>11666</strong></span> <span class='ocrx_word' id='word_1_22' title='bbox 1334 685 1424 751; x_wconf 87' lang='lat' dir='ltr'><strong>veri-</strong></span> 
     </span>
     <span class='ocr_line' id='line_1_4' title="bbox 279 789 1421 881; baseline 0 -27"><span class='ocrx_word' id='word_1_23' title='bbox 279 796 376 856; x_wconf 84' lang='lat' dir='ltr'><strong>tatem</strong></span> <span class='ocrx_word' id='word_1_24' title='bbox 398 790 558 880; x_wconf 88' lang='lat' dir='ltr'><strong>aperiunt.</strong></span> <span class='ocrx_word' id='word_1_25' title='bbox 581 791 631 858; x_wconf 89' lang='lat' dir='ltr'><strong>Ex</strong></span> <span class='ocrx_word' id='word_1_26' title='bbox 654 814 692 858; x_wconf 91' lang='lat' dir='ltr'><strong>eo</strong></span> <span class='ocrx_word' id='word_1_27' title='bbox 714 791 815 881; x_wconf 89' lang='lat' dir='ltr'><strong>quod,</strong></span> <span class='ocrx_word' id='word_1_28' title='bbox 834 791 925 859; x_wconf 89' lang='lat' dir='ltr'><strong>verbi</strong></span> <span class='ocrx_word' id='word_1_29' title='bbox 946 790 1062 879; x_wconf 80' lang='lat' dir='ltr'><strong>gretia,</strong></span> <span class='ocrx_word' id='word_1_30' title='bbox 1082 790 1116 855; x_wconf 94' lang='lat' dir='ltr'><strong>in</strong></span> <span class='ocrx_word' id='word_1_31' title='bbox 1138 790 1247 857; x_wconf 90' lang='lat' dir='ltr'><strong>libello</strong></span> <span class='ocrx_word' id='word_1_32' title='bbox 1267 789 1421 859; x_wconf 89' lang='lat' dir='ltr'><strong>dicatur:</strong></span> 
     </span>
     <span class='ocr_line' id='line_1_5' title="bbox 279 897 1425 989; baseline 0.003 -27"><span class='ocrx_word' id='word_1_33' title='bbox 279 897 420 963; x_wconf 69' lang='lat' dir='ltr'><strong>trctari·</strong></span> <span class='ocrx_word' id='word_1_34' title='bbox 426 898 552 989; x_wconf 80' lang='lat' dir='ltr'><strong>poterit</strong></span> <span class='ocrx_word' id='word_1_35' title='bbox 565 898 721 966; x_wconf 84' lang='lat' dir='ltr'><strong>delictum</strong></span> <span class='ocrx_word' id='word_1_36' title='bbox 735 899 869 967; x_wconf 83' lang='lat' dir='ltr'><strong>testibus</strong></span> <span class='ocrx_word' id='word_1_37' title='bbox 883 901 925 967; x_wconf 92' lang='lat' dir='ltr'><strong>N.</strong></span> <span class='ocrx_word' id='word_1_38' title='bbox 942 910 972 963; x_wconf 89' lang='lat' dir='ltr'><strong>et</strong></span> <span class='ocrx_word' id='word_1_39' title='bbox 984 900 1019 966; x_wconf 90' lang='lat' dir='ltr'><em>N</em></span> <span class='ocrx_word' id='word_1_40' title='bbox 1020 949 1042 979; x_wconf 90' lang='lat'><strong>.,</strong></span> <span class='ocrx_word' id='word_1_41' title='bbox 1060 918 1184 964; x_wconf 79' lang='lat' dir='ltr'><em>necnon</em></span> <span class='ocrx_word' id='word_1_42' title='bbox 1199 898 1425 967; x_wconf 76' lang='lat' dir='ltr'><em>instrumentis</em></span> 
     </span>
     <span class='ocr_line' id='line_1_6' title="bbox 279 1006 1425 1096; baseline 0 -23"><span class='ocrx_word' id='word_1_43' title='bbox 279 1007 322 1073; x_wconf 91' lang='lat' dir='ltr'><strong>N.</strong></span> <span class='ocrx_word' id='word_1_44' title='bbox 347 1017 377 1072; x_wconf 87' lang='lat' dir='ltr'><strong>et</strong></span> <span class='ocrx_word' id='word_1_45' title='bbox 398 1008 455 1086; x_wconf 86' lang='lat' dir='ltr'><strong>N.,</strong></span> <span class='ocrx_word' id='word_1_46' title='bbox 472 1006 618 1096; x_wconf 87' lang='lat' dir='ltr'><strong>probatio</strong></span> <span class='ocrx_word' id='word_1_47' title='bbox 638 1006 708 1073; x_wconf 84' lang='lat' dir='ltr'><strong>haec</strong></span> <span class='ocrx_word' id='word_1_48' title='bbox 726 1019 801 1075; x_wconf 88' lang='lat' dir='ltr'><strong>ante</strong></span> <span class='ocrx_word' id='word_1_49' title='bbox 819 1028 958 1075; x_wconf 85' lang='lat' dir='ltr'><strong>examen</strong></span> <span class='ocrx_word' id='word_1_50' title='bbox 978 1006 1142 1073; x_wconf 85' lang='lat' dir='ltr'><strong>dictorum</strong></span> <span class='ocrx_word' id='word_1_51' title='bbox 1163 1006 1292 1073; x_wconf 84' lang='lat' dir='ltr'><strong>testium</strong></span> <span class='ocrx_word' id='word_1_52' title='bbox 1308 1016 1339 1073; x_wconf 89' lang='lat' dir='ltr'><strong>et</strong></span> <span class='ocrx_word' id='word_1_53' title='bbox 1355 1008 1425 1075; x_wconf 89' lang='lat' dir='ltr'><strong>ins-</strong></span> 
     </span>
     <span class='ocr_line' id='line_1_7' title="bbox 278 1112 1425 1198; baseline 0.002 -21"><span class='ocrx_word' id='word_1_54' title='bbox 278 1119 518 1180; x_wconf 87' lang='lat' dir='ltr'><strong>trumentorum</strong></span> <span class='ocrx_word' id='word_1_55' title='bbox 545 1134 612 1179; x_wconf 91' lang='lat' dir='ltr'><strong>non</strong></span> <span class='ocrx_word' id='word_1_56' title='bbox 637 1112 793 1198; x_wconf 90' lang='lat' dir='ltr'><strong>habetur;</strong></span> <span class='ocrx_word' id='word_1_57' title='bbox 820 1113 876 1180; x_wconf 93' lang='lat' dir='ltr'><strong>sed</strong></span> <span class='ocrx_word' id='word_1_58' title='bbox 903 1112 1040 1180; x_wconf 86' lang='lat' dir='ltr'><strong>hahetur</strong></span> <span class='ocrx_word' id='word_1_59' title='bbox 1063 1112 1233 1178; x_wconf 76' lang='lat' dir='ltr'><strong>dumtaxat</strong></span> <span class='ocrx_word' id='word_1_60' title='bbox 1260 1134 1348 1179; x_wconf 89' lang='lat' dir='ltr'><strong>mera</strong></span> <span class='ocrx_word' id='word_1_61' title='bbox 1374 1114 1425 1179; x_wconf 83' lang='lat' dir='ltr'><strong>al-</strong></span> 
     </span>
     <span class='ocr_line' id='line_1_8' title="bbox 278 1216 1427 1309; baseline 0.006 -27"><span class='ocrx_word' id='word_1_62' title='bbox 278 1217 420 1286; x_wconf 90' lang='lat' dir='ltr'><strong>firmatio</strong></span> <span class='ocrx_word' id='word_1_63' title='bbox 440 1218 479 1286; x_wconf 90' lang='lat' dir='ltr'><strong>de</strong></span> <span class='ocrx_word' id='word_1_64' title='bbox 498 1218 708 1309; x_wconf 87' lang='lat' dir='ltr'><strong>possibilitate</strong></span> <span class='ocrx_word' id='word_1_65' title='bbox 724 1220 893 1286; x_wconf 86' lang='lat' dir='ltr'><strong>veritatem</strong></span> <span class='ocrx_word' id='word_1_66' title='bbox 909 1217 994 1285; x_wconf 89' lang='lat' dir='ltr'><strong>dicto</strong></span> <span class='ocrx_word' id='word_1_67' title='bbox 1016 1216 1111 1285; x_wconf 91' lang='lat' dir='ltr'><strong>modo</strong></span> <span class='ocrx_word' id='word_1_68' title='bbox 1134 1218 1311 1285; x_wconf 90' lang='lat' dir='ltr'><strong>obtinendi.</strong></span> <span class='ocrx_word' id='word_1_69' title='bbox 1335 1219 1427 1309; x_wconf 80' lang='lat' dir='ltr'><strong>Ergo</strong></span> 
     </span>
     <span class='ocr_line' id='line_1_9' title="bbox 275 1324 1427 1417; baseline 0.001 -25"><span class='ocrx_word' id='word_1_70' title='bbox 275 1325 399 1414; x_wconf 82' lang='lat' dir='ltr'><strong>judex,</strong></span> <span class='ocrx_word' id='word_1_71' title='bbox 428 1336 603 1417; x_wconf 88' lang='lat' dir='ltr'><strong>antequam</strong></span> <span class='ocrx_word' id='word_1_72' title='bbox 628 1349 721 1393; x_wconf 89' lang='lat' dir='ltr'><strong>reum</strong></span> <span class='ocrx_word' id='word_1_73' title='bbox 748 1327 842 1412; x_wconf 88' lang='lat' dir='ltr'><strong>citet,</strong></span> <span class='ocrx_word' id='word_1_74' title='bbox 867 1326 929 1393; x_wconf 90' lang='lat' dir='ltr'><strong>sibi</strong></span> <span class='ocrx_word' id='word_1_75' title='bbox 952 1324 1091 1417; x_wconf 77' lang='lat' dir='ltr'><strong>juridice</strong></span> <span class='ocrx_word' id='word_1_76' title='bbox 1116 1347 1304 1416; x_wconf 87' lang='lat' dir='ltr'><strong>comparare</strong></span> <span class='ocrx_word' id='word_1_77' title='bbox 1328 1326 1427 1395; x_wconf 85' lang='lat' dir='ltr'><strong>debat</strong></span> 
     </span>
     <span class='ocr_line' id='line_1_10' title="bbox 278 1430 1427 1525; baseline 0.003 -27"><span class='ocrx_word' id='word_1_78' title='bbox 278 1433 448 1523; x_wconf 83' lang='lat' dir='ltr'><strong>praefatam</strong></span> <span class='ocrx_word' id='word_1_79' title='bbox 468 1433 698 1525; x_wconf 88' lang='lat' dir='ltr'><strong>semi-plenam</strong></span> <span class='ocrx_word' id='word_1_80' title='bbox 720 1433 947 1523; x_wconf 84' lang='lat' dir='ltr'><strong>probationem</strong></span> <span class='ocrx_word' id='word_1_81' title='bbox 970 1440 1026 1499; x_wconf 90' lang='lat' dir='ltr'><strong>aut</strong></span> <span class='ocrx_word' id='word_1_82' title='bbox 1042 1432 1157 1521; x_wconf 80' lang='lat' dir='ltr'><strong>gravia</strong></span> <span class='ocrx_word' id='word_1_83' title='bbox 1177 1430 1296 1499; x_wconf 90' lang='lat' dir='ltr'><strong>indicia</strong></span> <span class='ocrx_word' id='word_1_84' title='bbox 1315 1460 1323 1499; x_wconf 76' lang='grc' dir='ltr'>ι</span> <span class='ocrx_word' id='word_1_85' title='bbox 1343 1456 1427 1523; x_wconf 84' lang='lat' dir='ltr'><strong>ergo</strong></span> 
     </span>
     <span class='ocr_line' id='line_1_11' title="bbox 279 1538 1061 1631; baseline 0 -25"><span class='ocrx_word' id='word_1_86' title='bbox 279 1538 372 1607; x_wconf 86' lang='lat' dir='ltr'><strong>debet</strong></span> <span class='ocrx_word' id='word_1_87' title='bbox 386 1562 573 1631; x_wconf 80' lang='lat' dir='ltr'><strong>processum</strong></span> <span class='ocrx_word' id='word_1_88' title='bbox 587 1540 834 1609; x_wconf 82' lang='lat' dir='ltr'><strong>informativum</strong></span> <span class='ocrx_word' id='word_1_89' title='bbox 850 1540 1061 1630; x_wconf 75' lang='lat' dir='ltr'><strong>praemittere.</strong></span> 
     </span>
    </p>
   </div>
   <div class='ocr_carea' id='block_1_3' title="bbox 272 1671 1427 2645">
    <p class='ocr_par' dir='ltr' id='par_1_3' title="bbox 279 1671 1427 2081">
     <span class='ocr_line' id='line_1_12' title="bbox 322 1671 1427 1763; baseline -0.003 -21"><span class='ocrx_word' id='word_1_90' title='bbox 322 1675 411 1742; x_wconf 84' lang='lat' dir='ltr'><strong>Note</strong></span> <span class='ocrx_word' id='word_1_91' title='bbox 429 1675 459 1739; x_wconf 92' lang='grc'><strong>1.</strong></span> <span class='ocrx_word' id='word_1_92' title='bbox 476 1672 567 1740; x_wconf 92' lang='lat' dir='ltr'><strong>Nihil</strong></span> <span class='ocrx_word' id='word_1_93' title='bbox 582 1671 720 1741; x_wconf 89' lang='lat' dir='ltr'><strong>dicimus</strong></span> <span class='ocrx_word' id='word_1_94' title='bbox 731 1671 771 1740; x_wconf 93' lang='lat' dir='ltr'><strong>de</strong></span> <span class='ocrx_word' id='word_1_95' title='bbox 786 1695 862 1740; x_wconf 89' lang='lat' dir='ltr'><strong>casu</strong></span> <span class='ocrx_word' id='word_1_96' title='bbox 876 1696 942 1762; x_wconf 86' lang='lat' dir='ltr'><strong>quc</strong></span> <span class='ocrx_word' id='word_1_97' title='bbox 956 1695 1015 1763; x_wconf 89' lang='lat' dir='ltr'><strong>per</strong></span> <span class='ocrx_word' id='word_1_98' title='bbox 1028 1672 1118 1739; x_wconf 80' lang='lat' dir='ltr'><strong>vieni</strong></span> <span class='ocrx_word' id='word_1_99' title='bbox 1134 1672 1329 1763; x_wconf 76' lang='lat' dir='ltr'><strong>exceptionis</strong></span> <span class='ocrx_word' id='word_1_100' title='bbox 1346 1695 1427 1761; x_wconf 88' lang='lat' dir='ltr'><strong>pro-</strong></span> 
     </span>
     <span class='ocr_line' id='line_1_13' title="bbox 279 1778 1427 1871; baseline 0.002 -27"><span class='ocrx_word' id='word_1_101' title='bbox 279 1778 420 1864; x_wconf 85' lang='lat' dir='ltr'><strong>ceditur,</strong></span> <span class='ocrx_word' id='word_1_102' title='bbox 447 1780 524 1870; x_wconf 87' lang='lat' dir='ltr'><strong>quia</strong></span> <span class='ocrx_word' id='word_1_103' title='bbox 546 1780 660 1848; x_wconf 86' lang='lat' dir='ltr'><strong>recidit</strong></span> <span class='ocrx_word' id='word_1_104' title='bbox 680 1781 715 1847; x_wconf 93' lang='lat' dir='ltr'><strong>in</strong></span> <span class='ocrx_word' id='word_1_105' title='bbox 741 1803 854 1847; x_wconf 88' lang='lat' dir='ltr'><strong>casum</strong></span> <span class='ocrx_word' id='word_1_106' title='bbox 878 1779 1093 1848; x_wconf 86' lang='lat' dir='ltr'><strong>accusationis</strong></span> <span class='ocrx_word' id='word_1_107' title='bbox 1115 1779 1251 1871; x_wconf 85' lang='lat' dir='ltr'><strong>ejusque</strong></span> <span class='ocrx_word' id='word_1_108' title='bbox 1272 1800 1427 1846; x_wconf 89' lang='lat' dir='ltr'><strong>normam</strong></span> 
     </span>
     <span class='ocr_line' id='line_1_14' title="bbox 279 1886 1426 1978; baseline 0.001 -26"><span class='ocrx_word' id='word_1_109' title='bbox 279 1886 441 1976; x_wconf 67' lang='lat' dir='ltr'><strong>aequitum</strong></span> <span class='ocrx_word' id='word_1_110' title='bbox 462 1886 627 1977; x_wconf 88' lang='lat' dir='ltr'><strong>siqnidem</strong></span> <span class='ocrx_word' id='word_1_111' title='bbox 648 1887 813 1978; x_wconf 82' lang='lat' dir='ltr'><strong>excipiens</strong></span> <span class='ocrx_word' id='word_1_112' title='bbox 835 1886 1045 1955; x_wconf 89' lang='lat' dir='ltr'><strong>criminaliter</strong></span> <span class='ocrx_word' id='word_1_113' title='bbox 1066 1909 1182 1956; x_wconf 89' lang='lat' dir='ltr'><strong>verum</strong></span> <span class='ocrx_word' id='word_1_114' title='bbox 1203 1894 1426 1955; x_wconf 85' lang='lat' dir='ltr'><strong>accusatorem</strong></span> 
     </span>
     <span class='ocr_line' id='line_1_15' title="bbox 279 1993 359 2081; baseline 0 -22"><span class='ocrx_word' id='word_1_115' title='bbox 279 1993 359 2081; x_wconf 80' lang='lat' dir='ltr'><strong>agit.</strong></span> 
     </span>
    </p>

    <p class='ocr_par' dir='ltr' id='par_1_4' title="bbox 272 2128 1427 2645">
     <span class='ocr_line' id='line_1_16' title="bbox 323 2128 1425 2220; baseline 0 -25"><span class='ocrx_word' id='word_1_116' title='bbox 323 2130 412 2195; x_wconf 87' lang='lat' dir='ltr'><strong>Nota</strong></span> <span class='ocrx_word' id='word_1_117' title='bbox 428 2132 460 2194; x_wconf 84' lang='lat'><strong>2.</strong></span> <span class='ocrx_word' id='word_1_118' title='bbox 483 2128 535 2195; x_wconf 84' lang='lat' dir='ltr'><strong>Ex</strong></span> <span class='ocrx_word' id='word_1_119' title='bbox 555 2128 650 2195; x_wconf 89' lang='lat' dir='ltr'><strong>dietis</strong></span> <span class='ocrx_word' id='word_1_120' title='bbox 668 2130 816 2219; x_wconf 87' lang='lat' dir='ltr'><strong>sequitur</strong></span> <span class='ocrx_word' id='word_1_121' title='bbox 837 2129 1028 2220; x_wconf 88' lang='lat' dir='ltr'><strong>plerumque</strong></span> <span class='ocrx_word' id='word_1_122' title='bbox 1049 2129 1083 2194; x_wconf 91' lang='lat' dir='ltr'><strong>in</strong></span> <span class='ocrx_word' id='word_1_123' title='bbox 1106 2130 1199 2217; x_wconf 86' lang='lat' dir='ltr'><strong>praxi</strong></span> <span class='ocrx_word' id='word_1_124' title='bbox 1223 2128 1292 2196; x_wconf 89' lang='lat' dir='ltr'><strong>dari</strong></span> <span class='ocrx_word' id='word_1_125' title='bbox 1313 2129 1425 2195; x_wconf 90' lang='lat' dir='ltr'><strong>locum</strong></span> 
     </span>
     <span class='ocr_line' id='line_1_17' title="bbox 278 2234 1427 2326; baseline 0.001 -26"><span class='ocrx_word' id='word_1_126' title='bbox 278 2236 486 2302; x_wconf 87' lang='lat' dir='ltr'><strong>informetivo</strong></span> <span class='ocrx_word' id='word_1_127' title='bbox 509 2238 674 2325; x_wconf 89' lang='lat' dir='ltr'><strong>processui</strong></span> <span class='ocrx_word' id='word_1_128' title='bbox 698 2265 706 2301; x_wconf 88' lang='lat'>:</span> <span class='ocrx_word' id='word_1_129' title='bbox 731 2246 763 2303; x_wconf 91' lang='lat' dir='ltr'><strong>et</strong></span> <span class='ocrx_word' id='word_1_130' title='bbox 788 2234 919 2325; x_wconf 85' lang='lat' dir='ltr'><strong>quidem</strong></span> <span class='ocrx_word' id='word_1_131' title='bbox 948 2236 1118 2323; x_wconf 86' lang='lat' dir='ltr'><strong>utriusque</strong></span> <span class='ocrx_word' id='word_1_132' title='bbox 1145 2236 1278 2326; x_wconf 85' lang='lat' dir='ltr'><strong>specici;</strong></span> <span class='ocrx_word' id='word_1_133' title='bbox 1306 2258 1427 2325; x_wconf 89' lang='lat' dir='ltr'><strong>nempe</strong></span> 
     </span>
     <span class='ocr_line' id='line_1_18' title="bbox 272 2340 1426 2433; baseline 0.001 -25"><span class='ocrx_word' id='word_1_134' title='bbox 272 2342 397 2432; x_wconf 76' lang='lat' dir='ltr'><strong>ptimo,</strong></span> <span class='ocrx_word' id='word_1_135' title='bbox 413 2342 637 2409; x_wconf 83' lang='lat' dir='ltr'><strong>informationi</strong></span> <span class='ocrx_word' id='word_1_136' title='bbox 652 2340 692 2410; x_wconf 94' lang='lat' dir='ltr'><strong>de</strong></span> <span class='ocrx_word' id='word_1_137' title='bbox 707 2341 845 2409; x_wconf 81' lang='lat' dir='ltr'><strong>infamia</strong></span> <span class='ocrx_word' id='word_1_138' title='bbox 860 2342 1009 2433; x_wconf 82' lang='lat' dir='ltr'><strong>publica3</strong></span> <span class='ocrx_word' id='word_1_139' title='bbox 1027 2340 1178 2424; x_wconf 80' lang='lat' dir='ltr'><strong>secttndo,</strong></span> <span class='ocrx_word' id='word_1_140' title='bbox 1199 2342 1426 2410; x_wconf 77' lang='lat' dir='ltr'><strong>informationi</strong></span> 
     </span>
     <span class='ocr_line' id='line_1_19' title="bbox 278 2447 1425 2539; baseline 0.001 -25"><span class='ocrx_word' id='word_1_141' title='bbox 278 2447 320 2514; x_wconf 91' lang='lat' dir='ltr'><strong>ad</strong></span> <span class='ocrx_word' id='word_1_142' title='bbox 344 2449 507 2515; x_wconf 85' lang='lat' dir='ltr'><strong>habendas</strong></span> <span class='ocrx_word' id='word_1_143' title='bbox 527 2448 722 2516; x_wconf 88' lang='lat' dir='ltr'><strong>sufficientes</strong></span> <span class='ocrx_word' id='word_1_144' title='bbox 746 2449 953 2537; x_wconf 87' lang='lat' dir='ltr'><strong>probationes</strong></span> <span class='ocrx_word' id='word_1_145' title='bbox 971 2448 1149 2533; x_wconf 87' lang='lat' dir='ltr'><strong>indiciavc,</strong></span> <span class='ocrx_word' id='word_1_146' title='bbox 1174 2448 1356 2539; x_wconf 84' lang='lat' dir='ltr'><strong>exquibus</strong></span> <span class='ocrx_word' id='word_1_147' title='bbox 1381 2449 1425 2515; x_wconf 91' lang='lat' dir='ltr'><strong>ad</strong></span> 
     </span>
     <span class='ocr_line' id='line_1_20' title="bbox 280 2555 814 2645; baseline 0.006 -26"><span class='ocrx_word' id='word_1_148' title='bbox 280 2555 464 2622; x_wconf 84' lang='lat' dir='ltr'><strong>citationem</strong></span> <span class='ocrx_word' id='word_1_149' title='bbox 479 2556 524 2621; x_wconf 90' lang='lat' dir='ltr'><strong>rei</strong></span> <span class='ocrx_word' id='word_1_150' title='bbox 541 2555 687 2625; x_wconf 88' lang='lat' dir='ltr'><strong>deveniri</strong></span> <span class='ocrx_word' id='word_1_151' title='bbox 704 2556 814 2645; x_wconf 86' lang='lat' dir='ltr'><strong>possit.</strong></span> 
     </span>
    </p>
   </div>
   <div class='ocr_carea' id='block_1_4' title="bbox 798 2866 901 2956">
    <p class='ocr_par' dir='ltr' id='par_1_5' title="bbox 798 2866 901 2956">
     <span class='ocr_line' id='line_1_21' title="bbox 798 2866 901 2956; baseline 0.039 -24"><span class='ocrx_word' id='word_1_152' title='bbox 798 2868 819 2956; x_wconf 67' lang='lat' dir='ltr'>g</span> <span class='ocrx_word' id='word_1_153' title='bbox 842 2866 901 2935; x_wconf 84' lang='lat' dir='ltr'><strong>iv.</strong></span> 
     </span>
    </p>
   </div>
   <div class='ocr_carea' id='block_1_5' title="bbox 281 3054 1426 3199">
    <p class='ocr_par' dir='ltr' id='par_1_6' title="bbox 281 3054 1426 3199">
     <span class='ocr_line' id='line_1_22' title="bbox 281 3054 1426 3120; baseline 0.002 -17"><span class='ocrx_word' id='word_1_154' title='bbox 281 3056 315 3103; x_wconf 84' lang='lat' dir='ltr'><strong>De</strong></span> <span class='ocrx_word' id='word_1_155' title='bbox 330 3054 432 3105; x_wconf 82' lang='lat' dir='ltr'><strong>testium</strong></span> <span class='ocrx_word' id='word_1_156' title='bbox 447 3054 568 3106; x_wconf 83' lang='lat' dir='ltr'><strong>citatione</strong></span> <span class='ocrx_word' id='word_1_157' title='bbox 586 3058 611 3105; x_wconf 90' lang='lat' dir='ltr'><strong>et</strong></span> <span class='ocrx_word' id='word_1_158' title='bbox 622 3055 780 3119; x_wconf 85' lang='lat' dir='ltr'><strong>juramento,</strong></span> <span class='ocrx_word' id='word_1_159' title='bbox 798 3054 882 3119; x_wconf 84' lang='lat' dir='ltr'><strong>deque</strong></span> <span class='ocrx_word' id='word_1_160' title='bbox 899 3055 1016 3105; x_wconf 83' lang='lat' dir='ltr'><strong>examine</strong></span> <span class='ocrx_word' id='word_1_161' title='bbox 1031 3055 1192 3118; x_wconf 87' lang='lat' dir='ltr'><strong>eorumdem,</strong></span> <span class='ocrx_word' id='word_1_162' title='bbox 1210 3069 1259 3105; x_wconf 89' lang='lat' dir='ltr'><strong>nec</strong></span> <span class='ocrx_word' id='word_1_163' title='bbox 1273 3068 1327 3107; x_wconf 89' lang='lat' dir='ltr'><strong>non</strong></span> <span class='ocrx_word' id='word_1_164' title='bbox 1341 3056 1426 3120; x_wconf 85' lang='lat' dir='ltr'><strong>scrip-</strong></span> 
     </span>
     <span class='ocr_line' id='line_1_23' title="bbox 525 3134 1173 3199; baseline -0.003 -14"><span class='ocrx_word' id='word_1_165' title='bbox 525 3139 651 3197; x_wconf 85' lang='lat' dir='ltr'><strong>turarum,</strong></span> <span class='ocrx_word' id='word_1_166' title='bbox 663 3135 689 3185; x_wconf 90' lang='lat' dir='ltr'><strong>in</strong></span> <span class='ocrx_word' id='word_1_167' title='bbox 701 3149 824 3199; x_wconf 86' lang='lat' dir='ltr'><strong>processu</strong></span> <span class='ocrx_word' id='word_1_168' title='bbox 837 3134 1001 3185; x_wconf 74' lang='lat' dir='ltr'><strong>informativc</strong></span> <span class='ocrx_word' id='word_1_169' title='bbox 1015 3134 1173 3199; x_wconf 80' lang='lat' dir='ltr'><strong>(remissive).</strong></span> 
     </span>
    </p>
   </div>
   <div class='ocr_carea' id='block_1_6' title="bbox 275 3366 1428 4318">
    <p class='ocr_par' dir='ltr' id='par_1_7' title="bbox 275 3366 1428 4318">
     <span class='ocr_line' id='line_1_24' title="bbox 326 3366 1428 3458; baseline 0.001 -24"><span class='ocrx_word' id='word_1_170' title='bbox 326 3372 356 3434; x_wconf 92' lang='grc'><strong>1.</strong></span> <span class='ocrx_word' id='word_1_171' title='bbox 374 3367 426 3435; x_wconf 84' lang='grc' dir='ltr'><strong>Α1)</strong></span> <span class='ocrx_word' id='word_1_172' title='bbox 449 3368 519 3458; x_wconf 88' lang='lat' dir='ltr'><strong>ipsc</strong></span> <span class='ocrx_word' id='word_1_173' title='bbox 545 3390 713 3457; x_wconf 87' lang='lat' dir='ltr'><strong>processus</strong></span> <span class='ocrx_word' id='word_1_174' title='bbox 735 3368 937 3436; x_wconf 88' lang='lat' dir='ltr'><strong>informativi</strong></span> <span class='ocrx_word' id='word_1_175' title='bbox 960 3367 1094 3435; x_wconf 85' lang='lat' dir='ltr'><strong>exordio</strong></span> <span class='ocrx_word' id='word_1_176' title='bbox 1117 3366 1265 3436; x_wconf 84' lang='lat' dir='ltr'><strong>iacienda</strong></span> <span class='ocrx_word' id='word_1_177' title='bbox 1280 3369 1428 3435; x_wconf 88' lang='lat' dir='ltr'><strong>occurrit</strong></span> 
     </span>
     <span class='ocr_line' id='line_1_25' title="bbox 281 3474 1426 3566; baseline 0 -23"><span class='ocrx_word' id='word_1_178' title='bbox 281 3476 407 3543; x_wconf 90' lang='lat' dir='ltr'><strong>testium</strong></span> <span class='ocrx_word' id='word_1_179' title='bbox 423 3475 534 3543; x_wconf 90' lang='lat' dir='ltr'><strong>citatio</strong></span> <span class='ocrx_word' id='word_1_180' title='bbox 551 3503 558 3542; x_wconf 91' lang='lat'>:</span> <span class='ocrx_word' id='word_1_181' title='bbox 575 3476 660 3543; x_wconf 88' lang='lat' dir='ltr'><strong>circa</strong></span> <span class='ocrx_word' id='word_1_182' title='bbox 679 3497 778 3566; x_wconf 91' lang='lat' dir='ltr'><strong>quam</strong></span> <span class='ocrx_word' id='word_1_183' title='bbox 800 3476 903 3543; x_wconf 88' lang='lat' dir='ltr'><strong>multa</strong></span> <span class='ocrx_word' id='word_1_184' title='bbox 924 3475 1053 3543; x_wconf 89' lang='lat' dir='ltr'><strong>evenire</strong></span> <span class='ocrx_word' id='word_1_185' title='bbox 1074 3482 1221 3565; x_wconf 85' lang='lat' dir='ltr'><strong>possunt,</strong></span> <span class='ocrx_word' id='word_1_186' title='bbox 1244 3474 1279 3541; x_wconf 92' lang='lat' dir='ltr'><strong>in</strong></span> <span class='ocrx_word' id='word_1_187' title='bbox 1301 3475 1426 3565; x_wconf 88' lang='lat' dir='ltr'><strong>quibus</strong></span> 
     </span>
     <span class='ocr_line' id='line_1_26' title="bbox 279 3580 1423 3672; baseline 0 -21"><span class='ocrx_word' id='word_1_188' title='bbox 279 3582 431 3651; x_wconf 90' lang='lat' dir='ltr'><strong>omnibus</strong></span> <span class='ocrx_word' id='word_1_189' title='bbox 452 3581 590 3650; x_wconf 88' lang='lat' dir='ltr'><strong>tenenda</strong></span> <span class='ocrx_word' id='word_1_190' title='bbox 611 3590 658 3651; x_wconf 89' lang='lat' dir='ltr'><strong>est</strong></span> <span class='ocrx_word' id='word_1_191' title='bbox 680 3583 721 3651; x_wconf 89' lang='lat' dir='ltr'><strong>ab</strong></span> <span class='ocrx_word' id='word_1_192' title='bbox 745 3581 959 3651; x_wconf 88' lang='lat' dir='ltr'><strong>ecclesiastico</strong></span> <span class='ocrx_word' id='word_1_193' title='bbox 982 3580 1090 3672; x_wconf 86' lang='lat' dir='ltr'><strong>judice</strong></span> <span class='ocrx_word' id='word_1_194' title='bbox 1113 3582 1266 3650; x_wconf 89' lang='lat' dir='ltr'><strong>canonica</strong></span> <span class='ocrx_word' id='word_1_195' title='bbox 1291 3602 1423 3651; x_wconf 89' lang='lat' dir='ltr'><strong>norma.</strong></span> 
     </span>
     <span class='ocr_line' id='line_1_27' title="bbox 278 3688 1423 3781; baseline -0.002 -24"><span class='ocrx_word' id='word_1_196' title='bbox 278 3690 359 3757; x_wconf 86' lang='lat' dir='ltr'><strong>Eam</strong></span> <span class='ocrx_word' id='word_1_197' title='bbox 374 3696 482 3757; x_wconf 87' lang='lat' dir='ltr'><strong>autem</strong></span> <span class='ocrx_word' id='word_1_198' title='bbox 498 3689 637 3779; x_wconf 91' lang='lat' dir='ltr'><strong>reperies</strong></span> <span class='ocrx_word' id='word_1_199' title='bbox 651 3691 686 3756; x_wconf 90' lang='lat' dir='ltr'><strong>in</strong></span> <span class='ocrx_word' id='word_1_200' title='bbox 699 3689 910 3757; x_wconf 78' lang='lat' dir='ltr'><strong>Formitlun‘o</strong></span> <span class='ocrx_word' id='word_1_201' title='bbox 924 3688 1121 3779; x_wconf 85' lang='lat' dir='ltr'><strong>(collectione</strong></span> <span class='ocrx_word' id='word_1_202' title='bbox 1136 3694 1168 3775; x_wconf 84' lang='lat'><strong>2,</strong></span> <span class='ocrx_word' id='word_1_203' title='bbox 1185 3714 1213 3757; x_wconf 91' lang='lat' dir='ltr'><strong>c.</strong></span> <span class='ocrx_word' id='word_1_204' title='bbox 1235 3692 1272 3756; x_wconf 88' lang='grc'><strong>13</strong></span> <span class='ocrx_word' id='word_1_205' title='bbox 1288 3696 1319 3757; x_wconf 91' lang='grc'><strong>61</strong></span> <span class='ocrx_word' id='word_1_206' title='bbox 1335 3691 1423 3781; x_wconf 90' lang='lat' dir='ltr'><strong>seq.)</strong></span> 
     </span>
     <span class='ocr_line' id='line_1_28' title="bbox 278 3795 1427 3887; baseline -0.001 -23"><span class='ocrx_word' id='word_1_207' title='bbox 278 3800 349 3866; x_wconf 82' lang='lat' dir='ltr'><strong>luae</strong></span> <span class='ocrx_word' id='word_1_208' title='bbox 363 3796 570 3887; x_wconf 89' lang='lat' dir='ltr'><strong>descriptam.</strong></span> <span class='ocrx_word' id='word_1_209' title='bbox 588 3795 637 3865; x_wconf 88' lang='lat' dir='ltr'><strong>lbi</strong></span> <span class='ocrx_word' id='word_1_210' title='bbox 653 3819 769 3886; x_wconf 88' lang='lat' dir='ltr'><strong>nempe</strong></span> <span class='ocrx_word' id='word_1_211' title='bbox 788 3796 949 3864; x_wconf 85' lang='lat' dir='ltr'><strong>indicatur</strong></span> <span class='ocrx_word' id='word_1_212' title='bbox 964 3795 1084 3887; x_wconf 89' lang='lat' dir='ltr'><strong>quibus</strong></span> <span class='ocrx_word' id='word_1_213' title='bbox 1101 3796 1207 3865; x_wconf 86' lang='lat' dir='ltr'><strong>modis</strong></span> <span class='ocrx_word' id='word_1_214' title='bbox 1229 3796 1299 3864; x_wconf 89' lang='lat' dir='ltr'><strong>fieri</strong></span> <span class='ocrx_word' id='word_1_215' title='bbox 1318 3798 1427 3886; x_wconf 88' lang='lat' dir='ltr'><strong>possit</strong></span> 
     </span>
     <span class='ocr_line' id='line_1_29' title="bbox 279 3902 1427 3996; baseline 0.003 -25"><span class='ocrx_word' id='word_1_216' title='bbox 279 3905 410 3974; x_wconf 89' lang='lat' dir='ltr'><strong>testium</strong></span> <span class='ocrx_word' id='word_1_217' title='bbox 430 3903 556 3990; x_wconf 76' lang='lat' dir='ltr'><strong>cimti03</strong></span> <span class='ocrx_word' id='word_1_218' title='bbox 574 3902 737 3994; x_wconf 90' lang='lat' dir='ltr'><strong>quomodo</strong></span> <span class='ocrx_word' id='word_1_219' title='bbox 758 3904 866 3971; x_wconf 89' lang='lat' dir='ltr'><strong>citatio</strong></span> <span class='ocrx_word' id='word_1_220' title='bbox 886 3902 958 3971; x_wconf 81' lang='lat' dir='ltr'><strong>haec</strong></span> <span class='ocrx_word' id='word_1_221' title='bbox 973 3904 1014 3971; x_wconf 89' lang='lat' dir='ltr'><strong>sit</strong></span> <span class='ocrx_word' id='word_1_222' title='bbox 1033 3903 1223 3996; x_wconf 82' lang='lat' dir='ltr'><strong>exequenda</strong></span> <span class='ocrx_word' id='word_1_223' title='bbox 1229 3930 1238 3991; x_wconf 90' lang='lat'>;</span> <span class='ocrx_word' id='word_1_224' title='bbox 1256 3904 1427 3994; x_wconf 89' lang='lat' dir='ltr'><strong>quomodo</strong></span> 
     </span>
     <span class='ocr_line' id='line_1_30' title="bbox 275 4009 1426 4102; baseline 0 -22"><span class='ocrx_word' id='word_1_225' title='bbox 275 4013 379 4102; x_wconf 84' lang='lat' dir='ltr'><strong>judex</strong></span> <span class='ocrx_word' id='word_1_226' title='bbox 393 4012 455 4079; x_wconf 89' lang='lat' dir='ltr'><strong>sibi</strong></span> <span class='ocrx_word' id='word_1_227' title='bbox 464 4032 652 4100; x_wconf 88' lang='lat' dir='ltr'><strong>comparare</strong></span> <span class='ocrx_word' id='word_1_228' title='bbox 667 4009 782 4078; x_wconf 90' lang='lat' dir='ltr'><strong>debeat</strong></span> <span class='ocrx_word' id='word_1_229' title='bbox 797 4010 1030 4101; x_wconf 89' lang='lat' dir='ltr'><strong>depositionem</strong></span> <span class='ocrx_word' id='word_1_230' title='bbox 1044 4011 1133 4079; x_wconf 86' lang='lat' dir='ltr'><strong>testis</strong></span> <span class='ocrx_word' id='word_1_231' title='bbox 1148 4019 1242 4079; x_wconf 85' lang='lat' dir='ltr'><strong>extra</strong></span> <span class='ocrx_word' id='word_1_232' title='bbox 1256 4010 1426 4080; x_wconf 88' lang='lat' dir='ltr'><strong>dioecesim</strong></span> 
     </span>
     <span class='ocr_line' id='line_1_31' title="bbox 278 4116 1426 4211; baseline 0.002 -24"><span class='ocrx_word' id='word_1_233' title='bbox 278 4119 462 4203; x_wconf 87' lang='lat' dir='ltr'><strong>existentis;</strong></span> <span class='ocrx_word' id='word_1_234' title='bbox 481 4116 559 4209; x_wconf 90' lang='lat' dir='ltr'><strong>quid</strong></span> <span class='ocrx_word' id='word_1_235' title='bbox 573 4116 759 4211; x_wconf 87' lang='lat' dir='ltr'><strong>faciendum</strong></span> <span class='ocrx_word' id='word_1_236' title='bbox 774 4118 808 4184; x_wconf 95' lang='lat' dir='ltr'><strong>in</strong></span> <span class='ocrx_word' id='word_1_237' title='bbox 823 4140 898 4186; x_wconf 89' lang='lat' dir='ltr'><strong>casu</strong></span> <span class='ocrx_word' id='word_1_238' title='bbox 910 4119 1123 4187; x_wconf 72' lang='lat' dir='ltr'><strong>contumacia</strong></span> <span class='ocrx_word' id='word_1_239' title='bbox 1136 4118 1237 4205; x_wconf 89' lang='lat' dir='ltr'><strong>testis,</strong></span> <span class='ocrx_word' id='word_1_240' title='bbox 1248 4128 1278 4187; x_wconf 89' lang='lat' dir='ltr'><strong>et</strong></span> <span class='ocrx_word' id='word_1_241' title='bbox 1293 4118 1329 4185; x_wconf 95' lang='lat' dir='ltr'><strong>in</strong></span> <span class='ocrx_word' id='word_1_242' title='bbox 1343 4142 1426 4189; x_wconf 84' lang='lat' dir='ltr'><strong>casu</strong></span> 
     </span>
     <span class='ocr_line' id='line_1_32' title="bbox 279 4224 893 4318; baseline -0.005 -22"><span class='ocrx_word' id='word_1_243' title='bbox 279 4229 424 4318; x_wconf 88' lang='lat' dir='ltr'><strong>ejusdem</strong></span> <span class='ocrx_word' id='word_1_244' title='bbox 440 4250 460 4295; x_wconf 89' lang='grc'><strong>6</strong></span> <span class='ocrx_word' id='word_1_245' title='bbox 474 4224 677 4296; x_wconf 88' lang='lat' dir='ltr'><strong>contumacia</strong></span> <span class='ocrx_word' id='word_1_246' title='bbox 692 4225 893 4294; x_wconf 86' lang='lat' dir='ltr'><strong>revertentis.</strong></span> 
     </span>
    </p>
   </div>
   <div class='ocr_carea' id='block_1_7' title="bbox 0 0 1530 4980">
    <p class='ocr_par' dir='ltr' id='par_1_8' title="bbox 0 0 1530 4980">
     <span class='ocr_line' id='line_1_33' title="bbox 0 0 1530 4980; baseline 0 0"><span class='ocrx_word' id='word_1_247' title='bbox 0 0 1530 4980; x_wconf 95' lang='lat' dir='ltr'><strong> </strong></span> 
     </span>
    </p>
   </div>
  </div>
 </body>
</html>
