3050 4984
526 497 599 544 rans
623 498 766 544 sueonos.
1149 479 1209 542 583

73 629 172 708 parte
188 618 260 709 fisci
285 617 348 708 (vel
370 617 577 705 accusatoris,
593 619 621 687 si
645 641 703 710 per
726 617 816 686 viam
830 617 1043 688 accusationis
1056 618 1211 710 proceda-

75 725 140 814 tur)
159 751 167 793 :
185 747 258 816 pren
279 725 503 817 replicationes
528 725 690 817 incipiunt
760 737 791 794 et
805 724 957 794 desinant
1025 735 1058 795 et
1071 736 1147 795 saort
1160 737 1213 796 te·

75 831 166 900 naris
178 832 336 924 sequentis
363 860 374 900 .-
393 833 436 925 (et
455 833 502 902 ibi
516 833 722 925 scribantur).
740 835 781 902 ln
796 854 939 926 ortorum
951 831 1063 915 fidem.
1081 873 1126 886 -
1139 835 1213 925 Epo

77 943 136 1023 Ν.,
151 941 368 1010 actuarias.»

122 1086 220 1156 Nota.
239 1124 283 1136 -
296 1086 343 1154 De
363 1085 438 1178 jure
453 1084 619 1154 communi
634 1091 770 1176 possunt
782 1105 802 1152 a
814 1081 924 1175 judice
938 1084 1065 1153 admitti
1079 1108 1214 1178 respou-

75 1190 184 1259 aionas
198 1191 239 1260 ad
264 1192 508 1284 replicationem
533 1213 591 1260 seu
616 1188 859 1282 triplicationes,
887 1197 919 1257 et
940 1189 1214 1282 quadruplicatio-

75 1319 146 1384 nes,
172 1307 204 1366 et
230 1297 277 1368 sio
302 1298 462 1392 deinceps.
491 1301 536 1367 At
563 1297 602 1365 de
628 1296 712 1386 stylo
740 1295 998 1389 uniuscujusque
1023 1299 1136 1386 curiae,
1159 1307 1217 1368 eut

74 1405 173 1472 etiam
188 1404 222 1473 vi
245 1405 487 1474 constitutionis
511 1403 715 1488 dioeoesanae,
741 1401 822 1471 solet
846 1425 1007 1471 numerus
1028 1406 1213 1497 responsio-

74 1534 156 1580 num
172 1512 360 1602 hujusmodi
384 1512 610 1590 determinari3
629 1532 688 1579 nec
713 1509 845 1602 expedit
871 1519 908 1597 ut
931 1510 973 1579 ad
996 1513 1214 1606 quintuplice-

74 1619 197 1687 tionem
213 1629 380 1710 pergatur,
398 1619 439 1688 ob
465 1620 576 1688 nimiae
599 1615 820 1709 protelationis
838 1618 1030 1709 periculum.
1053 1620 1088 1688 ld
1104 1629 1212 1690 autem

74 1747 207 1817 semper
234 1726 475 1796 observandum
499 1733 559 1814 est,
577 1734 614 1794 ut
639 1723 756 1792 utino
779 1723 849 1793 loco
874 1725 1026 1796 audiatur
1051 1749 1138 1817 rous,
1162 1729 1215 1799 vel

74 1833 147 1924 ejus
158 1842 324 1928 patronus.

496 2060 639 2130 CAPUT
663 2059 780 2128 XLIII.

73 2247 181 2296 ronuta
211 2245 422 2296 truttmunt
453 2247 539 2294 NOVA
568 2246 763 2304 mountain,
795 2247 864 2294 SIVE
885 2247 1003 2296 coum
1027 2251 1122 2318 uun,
1147 2251 1216 2301 SIVE

458 2355 515 2402 PRO
538 2355 608 2402 EIUS
630 2353 827 2402 DEFENSIONE.

120 2531 157 2598 In
172 2551 340 2621 processus
355 2529 494 2598 decursu
510 2530 696 2620 contingere
721 2538 825 2621 potest
840 2539 876 2598 ut
896 2553 981 2600 nova
1006 2533 1214 2605 obtineantur

70 2645 186 2704 contra
201 2658 295 2707 reum
308 2637 511 2705 documenta.
531 2637 623 2704 Tunc
639 2647 747 2704 autem
761 2645 929 2727 promotor
944 2637 1064 2708 fiscalis
1081 2640 1144 2731 (vel
1158 2665 1211 2712 ac-

73 2749 216 2830 cusator,
235 2744 262 2812 si
287 2744 339 2812 via
362 2743 573 2812 accusationis
590 2743 793 2834 procedatur)
811 2766 866 2812 eas
891 2767 993 2813 novas
1008 2747 1214 2837 probationes

73 2859 251 2942 praesentat
262 2849 378 2941 judici,
395 2857 506 2942 petens
522 2871 620 2940 super
646 2849 697 2918 his
717 2850 854 2940 inquiri,
869 2857 901 2919 et
916 2872 1019 2920 novos
1034 2854 1213 2944 assignatos

73 2963 172 3024 testes
187 2955 378 3024 examinari.
391 2953 485 3038 Quod
501 2955 573 3024 fieri
589 2962 693 3046 potest
707 2955 742 3021 in
756 2953 844 3022 bunc
858 2954 995 3023 modum
1014 2984 1021 3024 :

121 3103 214 3168 Anno
300 3121 409 3168 manse
492 3097 545 3168 dic
570 3149 621 3180 ...,
647 3098 799 3167 dominns
815 3101 872 3180 Ν.,
900 3112 1074 3190 promotor
1093 3106 1215 3195 fiscalis

74 3206 141 3296 (vel
150 3206 301 3276 dominus
310 3206 366 3292 Ν.,
379 3206 554 3296 accusator)
571 3228 672 3275 nanas
682 3205 895 3296 presentavit
907 3218 1023 3275 contra
1034 3232 1215 3304 reampro-

73 3311 232 3393 dationes,
244 3334 320 3403 qnae
333 3311 494 3403 incipiant
561 3323 592 3378 et
605 3310 754 3379 desinunt
824 3322 856 3377 et
866 3321 942 3378 nent
954 3313 1214 3406 tenorrbsequen.

73 3418 118 3488 tis
137 3419 178 3507 (ot
205 3418 252 3488 ibi
267 3416 514 3510 describantur).
546 3417 729 3486 Postulavit
752 3428 865 3484 antem
888 3422 1051 3508 praelatas
1065 3419 1216 3493 dammas

72 3529 112 3596 N
113 3577 136 3608 .‚
152 3548 248 3618 snper
268 3526 359 3594 novis
382 3525 447 3595 illis
458 3524 706 3618 probationibus
729 3522 916 3592 examinari
927 3523 1103 3614 productos
1118 3553 1217 3601 novos

73 3645 212 3702 testreet
227 3632 395 3723 assiqnata
408 3654 495 3700 nova
510 3631 718 3701 documenta.
737 3632 827 3714 Quas
834 3651 935 3697 novas
944 3632 1152 3721 probationes
1166 3662 1216 3706 re-

72 3737 233 3808 verendus
248 3742 305 3822 Ν.,
338 3739 483 3808 Vicarins
503 3737 673 3828 pennalis,
699 3737 728 3804 si
752 3736 1009 3827 etanqnantnm
1031 3755 1214 3832 acceptans,

67 3848 177 3939 jussit
191 3848 275 3916 inter
297 3860 372 3916 acta
386 3847 513 3940 reponi,
524 3858 628 3937 prout
644 3859 675 3914 et
697 3844 827 3936 reposui
840 3857 878 3912 nt
891 3867 1015 3936 sapra;
1031 3860 1063 3914 et
1077 3851 1217 3920 manda-

72 3957 124 4023 vit
146 3977 261 4023 earnm
276 3954 604 4024 communicationem
620 3952 697 4021 dori
711 3963 856 4043 patrono
871 3951 920 4020 rei
928 3976 943 4033 ;
954 3974 994 4022 ac
1008 3952 1147 4024 donent
1160 3981 1219 4027 an-

70 4085 136 4155 per
151 4062 215 4130 allis
223 4061 409 4154 procedere.
439 4066 479 4131 ln
503 4083 644 4153 quornm
664 4058 778 4151 fidem.
806 4097 848 4110 -
874 4061 949 4151 qu
973 4063 1031 4142 Ν.,
1044 4079 1220 4153 momatur

71 4170 197 4261 fiscales
215 4169 278 4261 (vel
291 4171 486 4240 accusatoris
499 4167 670 4262 patronus)
687 4166 887 4260 praesentavi
907 4178 1071 4258 utsupra.
1088 4207 1133 4223 —
1146 4175 1219 4268 1390

75 4280 137 4359 Ν.,
163 4277 309 4346 Vicarins
322 4277 493 4367 pennalis.
508 4315 552 4330 -
564 4279 637 4370 Epo
653 4278 711 4360 Ν.,
729 4272 909 4345 armanus.
926 4298 943 4338 a
