3050 4984
261 481 302 549 te
634 500 810 549 maneres
833 498 872 548 on
893 498 1026 548 moscus.

301 624 432 695 Rasum
449 625 494 692 3².
509 663 554 677 —
568 622 609 692 Si
622 625 743 693 niman
759 622 922 692 oecultum
935 622 1137 704 remanserit,
1151 633 1182 689 et
1194 617 1333 713 motari
1345 642 1403 689 ne-

257 742 366 824 queat,
383 730 574 800 denantiari
581 731 792 823 judicialiter
805 752 869 799 uon
881 743 1001 821 potest.
1015 768 1060 783 -
1072 730 1128 799 Est
1143 728 1300 797 sentemia
1314 750 1404 797 com-

259 840 370 908 munie
389 848 422 907 et
443 848 542 926 certa,
559 846 638 909 teste
661 840 747 907 inter
766 839 850 907 alios
875 838 1084 907 Reiffenstuel
1101 837 1147 928 (in
1172 837 1222 904 tit.
1244 840 1274 924 l,
1292 835 1368 904 libri
1384 840 1402 902 b

257 946 399 1032 Deerat,
417 968 451 1013 n.
471 946 537 1035 89).
554 946 752 1036 Intelligitur
766 954 875 1013 antem
890 945 1004 1035 regula
1019 945 1104 1033 luae,
1121 952 1194 1013 tum
1214 944 1255 1012 de
1267 943 1403 1013 crimine

258 1053 391 1121 omnino
406 1053 542 1141 occulto,
564 1052 665 1145 quod,
683 1053 773 1121 verbi
789 1052 907 1142 gratia,
925 1060 1044 1143 praeter
1057 1051 1305 1120 denuntiantem
1324 1049 1404 1118 nnl-

256 1160 309 1229 lus
324 1159 467 1247 noverit3
487 1168 555 1227 tum
580 1159 621 1227 de
648 1159 784 1228 crimine
799 1182 838 1227 eo
861 1180 959 1226 sensu
979 1159 1117 1245 occulto,
1133 1157 1222 1250 quod
1241 1158 1287 1226 ita
1310 1156 1404 1249 pauci

257 1264 339 1334 illud
364 1273 508 1353 acuant,
525 1273 562 1335 ut
576 1265 770 1358 delinquens
788 1266 937 1335 nondum
957 1265 1093 1334 infamia
1117 1265 1247 1356 publica
1267 1263 1403 1333 laboret.

257 1372 352 1442 Ratio
366 1396 431 1465 qua
445 1374 564 1441 nititur
578 1373 684 1464 posita
697 1372 875 1458 conclusio,
887 1372 967 1440 satis
979 1395 1037 1463 per
1051 1396 1085 1440 se
1101 1379 1198 1464 patet.
1218 1371 1332 1440 «Cum
1346 1370 1404 1438 de-

262 1505 279 1545 e
302 1480 465 1549 nuntiatio
484 1479 661 1571 judicialis,
680 1479 721 1547 ad
741 1479 917 1548 vindictam
938 1479 1114 1569 publicam,
1133 1477 1262 1569 publico
1278 1476 1403 1568 judicio

262 1614 278 1653 ι(
302 1586 651 1673 inferendam,tendat,
661 1587 744 1655 sicut
754 1587 927 1674 accusatio,
939 1586 1069 1677 publico
1081 1594 1190 1655 autem
1200 1585 1324 1677 judicio
1334 1585 1404 1653 sine

263 1722 278 1759 a
302 1695 447 1783 legitima
461 1696 648 1786 probatione
664 1694 774 1787 puniri
790 1716 888 1763 uerno
911 1694 1023 1785 possit,
1040 1694 1161 1785 injuste
1175 1696 1253 1786 quis
1263 1693 1403 1785 judicia-

263 1830 280 1867 «
303 1802 376 1870 liter
389 1802 600 1871 denuntiatur
618 1802 658 1871 de
674 1803 810 1871 crimine
829 1802 917 1894 quod
937 1802 1070 1894 probari
1091 1802 1217 1893 nequit,
1234 1824 1310 1870 eum
1335 1801 1405 1870 aine

263 1938 281 1976 a
304 1910 411 1978 fructu
427 1909 514 1977 lama
527 1910 596 2001 ejus
611 1909 796 1979 laederetur.
816 1910 857 1978 Et
871 1909 944 1978 licet
963 1908 1171 1977 denuntiator
1185 1908 1225 1977 de
1243 1908 1319 2000 jure
1338 1930 1404 1977 non

263 2042 280 2082 a
304 2016 449 2085 incurrat
462 2038 591 2107 poenam
603 2016 745 2100 talionis,
756 2024 794 2084 ut
805 2017 839 2084 in
854 2016 1043 2107 probatione
1057 2014 1210 2084 deficiens
1223 2022 1402 2102 accumtor,

261 2148 280 2189 a
303 2131 472 2215 reputatur
486 2133 594 2192 tamen
609 2124 836 2209 calumniator,
853 2132 886 2190 et
902 2131 938 2190 ut
951 2121 1025 2189 talia
1037 2123 1185 2213 punitur.

308 2256 325 2295 «
348 2231 417 2298 lma
444 2253 503 2299 nec
527 2238 630 2322 potest
654 2229 756 2321 jadex
783 2230 925 2320 recipcre
954 2228 1233 2298 denuntiationem
1260 2229 1404 2320 judicia-

262 2364 280 2407 «
304 2338 380 2423 lem,
401 2338 453 2406 vel
474 2339 507 2406 vi
530 2338 622 2407 illius
641 2337 682 2406 ad
711 2338 952 2429 inquisitionem
972 2336 1146 2429 procedere
1165 2347 1197 2406 ct
1216 2360 1404 2428 processum

264 2474 280 2511 a
303 2446 484 2531 instituere,
500 2446 562 2513 nisi
578 2444 685 2514 videat
698 2467 717 2514 a
731 2445 957 2514 denuntiatura
971 2446 1052 2513 tales
1070 2444 1274 2514 denominari
1294 2454 1401 2533 testes,

262 2579 280 2619 e
302 2562 359 2621 ant
379 2552 488 2621 offerri
505 2552 704 2643 probationis
724 2551 842 2639 media,
860 2575 918 2645 per
937 2575 1012 2645 qnae
1033 2552 1188 2621 delictum
1208 2552 1404 2622 sufficienter

263 2687 280 2726 a
303 2658 435 2750 probari
448 2658 553 2728 valeat
570 2684 577 2727 :
595 2680 686 2727 secus
708 2658 831 2727 faciens
850 2668 999 2728 censetur
1012 2660 1110 2727 etiam
1133 2683 1203 2728 esse
1222 2660 1404 2729 calumnia·

262 2794 279 2832 a
303 2776 365 2848 tor,
383 2773 494 2859 utpote
505 2765 668 2856 judicium
684 2766 851 2857 publicum
870 2766 940 2835 sine
959 2766 1206 2858 probationibus
1220 2766 1400 2853 intentans3

263 2901 279 2940 a
303 2896 362 2941 nec
382 2872 489 2941 evadit
512 2894 624 2963 poenas
646 2872 902 2961 calumniatoris,
921 2874 1034 2941 saltem
1055 2873 1331 2943 extraordinarias
1344 2896 1403 2942 ar-

263 3008 279 3046 a
302 2981 399 3049 bitrio
422 2978 541 3071 judicis
568 2978 792 3072 imponendas.
809 3006 827 3045 n
844 2979 1078 3071 (Reiffenstuel,
1097 2981 1132 3047 in
1155 2980 1205 3049 tit.
1231 2985 1262 3067 l,
1279 2980 1356 3049 libri
1384 2987 1401 3047 5

257 3087 400 3175 Deerat,
418 3110 451 3155 n.
477 3088 543 3176 89.)

301 3194 353 3264 Ex
369 3194 461 3263 dictis
475 3194 622 3286 sequitur
635 3216 699 3262 non
713 3217 806 3285 posse
822 3195 974 3263 delictum
988 3194 1186 3286 judicialiter
1199 3193 1400 3282 denuntiari,

257 3302 298 3389 si,
312 3310 432 3393 praeter
444 3301 702 3388 denuntiantem,
717 3324 804 3370 unna
817 3310 943 3370 notum
956 3302 1037 3370 illud
1054 3310 1176 3371 nouat.
1190 3302 1275 3385 Quia
1285 3324 1403 3395 nempe

257 3410 298 3477 ad
315 3409 538 3501 probationem
558 3408 744 3499 judicialem
771 3422 838 3477 non'
862 3408 982 3478 sufficit
1001 3411 1101 3477 unius
1118 3409 1346 3478 testimonium.
1366 3408 1404 3478 Si

258 3539 347 3602 vcro,
366 3526 485 3609 praeter
508 3516 767 3603 denuntiantem,
789 3516 855 3584 duo
878 3517 1019 3583 existant
1042 3516 1148 3585 idonei
1172 3523 1280 3603 testes,
1300 3524 1405 3609 potest

258 3624 410 3692 delictum
427 3623 630 3704 denuntiari3
649 3624 725 3715 qnia
748 3624 814 3691 duo
835 3622 1034 3691 sufficienter
1052 3624 1202 3715 probant,
1218 3632 1255 3691 ut
1278 3632 1404 3693 constat

258 3754 297 3799 ex
314 3731 417 3822 capite
431 3732 520 3799 Licet
538 3732 605 3821 (23,
621 3730 661 3799 de
677 3730 955 3821 pandationibus).

302 3840 340 3907 ln
355 3861 432 3907 casu
446 3861 511 3929 quo
527 3838 592 3907 duo
609 3837 780 3906 dumtaxat
792 3836 946 3906 delictum
967 3838 1077 3906 testari
1100 3838 1237 3928 possint,
1254 3846 1285 3905 et
1302 3836 1404 3904 velint

259 3944 341 4014 illud
370 3945 573 4033 denuntiare,
601 3944 719 4013 debant
744 3966 859 4012 curare
888 3952 925 4013 ut
952 3942 1154 4013 denuntiatio
1181 3967 1240 4036 per
1269 3944 1402 4021 artium

261 4057 328 4122 liat.
346 4054 430 4123 Nam
447 4052 501 4120 ille
516 4053 643 4139 tertius,
660 4051 719 4119 etsi
738 4051 781 4119 ad
797 4051 1040 4121 testificandum
1056 4074 1121 4121 non
1138 4052 1180 4119 sit
1195 4051 1343 4137 idonens,
1359 4050 1402 4120 ad

259 4158 518 4229 denuntiandum
543 4168 651 4228 tamen
673 4168 721 4226 sat
741 4158 877 4228 idonens
891 4160 964 4247 erit,
980 4181 1056 4227 cum
1077 4159 1180 4251 possit
1201 4157 1284 4227 duos
1305 4166 1402 4227 testes

256 4268 359 4357 judici
383 4266 562 4337 nominare.
580 4266 606 4334 E
623 4274 747 4355 contra,
763 4265 791 4333 si
805 4290 893 4337 unus
911 4289 953 4336 ex
971 4265 1100 4335 duobus
1121 4266 1256 4335 testim
1271 4264 1401 4336 derran-
