3050 4984
322 432 384 499 rte
694 452 872 501 raimerus
896 450 1089 501 resumens.

315 574 481 667 proposita
497 573 644 666 qaeestio.
668 574 719 643 Ex
742 574 910 643 conrmuni
933 584 1041 643 antem
1063 574 1277 666 interpretum
1300 572 1458 659 doctrina,

316 702 376 773 per
395 680 576 749 ordinarios
597 679 919 748 administrationem
941 679 1103 759 babentes,
1129 678 1174 747 ihi
1198 677 1363 767 designari
1385 700 1460 746 een-

316 786 410 855 sendi
430 794 506 853 sunt
521 786 693 872 ordinarii,
715 786 919 855 territorium
938 798 969 853 et
989 786 1135 853 mistum
1152 784 1269 852 saltem
1286 783 1462 875 imperinm

316 893 486 974 habentem
501 893 613 984 quales
631 902 720 979 sunt,
739 892 831 961 verbi
846 892 964 981 grstia,
986 890 1138 983 Episcopi
1152 899 1185 958 el
1203 890 1312 959 coeteri
1330 889 1461 958 Prselati

313 998 571 1088 jurisdictionem
592 999 922 1091 qnasi-episcopalem
939 998 1119 1067 obtinentes
1137 1025 1144 1067 :
1163 997 1204 1066 ad
1225 997 1460 1067 distinctionem

316 1127 434 1197 nempe
449 1129 563 1174 eornm
578 1107 636 1199 qni
648 1106 816 1197 judicandi
832 1106 1021 1197 simpliciter
1032 1113 1221 1197 potestatem
1238 1104 1371 1191 hebent,
1387 1104 1459 1171 ahs·

316 1236 381 1305 que
397 1214 559 1282 territorio
574 1220 606 1279 at
626 1213 775 1305 imperio.
801 1213 993 1297 «Quaenam
1015 1212 1056 1279 sit
1075 1211 1255 1280 differentia
1275 1212 1360 1279 inter
1371 1212 1459 1303 judi-

320 1347 338 1386 n
360 1342 429 1388 cem
444 1319 756 1387 administrationem
774 1319 959 1404 habentem,
973 1328 1005 1387 et
1020 1341 1085 1388 non
1098 1318 1268 1387 habentem
1288 1369 1340 1405 ...‚
1356 1318 1459 1409 expli·

319 1454 338 1493 e
360 1436 411 1496 cst
427 1427 680 1495 Panormitanus
700 1453 708 1493 ε
726 1426 814 1518 quod
832 1426 988 1495 nimirum
1003 1424 1129 1516 jndices
1144 1426 1458 1494 administrationem

321 1562 340 1599 n
360 1532 515 1601 hebentes
537 1531 687 1601 dicantur
710 1532 755 1599 illi
780 1532 839 1622 qui
868 1532 985 1599 babent
1009 1540 1135 1601 certum
1162 1530 1377 1619 territorium,
1405 1553 1457 1597 sen

319 1667 338 1707 c
361 1641 559 1724 districtum,
571 1640 604 1706 in
620 1661 687 1730 qno
692 1638 954 1728 jurisdictionem
967 1647 1153 1724 exererent,
1171 1638 1220 1707 nti
1235 1637 1387 1730 Episcopi
1399 1662 1455 1707 ...:

319 1774 337 1813 c
360 1746 675 1814 administrationem
691 1766 770 1812 vero
786 1767 852 1813 non
872 1743 1026 1813 habentes
1042 1744 1090 1811 illi
1110 1745 1187 1832 sint,
1206 1767 1348 1837 quorum
1361 1743 1457 1835 juris·

320 1881 338 1920 «
361 1854 458 1921 dictio
471 1860 520 1920 est
533 1850 668 1919 trrndata
687 1858 814 1919 tantum
831 1852 865 1918 in
885 1851 1048 1942 personis;
1066 1851 1151 1919 sicut
1169 1851 1356 1942 exemplum
1372 1852 1459 1943 ponit

318 1960 396 2027 nin
423 1959 609 2027 doctoribus
640 1956 888 2048 profitentibus,
915 1958 971 2049 qui
999 1956 1118 2027 hahent
1141 1957 1401 2049 jurisdictionem
1427 1960 1457 2024 in

318 2065 541 2151 «scholares,
563 2065 633 2132 sine
658 2064 938 2133 administratione
963 2065 1118 2134 territorii
1142 2092 1150 2133 ε
1175 2066 1251 2134 item
1273 2065 1457 2157 exemplum

318 2200 336 2239 c
358 2195 427 2241 esse
443 2181 547 2264 potest
562 2172 597 2239 in
612 2172 796 2261 praepositis
810 2180 841 2239 et
856 2171 1079 2263 superioribus
1096 2172 1307 2263 collegiorum
1325 2181 1358 2241 et
1370 2195 1458 2241 com·

317 2306 336 2345 e
360 2282 573 2365 munitatum,
591 2280 648 2370 qni
668 2280 703 2346 in
723 2278 797 2373 illos
821 2278 936 2369 quide
958 2280 1192 2347 communitate
1214 2287 1291 2348 sunt
1309 2280 1459 2371 jurisdic-

317 2413 335 2453 n
360 2388 480 2456 tionem
495 2394 658 2454 exercent.
677 2412 693 2451 n
713 2385 840 2475 (Engel,
859 2384 891 2453 in
915 2386 965 2453 tit.
991 2390 1046 2473 11,
1064 2386 1141 2454 libri
1163 2391 1176 2452 1
1198 2386 1341 2474 Decret,
1361 2410 1393 2457 n.
1416 2390 1456 2475 8.].

313 2494 373 2564 llis
390 2494 590 2585 prenotatis,
604 2491 645 2561 ad
662 2493 861 2583 propositam
875 2493 1092 2584 questionem

358 2599 549 2691 Respondeo
569 2602 613 2666 1⁰.
632 2599 744 2669 Solent
766 2600 954 2685 canonistae,
972 2601 1028 2667 uhi
1045 2600 1175 2669 titulum
1194 2605 1249 2689 ll,
1265 2602 1342 2671 libri
1359 2606 1371 2670 1
1399 2603 1457 2671 lte

313 2708 482 2776 metalium
509 2705 702 2798 explanent,
732 2704 917 2789 advertere,
948 2704 1117 2777 hodiernis
1147 2708 1294 2777 moribus
1326 2736 1344 2774 u
1376 2709 1457 2777 obti-
1509 2778 1510 2781 ,

319 2842 337 2879 s
360 2815 470 2882 unisse
494 2815 528 2881 in
553 2812 703 2903 pluribus
725 2812 902 2903 provinciis
923 2820 960 2879 ut
980 2814 1214 2883 restitutionem
1239 2817 1274 2882 in
1295 2818 1455 2905 integrum
1509 2782 1510 2813 l

318 2947 336 2987 c
359 2922 465 3013 (qussi
487 2941 553 2989 non
573 2926 638 2986 tam
660 2920 703 2986 sit
715 2918 851 3010 justitise
865 2941 963 3010 quem
984 2920 1111 3009 gratim)
1130 2920 1218 2989 solus
1233 2923 1386 3015 princeps
1405 2932 1458 2991 snt

318 3053 336 3094 u
359 3048 548 3119 supremum
563 3025 636 3116 ejus
651 3023 1008 3107 consiliumconcedat.
1025 3050 1042 3089 n
1062 3026 1266 3115 (leuremus,
1285 3028 1318 3095 in
1337 3029 1455 3097 dietum

316 3136 460 3220 titulum,
477 3156 509 3224 q.
530 3135 626 3216 11179,
648 3153 681 3199 n.
701 3132 747 3219 l.)
764 3132 888 3199 Atvern
901 3131 934 3198 id
951 3132 1197 3221 intelligendum
1216 3132 1257 3201 de
1276 3135 1377 3203 curiis
1397 3157 1456 3203 ssc-
1508 3098 1509 3162 l

314 3241 489 3309 cnlmihus.
502 3238 588 3322 Quid
603 3260 681 3307 vero
695 3237 902 3307 sentiendum
916 3238 958 3306 de
973 3240 1072 3307 curiis
1085 3240 1306 3309 ecclesiasticis
1320 3240 1455 3310 dicimus

314 3348 402 3418 inlra
416 3346 596 3439 questione
609 3353 732 3414 octava.

358 3453 548 3545 Respondes
563 3456 609 3519 2⁰.
628 3451 878 3521 Restitutinuem
896 3454 931 3521 in
948 3453 1112 3544 integrum
1128 3464 1266 3545 possunt
1284 3455 1455 3525 concedere
1507 3424 1508 3512 l

314 3560 484 3644 ordinarii,
515 3558 669 3627 habentes
697 3560 897 3627 territorium
928 3582 1003 3627 eum
1033 3561 1169 3651 imperio
1197 3561 1311 3631 saltem
1342 3564 1452 3631 mixto.

314 3670 447 3738 Constet
471 3688 513 3735 cx
544 3665 640 3733 citata
667 3665 819 3734 decretali
852 3666 980 3750 causo·
1009 3668 1065 3737 ubi
1096 3689 1247 3759 expresse
1275 3670 1455 3739 decemitnr
1506 3666 1507 3717 l

314 3798 407 3869 posse
433 3794 564 3843 causum
591 3774 804 3843 restitutionis
831 3776 959 3879 tractari
989 3783 1021 3843 et
1046 3774 1133 3842 finiri
1162 3798 1271 3845 coram
1293 3778 1455 3868 judicibus

315 3882 489 3952 ordinariis
511 3880 830 3949 administrationem
848 3881 1061 3965 naseuntur,-
1078 3884 1198 3974 quihus
1219 3884 1354 3953 vocibus
1369 3886 1454 3953 desi-
1505 3972 1506 3975 Ἴ

315 3989 411 4081 gnari
439 3986 621 4056 ordinarios
649 3986 848 4057 territorium
879 4011 953 4057 cum
986 3989 1090 4058 mixto
1121 3990 1259 4081 imperio
1287 3990 1453 4077 habentes,
1505 4014 1506 4077 1

315 4120 415 4189 supra
428 4095 666 4164 adnotavimus.
685 4094 824 4164 Possunt
838 4118 916 4185 ergo
930 4096 1094 4188 Episcopi,
1111 4110 1142 4165 et
1156 4096 1287 4167 Praelsti
1304 4098 1455 4189 jurisdic·

314 4206 435 4275 tionem
451 4202 773 4295 quasi-episcopalem
796 4203 963 4292 habentes,
984 4203 1100 4273 dietam
1117 4205 1356 4277 restitutionem
1376 4228 1454 4277 con-
1504 4254 1505 4349 p
