3050 4984
742 333 754 405 ὶ.

549 551 624 600 ross
645 525 792 598 smenon.
1171 518 1236 602 tet,

95 669 209 746 eurise,
224 689 300 734 nom
312 671 461 735 omnibus
476 672 662 750 honoribus,
676 671 838 749 oneribus,
853 670 1075 734 cruciamentis
1087 678 1118 733 et
1127 669 1234 751 privi-

95 775 191 857 lepiis
203 777 304 841 solitis
318 787 350 842 et
360 780 528 857 consuetis,
543 782 765 843 corostitnimus
778 787 809 844 et
818 778 1023 862 deputamus.
1039 779 1078 842 In
1092 794 1233 860 qnorum

91 883 195 955 fidem
205 895 378 964 presentes
388 886 545 970 expediri,
560 889 638 950 etin
652 895 763 951 nostra
777 885 971 950 carnetiaria
984 883 1156 967 rapistrari
1163 885 1235 965 jus-

94 993 210 1054 simus.
230 993 363 1071 Datum,
387 1001 445 1056 etc.
459 1029 500 1038 -
514 994 570 1070 N„
590 994 769 1076 Episcopus
784 994 826 1060 N.
843 1025 881 1042 -··
897 992 952 1070 N„
975 990 1198 1058 cancellarius.
1215 1011 1231 1050 u

96 1095 138 1160 Et
150 1104 290 1180 ponetur
302 1099 449 1179 sigillum
461 1105 615 1165 consueto
628 1100 706 1165 loco.

615 1369 722 1443 xva.

94 1561 238 1609 fonnem
267 1563 485 1611 nmnnonls
516 1565 672 1613 nnvlsoms
700 1563 917 1624 cenomanum,
950 1563 1006 1610 PRO
1032 1560 1235 1608 multumt·
1281 1566 1285 1577 ¹

463 1673 555 1718 ‘1101OE
576 1672 717 1720 mooun!
739 1671 864 1718 etonem.

138 1879 153 1910 «
173 1854 228 1932 N„
250 1855 430 1939 Episcopus
450 1857 492 1924 N.
510 1893 549 1903 -
562 1857 685 1922 Dilecta
705 1857 747 1924 N.
763 1891 802 1902 -
817 1855 933 1936 Ecipit
944 1851 1151 1935 providentio
1163 1869 1237 1933 pas·

94 1961 209 2023 taralis
223 1962 334 2042 officii,
352 1971 390 2026 ut
406 1963 490 2027 bona
509 1972 541 2026 ct
562 1963 708 2027 redditus
727 1962 870 2026 iocorum
884 1961 1018 2043 piorum
1035 1965 1118 2022 recte
1132 1957 1236 2022 admi·

90 2067 283 2144 nistrentur,
306 2079 337 2132 et
356 2087 468 2134 eorum
486 2079 637 2153 computa
658 2070 764 2134 debito
792 2077 933 2151 ternpore
954 2067 1182 2128 examinentur
1204 2072 1235 2128 et

91 2174 313 2238 revideantur.
340 2176 544 2259 Quapropter
569 2178 635 2244 Nos
664 2175 870 2258 pravioribus
895 2174 982 2238 caris
1009 2173 1168 2254 occupati,
1194 2170 1235 2234 de

94 2290 153 2344 tua
164 2281 319 2360 fidelitate
335 2292 366 2346 et
382 2286 582 2366 experientia
598 2285 782 2366 piurimnrn
796 2285 829 2346 in
844 2283 984 2348 Domino
1006 2281 1126 2358 confisi,
1145 2279 1185 2343 Te
1200 2279 1235 2343 in

92 2389 270 2453 reviserem
292 2390 476 2471 peneraIem
503 2401 730 2473 computorum
758 2400 789 2453 et
820 2389 1142 2453 administrationum
1168 2405 1235 2448 om·
1343 2436 1345 2442 ,

92 2497 186 2558 nium
202 2496 345 2560 iocorum
362 2499 506 2578 piorum,
526 2507 595 2560 tam
612 2499 751 2561 civitatis
770 2517 870 2581 qaam
893 2497 1047 2574 dioecesis,
1066 2503 1096 2556 et
1116 2500 1234 2557 nostrae

93 2603 272 2667 ordinariae
285 2612 316 2667 et
328 2603 484 2685 deiopatce
496 2604 722 2686 jurisdictioni
733 2605 962 2686 subjectarum,
977 2602 1139 2683 ciipimus,
1155 2617 1234 2663 con-

91 2711 257 2774 stituimus
270 2719 301 2774 et
313 2710 519 2794 deputamus,
535 2730 609 2774 cum
624 2713 781 2792 facultate
801 2711 954 2793 officiales
975 2717 1007 2774 et
1026 2707 1235 2772 administra

92 2826 178 2881 tores
196 2836 425 2902 quascumque,
437 2827 538 2902 prout
552 2820 643 2901 juris
664 2820 736 2896 erit,
753 2818 887 2896 citandi,
904 2824 935 2880 et
952 2816 999 2879 ad
1016 2812 1235 2878 conibentiam

91 2923 194 2988 liores
208 2933 240 2988 et
257 2934 410 3008 computo
422 2945 484 3007 pro
498 2925 679 2990 redditione
697 2927 833 2988 rationis
854 2921 1074 3007 compellendi.
1097 2918 1152 2984 Ad
1167 2937 1236 2982 sen·

91 3032 231 3095 tentiam
257 3039 368 3096 annm
394 3032 629 3097 absolutorium
651 3051 708 3096 seu
733 3031 1035 3096 condemnatoriam
1056 3045 1121 3091 non
1139 3026 1234 3090 deae-

90 3138 512 3216 nias,Nobis‚oe1nostro
541 3139 666 3204 Vicorio
691 3141 840 3222 penercii
863 3138 1048 3204 inconsultis
1071 3155 1237 3222 :prasen-

91 3244 179 3307 tibus
197 3244 244 3308 ad
267 3253 413 3309 nostrum
433 3245 677 3327 beneplacitum,
697 3248 860 3311 valituris.
885 3248 1019 3328 Datum,
1041 3257 1098 3312 etc.
1121 3284 1159 3294 -
1178 3247 1233 3325 N.²

92 3351 276 3435 Episcopus
293 3353 334 3419 Ν.
358 3387 395 3400 -
418 3353 475 3431 Ν.,
493 3353 714 3416 concellarius.
737 3377 752 3412 s
772 3353 808 3416 Ei
830 3358 968 3435 ponatur
992 3353 1134 3436 sigillum
1156 3372 1233 3418 oon·

95 3462 189 3522 sueto
202 3457 281 3522 loco.

605 3593 726 3663 xvttt.

142 3787 285 3835 souitu
312 3789 529 3836 pemmonis
554 3789 706 3851 CURSORIS,
739 3791 809 3834 SIVE
837 3790 954 3852 notum,
995 3791 1063 3836 stvss
1092 3789 1192 3835 NUNCH

509 3895 695 3942 Relscomts
715 3896 824 3943 GURIAE·

143 4103 157 4138 α
178 4079 233 4157 N„
248 4079 427 4162 Episcopus
446 4080 489 4148 Ν.
514 4115 552 4126 -·
573 4080 694 4145 Dilecto
713 4081 755 4148 N.
773 4115 811 4126 —
833 4078 1007 4146 Providerc
1030 4078 1168 4144 volentes
1187 4097 1239 4143 cn·

97 4189 186 4250 riam
207 4195 353 4250 nostram
369 4187 582 4269 episcopalem
600 4187 640 4250 de
659 4187 773 4251 idoneo
795 4206 936 4265 cursore,
950 4189 1018 4250 siae
1040 4185 1162 4268 bajulo,
1182 4187 1242 4269 qui

96 4293 254 4374 fidelitate
275 4303 308 4358 et
328 4292 532 4374 assiduitate,
554 4295 725 4359 commissa
742 4293 806 4358 sibi
826 4293 1015 4377 adimpleat,
1039 4291 1127 4358 tede
1150 4295 1241 4378 cajus
