3050 4984
563 542 637 587 raas
664 542 810 588 saeuum.
1188 526 1248 589 aot

159 658 217 729 tv.
236 660 329 731 Unde
343 662 473 731 tandem
484 663 671 752 juramento
685 662 834 731 veritatis
855 661 1026 731 dumtaxat
1045 663 1141 733 bodie
1165 664 1254 733 locus

114 776 271 854 remanet,
287 778 319 836 et
334 768 505 839 dumtaxat
519 770 580 838 snb
593 768 688 838 dictis
701 768 861 838 limitibus
880 796 887 837 :
904 768 949 837 ita
968 792 1085 861 nempe
1105 780 1142 839 ut
1164 772 1254 861 exigi

115 885 252 967 nequeat
265 900 285 943 a
296 898 364 963 reo,
376 898 434 945 nec
443 877 478 944 in
492 898 589 945 causa
604 875 780 964 criminali,
798 898 857 945 nec
867 877 903 944 in
917 899 1014 945 eausa
1026 878 1117 946 civili
1131 879 1254 948 famosa

113 992 171 1049 ant
192 982 305 1051 ardua.
331 983 368 1050 ln
382 984 508 1051 crateris
522 994 629 1053 autem
646 985 753 1053 cauaia
775 983 927 1051 civilibus
946 985 1063 1076 poterit
1085 985 1187 1075 judex
1211 986 1253 1056 ad

113 1088 195 1157 illud
209 1110 375 1159 recurrere
386 1091 421 1158 in
435 1090 698 1183 supplementum
713 1090 956 1181 probationum,
973 1099 1043 1159 tum
1065 1093 1254 1162 anctoritate

113 1196 245 1287 propria
254 1196 335 1264 illud
349 1196 449 1266 actori
460 1198 511 1266 sel
527 1220 584 1267 reo
599 1198 811 1288 imponendo,
821 1207 891 1266 tum
906 1220 947 1266 ex
958 1198 1110 1267 instantia
1120 1199 1253 1267 atterius

112 1303 211 1392 partis
225 1302 318 1371 alteri
334 1302 519 1373 deferendo.

567 1618 711 1687 CAPUT
733 1618 790 1685 [Π.

496 1832 540 1875 DE
572 1829 747 1875 ΕΧΔΜῙΝΕ
784 1830 860 1875 Ml.

154 2059 192 2125 ln
214 2058 320 2127 causis
334 2057 572 2143 criminalibus,
597 2058 649 2125 vel
673 2056 861 2149 proceditur
881 2058 935 2125 via
953 2059 1182 2145 accusationis,
1199 2058 1250 2127 vel

109 2167 162 2233 via
179 2165 397 2255 inquisitionis
416 2192 423 2233 ε
442 2166 470 2232 si
485 2166 589 2255 prius,
606 2164 644 2231 lit
663 2166 807 2253 primum
828 2166 1018 2234 contestatio
1031 2165 1098 2233 litis
1113 2188 1249 2234 accusa-

109 2282 212 2340 torem
242 2274 327 2341 inter
356 2281 388 2340 et
414 2280 600 2341 accusatum
628 2292 726 2363 snper
750 2271 861 2339 libello
889 2271 931 2339 ab
959 2281 1143 2339 accusatore
1171 2295 1250 2363 por-

109 2384 218 2455 recto;
240 2386 272 2444 et
292 2376 366 2444 dein
385 2376 594 2444 examinatur
613 2396 687 2444 rsus
708 2402 715 2443 ι
741 2376 768 2443 si
783 2376 954 2467 posterius,
972 2377 1159 2445 contestatio
1183 2378 1249 2444 litis

108 2504 176 2549 non
198 2480 306 2551 differt
331 2483 372 2551 ab
394 2482 544 2563 examine
568 2482 637 2566 rei;
664 2482 719 2549 sed
744 2505 803 2572 per
824 2482 985 2573 ejusmodi
1011 2505 1149 2551 examen
1177 2483 1249 2551 fieri

107 2598 269 2657 censetur.

151 2696 250 2765 Nunc
272 2697 307 2764 in
326 2698 510 2788 peragendo
526 2698 596 2789 ipso
617 2698 665 2766 rei
688 2699 856 2782 examine,
873 2721 948 2788 quaa
973 2720 1088 2767 norma
1110 2696 1248 2766 tenenda

107 2804 161 2890 sit,
186 2804 436 2895 expendendum
466 2805 617 2873 occurrit.
642 2808 749 2895 Atque
776 2804 938 2895 imprimis
963 2828 1038 2874 cnm
1064 2805 1247 2894 Pellegrino

107 2909 353 3000 praemittimus,
369 2911 410 2979 ad
431 2933 562 2980 reorum
587 2909 849 3001 delinquentium
873 2933 1011 2979 examen
1028 2934 1156 2980 summa
1179 2934 1248 2979 esse

107 3017 292 3085 maturitate
317 3017 607 3107 procedendum«
630 3039 705 3085 cum
721 3016 972 3086 fundamentum
994 3018 1108 3110 judicii
1131 3018 1247 3086 crimi-

110 3150 128 3187 α
151 3123 236 3191 natis
263 3125 298 3191 in
313 3124 466 3192 examine
490 3146 619 3193 reorum
644 3125 818 3208 consistat;
835 3146 911 3191 nam
927 3147 968 3192 ex
983 3125 1247 3216 responsionibus

110 3256 128 3293 a
151 3230 296 3320 ipsorum
313 3230 528 3321 (plerumque)
545 3230 663 3315 oritur,
678 3230 730 3299 vel
744 3231 917 3316 absolutio,
933 3231 985 3298 vel
1007 3231 1245 3316 condemnatio,

110 3363 128 3399 a
152 3359 250 3428 snper
268 3336 393 3404 delictis
413 3337 453 3406 de
473 3337 592 3429 quibus
615 3358 672 3428 per
692 3336 821 3428 judices
844 3336 1067 3427 inquiritur.»
1096 3338 1194 3426 (Part.
1212 3344 1245 3423 t,

106 3453 186 3511 sect.
206 3448 239 3530 9,
254 3444 373 3533 initio.)

151 3549 295 3631 Quaamo
310 3551 349 3618 1².
365 3588 408 3602 -
422 3554 473 3618 An
482 3548 596 3641 judici
610 3550 754 3640 lepitime
774 3550 990 3640 interroparui
1003 3574 1077 3619 reus
1098 3564 1248 3619 teneatur

106 3656 260 3724 delictum
284 3680 381 3725 suum
397 3657 509 3746 fateri,
526 3660 628 3725 etiam
642 3679 719 3724 cum
736 3656 853 3724 timore
871 3641 1003 3746 mappae
1013 3681 1133 3749 poenae.
1149 3695 1194 3708 -
1209 3657 1247 3726 Si

104 3786 183 3831 rens
191 3786 326 3852 gravem
334 3764 395 3832 sibi
405 3786 446 3831 ex
454 3763 655 3833 confessione
670 3786 800 3855 prauam
816 3764 1090 3851 nonrelormidet,
1107 3774 1246 3833 estuna-

103 3868 209 3937 nimis
223 3880 255 3937 et
268 3878 361 3939 extra
376 3871 630 3939 controversiam
645 3872 815 3957 sententia,
830 3894 906 3939 eum
923 3873 1024 3939 teneri
1040 3871 1081 3940 ad
1090 3870 1246 3939 confiten-

102 3977 186 4045 dum
204 3976 358 4047 delictum
380 3976 487 4047 sunm.
507 3979 544 4046 ln
565 4002 642 4047 casu
657 3990 767 4048 autem
782 3978 887 4069 posito
902 4001 1031 4068 magnae
1048 3978 1247 4046 imminentis

103 4105 225 4175 poenae,
242 4107 307 4152 non
331 4085 526 4154 concordant
541 4086 700 4154 doctores.
719 4084 786 4152 Alii
803 4108 918 4175 nempe
933 4108 1007 4153 cnm
1021 4086 1156 4153 Doctore
1169 4086 1243 4151 Au-

103 4189 210 4281 gelico
236 4194 278 4282 (2.
306 4196 338 4277 2,
361 4215 393 4282 q.
422 4196 475 4276 69,
501 4214 531 4260 a.
561 4196 592 4278 1,
609 4190 650 4260 ad
675 4192 706 4281 2)
729 4190 894 4260 affirmant
916 4192 1013 4260 etiam
1035 4201 1111 4258 tone
1142 4193 1245 4259 teneri

105 4320 203 4367 reum
225 4298 264 4366 ad
286 4298 393 4368 delicti
414 4299 466 4368 sui
480 4298 714 4369 confessionem
732 4326 739 4367 :
757 4309 789 4368 et
802 4298 885 4368 banc
905 4297 1096 4369 sententiam
1114 4307 1245 4368 sanctus
