3050 4984
577 509 652 555 nnus
672 506 818 554 smenon.
1200 482 1262 548 395

122 627 247 721 injusta
260 628 453 699 aestimanda
475 630 559 699 foret
584 628 671 698 dicta
685 651 793 721 poeua,
810 648 876 697 non
900 626 1119 719 inquisitionis
1133 622 1264 695 institu-

124 736 207 805 tioni
219 736 253 804 id
280 735 547 829 exprobrandum
562 737 666 824 foret3
683 737 741 805 sed
756 735 961 828 principibus
974 732 1186 803 sacularibus
1200 732 1265 801 cri-

123 842 208 910 mini
221 841 417 913 verteudnm
431 840 520 935 quod
534 862 606 913 cam
628 841 810 928 sanxerint,
826 847 858 909 et
871 839 950 909 Sodi
963 838 1160 931 Apostolicas
1173 836 1263 930 quod

122 970 199 1017 eam
212 949 440 1041 approbaverit
452 954 485 1017 et
499 956 662 1019 servatam
677 947 829 1017 voluerit.

169 1054 334 1138 Sectmdc,
351 1056 409 1125 sed
424 1077 530 1148 neque
544 1062 716 1147 potestates
727 1054 909 1140 saculares,
926 1054 968 1123 ob
983 1060 1135 1121 statutam
1150 1050 1264 1142 hujus·

124 1161 215 1232 modi
238 1184 381 1255 poenam,
395 1160 564 1254 injustitias
579 1162 672 1231 facile
684 1161 897 1246 insimulabit,
924 1160 981 1253 qni
994 1168 1181 1251 temporum
1198 1179 1263 1249 quo

122 1269 195 1339 baec
208 1277 279 1339 acta
292 1278 370 1340 suut
384 1270 555 1358 rationem,
571 1280 604 1339 et
618 1268 807 1339 societatum
831 1267 976 1337 civilium
1005 1275 1083 1335 tunc
1104 1262 1263 1356 temporis

123 1378 290 1467 vigentem
305 1377 446 1447 formam
459 1377 643 1446 attenderit.
661 1376 731 1445 Hoc
748 1374 870 1445 scilicet
885 1373 1046 1467 principio
1066 1370 1264 1442 fundamen-

124 1483 182 1553 tuli
195 1483 349 1577 quaelibet
368 1483 556 1577 temporalis
582 1482 767 1576 respublica
779 1482 955 1569 nitebatur,
972 1488 1009 1550 ut
1025 1480 1174 1572 princeps
1188 1486 1264 1547 ante

122 1591 238 1661 omnia
256 1590 419 1682 dogmatis
442 1590 591 1661 catholici
613 1613 672 1659 scu
685 1589 764 1659 fidei
788 1588 964 1681 integritati
988 1586 1188 1665 consuleret;
1204 1606 1264 1654 uec

123 1698 154 1767 ei
179 1722 201 1769 a
225 1699 355 1792 populis
374 1698 541 1770 catholicis
565 1720 714 1768 concesse
739 1720 893 1790 suprema
906 1702 1046 1790 potestas
1061 1694 1261 1782 censebatur,

124 1805 193 1875 nisi
214 1807 276 1876 snb
290 1806 352 1876 boc
364 1806 462 1875 tacito
485 1815 591 1899 pecto,
607 1806 695 1898 qnod
709 1805 848 1875 haereses
861 1805 976 1897 procul
990 1810 1125 1890 arceret,
1142 1811 1174 1871 et
1188 1810 1262 1871 tau-

124 1934 226 2005 quam
243 1914 431 1984 maximum
445 1922 477 1984 et
490 1913 801 2005 periculosissimum
829 1911 998 2004 publicum
1024 1911 1149 1980 emmau
1174 1909 1263 2000 plec-

124 2026 217 2090 teret.
233 2019 341 2109 Unde,
356 2021 440 2091 suut
462 2028 585 2090 adesto
607 2019 758 2111 dogmate
772 2018 939 2101 catholieo,
968 2017 1150 2087 maximum
1164 2014 1264 2106 flagi-

123 2126 210 2195 tium
224 2136 273 2195 est
286 2128 429 2217 burmis,
446 2128 493 2197 ita
505 2137 625 2199 attenta
640 2126 880 2197 fundamentali
890 2125 1062 2219 cujuslibet
1077 2122 1264 2217 temporalis

124 2235 313 2327 reipublice
329 2237 570 2324 constitutione,
597 2258 657 2329 pro
672 2236 730 2305 tali
744 2236 780 2304 iu
795 2236 866 2305 loro
880 2234 1027 2305 saeculari
1043 2234 1166 2303 crimen
1180 2230 1263 2301 illud

124 2342 239 2413 baberi
257 2352 291 2413 ct
309 2345 450 2415 coerceri
465 2343 602 2413 debebat
618 2370 627 2411 ε
645 2366 720 2413 cum
736 2344 901 2437 precipue
915 2340 1115 2435 experientia
1135 2339 1262 2409 docuis-

122 2459 173 2519 set
185 2452 296 2521 statim
318 2451 489 2520 imminere
514 2450 687 2521 seditiones
706 2460 739 2520 et
752 2452 871 2535 caedes,
891 2450 948 2519 ubi
969 2448 1148 2521 lraerasibus
1161 2447 1263 2539 jenua

123 2568 258 2651 pateret.
276 2558 361 2627 Hinc
376 2558 484 2651 quoad
505 2558 666 2651 ejusmodi
690 2559 853 2651 principes
878 2566 910 2626 et
925 2556 1098 2627 catholicos
1111 2553 1261 2647 populos,

123 2688 192 2737 non
204 2666 287 2736 adeo
311 2666 438 2735 mirum
451 2666 557 2735 videri
577 2666 685 2755 debet,
713 2667 838 2753 sceleri,
864 2664 951 2757 quod
972 2664 1153 2733 maximum
1167 2683 1262 2731 com-

124 2776 221 2845 muni
234 2796 395 2844 consensu
406 2773 628 2866 reputabatur,
654 2773 807 2866 quodque
822 2772 885 2842 tale
899 2780 948 2841 est
971 2780 1091 2841 attento
1111 2770 1261 2860 dogmate

122 2882 295 2969 catholico,
312 2882 490 2951 mammem
505 2881 607 2950 fuisse
622 2880 799 2971 irrogatam
813 2902 958 2972 poenam.

171 2991 289 3070 Tertio,
302 2988 474 3080 praedictas
488 2988 654 3057 saecularis
667 2991 833 3079 potestatis
847 2988 933 3078 leges
947 2987 1138 3078 approbare,
1155 2994 1187 3054 et
1202 3005 1262 3052 sua

122 3095 226 3165 simul
240 3094 429 3165 auctoritate
444 3096 577 3163 firmare
602 3094 710 3185 potuit
724 3092 876 3179 Ecclesia,
894 3091 1022 3183 aileges
1039 3091 1103 3159 illoe
1128 3090 1259 3183 injuste

122 3222 192 3270 non
219 3201 339 3270 tuerint
357 3227 365 3267 :
385 3200 475 3292 atqui
490 3200 525 3267 in
548 3200 738 3269 memoratis
752 3199 967 3291 pristinorum
981 3207 1168 3291 temporum
1194 3197 1263 3264 cir-

121 3306 345 3394 cumstantiis,
373 3305 511 3400 injnstes
543 3305 644 3375 fuisse
674 3304 732 3374 bas
763 3306 852 3396 leges
882 3305 1012 3396 probari
1042 3304 1171 3397 nequit,
1202 3302 1263 3371 etsi

122 3414 340 3484 acerbissimae
354 3416 391 3483 iu
405 3413 575 3483 haereticos
588 3413 774 3500 videantur,
791 3422 828 3482 ut
843 3413 942 3482 modo
960 3412 1118 3481 diximus.

173 3526 311 3610 Quarto,
328 3524 479 3617 scriptori
496 3523 654 3593 catholico
677 3524 812 3593 minime
837 3522 963 3592 licitum
986 3521 1130 3614 reputari
1153 3520 1260 3607 debet,

123 3633 346 3723 apostolicam
359 3630 479 3701 Sedem
492 3630 724 3715 condemnare,
740 3631 833 3721 quasi
848 3652 990 3723 pravum
1005 3629 1085 3721 quid
1107 3637 1139 3698 ct
1158 3627 1264 3718 injus-

122 3750 196 3809 tum
211 3737 398 3829 patraverit,
422 3735 502 3805 dum
522 3736 636 3805 mortis
661 3757 791 3827 paruam
817 3736 852 3803 iu
877 3734 1047 3805 hereticos
1070 3758 1089 3803 a
1114 3732 1263 3804 saeouleri

119 3853 279 3939 potestate
301 3846 412 3931 latam,
429 3867 490 3914 suo
514 3864 647 3912 assensu
672 3844 829 3911 firmavit.
855 3843 939 3912 Nam
967 3841 1127 3934 ejusmodi
1151 3862 1260 3933 poena,

119 3962 284 4046 quatenus
312 3952 353 4021 ab
376 3952 564 4020 auctoritate
589 3950 801 4019 ecclesiastica
822 3950 1010 4043 approbata,
1029 3950 1065 4018 in
1079 3947 1263 4040 generalem

121 4059 277 4130 Ecclesia
305 4058 510 4150 disciplinam
539 4057 682 4143 transiit,
706 4066 740 4126 et
778 4057 958 4149 perplura
995 4056 1115 4125 saecula
1143 4056 1259 4145 viguit.

121 4169 229 4238 Porro
253 4176 339 4235 certa
365 4175 398 4235 et
423 4164 557 4234 omuino
584 4163 722 4233 uuanda
748 4162 918 4233 doctorum
942 4162 1175 4233 catholicorum
1190 4184 1264 4231 sen·

120 4272 225 4345 tentis
249 4282 310 4365 est,
337 4294 506 4369 nunquam
537 4294 631 4371 posse
657 4270 833 4351 Ecclesiam
863 4270 1053 4341 catholicam
1082 4269 1265 4365 quidquam
