<?xml version="1.0" encoding="UTF-8"?>
<!DOCTYPE html PUBLIC "-//W3C//DTD XHTML 1.0 Transitional//EN"
    "http://www.w3.org/TR/xhtml1/DTD/xhtml1-transitional.dtd">
<html xmlns="http://www.w3.org/1999/xhtml" xml:lang="en" lang="en">
 <head>
  <title>
</title>
<meta http-equiv="Content-Type" content="text/html;charset=utf-8" />
  <meta name='ocr-system' content='tesseract 3.04.00' />
  <meta name='ocr-capabilities' content='ocr_page ocr_carea ocr_par ocr_line ocrx_word'/>
</head>
<body>
  <div class='ocr_page' id='page_1' title='image "./tractatusdejudi00goog_0608.png"; bbox 0 0 3050 4984; ppageno 0'>
   <div class='ocr_carea' id='block_1_1' title="bbox 290 510 1051 576">
    <p class='ocr_par' dir='ltr' id='par_1_1' title="bbox 290 510 1051 576">
     <span class='ocr_line' id='line_1_1' title="bbox 290 510 1051 576; baseline 0.003 -2"><span class='ocrx_word' id='word_1_1' title='bbox 290 510 352 574; x_wconf 75' lang='lat' dir='ltr'><strong>ott</strong></span> <span class='ocrx_word' id='word_1_2' title='bbox 660 524 836 576; x_wconf 74' lang='lat' dir='ltr'><strong>musanus</strong></span> <span class='ocrx_word' id='word_1_3' title='bbox 857 526 897 576; x_wconf 77' lang='lat' dir='ltr'><strong>nu</strong></span> <span class='ocrx_word' id='word_1_4' title='bbox 917 525 1051 576; x_wconf 73' lang='lat' dir='ltr'><strong>sumum.</strong></span> 
     </span>
    </p>
   </div>
   <div class='ocr_carea' id='block_1_2' title="bbox 285 649 1431 1272">
    <p class='ocr_par' dir='ltr' id='par_1_2' title="bbox 285 649 1431 1272">
     <span class='ocr_line' id='line_1_2' title="bbox 287 649 1431 733; baseline -0.003 -17"><span class='ocrx_word' id='word_1_5' title='bbox 287 649 503 728; x_wconf 77' lang='lat' dir='ltr'><strong>adnotentur).</strong></span> <span class='ocrx_word' id='word_1_6' title='bbox 533 650 614 732; x_wconf 74' lang='lat' dir='ltr'><strong>Oete</strong></span> <span class='ocrx_word' id='word_1_7' title='bbox 639 649 752 715; x_wconf 84' lang='lat' dir='ltr'><strong>omnio</strong></span> <span class='ocrx_word' id='word_1_8' title='bbox 779 669 802 714; x_wconf 88' lang='lat' dir='ltr'><strong>o</strong></span> <span class='ocrx_word' id='word_1_9' title='bbox 830 649 1005 715; x_wconf 80' lang='lat' dir='ltr'><strong>reverendo</strong></span> <span class='ocrx_word' id='word_1_10' title='bbox 1030 650 1086 729; x_wconf 67' lang='lat' dir='ltr'><strong>N„</strong></span> <span class='ocrx_word' id='word_1_11' title='bbox 1119 649 1247 718; x_wconf 78' lang='lat' dir='ltr'><strong>Vteorio</strong></span> <span class='ocrx_word' id='word_1_12' title='bbox 1279 649 1431 733; x_wconf 69' lang='lat' dir='ltr'><strong>pensasti</strong></span> 
     </span>
     <span class='ocr_line' id='line_1_3' title="bbox 287 756 1428 842; baseline -0.001 -19"><span class='ocrx_word' id='word_1_13' title='bbox 287 757 384 840; x_wconf 61' lang='lat' dir='ltr'><strong>trous</strong></span> <span class='ocrx_word' id='word_1_14' title='bbox 406 756 677 836; x_wconf 74' lang='lat' dir='ltr'><strong>orchidiceeeseos,</strong></span> <span class='ocrx_word' id='word_1_15' title='bbox 696 758 790 840; x_wconf 67' lang='lat' dir='ltr'><strong>ficere</strong></span> <span class='ocrx_word' id='word_1_16' title='bbox 815 764 943 842; x_wconf 83' lang='lat' dir='ltr'><strong>recepta</strong></span> <span class='ocrx_word' id='word_1_17' title='bbox 965 765 997 822; x_wconf 85' lang='lat' dir='ltr'><strong>et</strong></span> <span class='ocrx_word' id='word_1_18' title='bbox 1012 757 1158 822; x_wconf 67' lang='lat' dir='ltr'><strong>masso</strong></span> <span class='ocrx_word' id='word_1_19' title='bbox 1175 759 1206 822; x_wconf 81' lang='lat' dir='ltr'><strong>st</strong></span> <span class='ocrx_word' id='word_1_20' title='bbox 1221 765 1255 824; x_wconf 80' lang='lat' dir='ltr'><strong>et</strong></span> <span class='ocrx_word' id='word_1_21' title='bbox 1270 757 1307 822; x_wconf 79' lang='lat' dir='ltr'><strong>io</strong></span> <span class='ocrx_word' id='word_1_22' title='bbox 1317 776 1428 842; x_wconf 73' lang='lat' dir='ltr'><strong>qum-</strong></span> 
     </span>
     <span class='ocr_line' id='line_1_4' title="bbox 289 864 1428 950; baseline 0.001 -20"><span class='ocrx_word' id='word_1_23' title='bbox 289 873 376 949; x_wconf 86' lang='lat' dir='ltr'><strong>tum;</strong></span> <span class='ocrx_word' id='word_1_24' title='bbox 392 873 424 930; x_wconf 86' lang='lat' dir='ltr'><strong>et</strong></span> <span class='ocrx_word' id='word_1_25' title='bbox 446 865 585 931; x_wconf 82' lang='lat' dir='ltr'><strong>decrevit</strong></span> <span class='ocrx_word' id='word_1_26' title='bbox 606 865 693 930; x_wconf 80' lang='lat' dir='ltr'><strong>idem</strong></span> <span class='ocrx_word' id='word_1_27' title='bbox 712 865 908 932; x_wconf 80' lang='lat' dir='ltr'><strong>reverendus</strong></span> <span class='ocrx_word' id='word_1_28' title='bbox 934 865 1081 932; x_wconf 79' lang='lat' dir='ltr'><strong>Vtcorias</strong></span> <span class='ocrx_word' id='word_1_29' title='bbox 1104 864 1265 950; x_wconf 74' lang='lat' dir='ltr'><strong>poneretis</strong></span> <span class='ocrx_word' id='word_1_30' title='bbox 1283 866 1336 930; x_wconf 79' lang='lat' dir='ltr'><strong>ud</strong></span> <span class='ocrx_word' id='word_1_31' title='bbox 1350 867 1428 931; x_wconf 74' lang='lat' dir='ltr'><strong>cette</strong></span> 
     </span>
     <span class='ocr_line' id='line_1_5' title="bbox 287 972 1380 1058; baseline 0.002 -23"><span class='ocrx_word' id='word_1_32' title='bbox 287 972 487 1058; x_wconf 81' lang='lat' dir='ltr'><strong>rtoroprout</strong></span> <span class='ocrx_word' id='word_1_33' title='bbox 505 972 546 1036; x_wconf 81' lang='lat' dir='ltr'><strong>de</strong></span> <span class='ocrx_word' id='word_1_34' title='bbox 565 975 645 1056; x_wconf 82' lang='lat' dir='ltr'><strong>jure</strong></span> <span class='ocrx_word' id='word_1_35' title='bbox 660 973 847 1056; x_wconf 80' lang='lat' dir='ltr'><strong><em>procedere.</em></strong></span> <span class='ocrx_word' id='word_1_36' title='bbox 860 975 944 1040; x_wconf 83' lang='lat' dir='ltr'><strong>Aeto</strong></span> <span class='ocrx_word' id='word_1_37' title='bbox 963 980 1039 1040; x_wconf 75' lang='lat' dir='ltr'><strong>emet</strong></span> <span class='ocrx_word' id='word_1_38' title='bbox 1055 973 1122 1040; x_wconf 70' lang='lat' dir='ltr'><strong>tec</strong></span> <span class='ocrx_word' id='word_1_39' title='bbox 1134 973 1186 1038; x_wconf 79' lang='lat' dir='ltr'><strong>die</strong></span> <span class='ocrx_word' id='word_1_40' title='bbox 1254 975 1380 1039; x_wconf 79' lang='lat' dir='ltr'><strong><em>mensis</em></strong></span> 
     </span>
     <span class='ocr_line' id='line_1_6' title="bbox 286 1063 1429 1164; baseline 0.002 -21"><span class='ocrx_word' id='word_1_41' title='bbox 286 1097 373 1144; x_wconf 85' lang='lat' dir='ltr'><strong>anno</strong></span> <span class='ocrx_word' id='word_1_42' title='bbox 388 1126 435 1158; x_wconf 90' lang='lat'><em>...,</em></span> <span class='ocrx_word' id='word_1_43' title='bbox 452 1063 523 1144; x_wconf 77' lang='lat' dir='ltr'><strong>in..&#39;.</strong></span> <span class='ocrx_word' id='word_1_44' title='bbox 538 1113 577 1128; x_wconf 90' lang='lat'><em>-</em></span> <span class='ocrx_word' id='word_1_45' title='bbox 591 1079 664 1163; x_wconf 75' lang='lat' dir='ltr'><strong>Eoo</strong></span> <span class='ocrx_word' id='word_1_46' title='bbox 683 1081 738 1160; x_wconf 67' lang='lat' dir='ltr'><strong>N„</strong></span> <span class='ocrx_word' id='word_1_47' title='bbox 757 1081 1015 1148; x_wconf 71' lang='lat' dir='ltr'><strong>orchidia-caseos</strong></span> <span class='ocrx_word' id='word_1_48' title='bbox 1032 1081 1074 1146; x_wconf 85' lang='grc' dir='ltr'><strong>Ν.</strong></span> <span class='ocrx_word' id='word_1_49' title='bbox 1094 1081 1239 1147; x_wconf 78' lang='lat' dir='ltr'><strong>t&#39;tcorius</strong></span> <span class='ocrx_word' id='word_1_50' title='bbox 1251 1082 1429 1164; x_wconf 66' lang='lat' dir='ltr'><strong>emeratis.</strong></span> 
     </span>
     <span class='ocr_line' id='line_1_7' title="bbox 285 1186 707 1272; baseline -0.012 -18"><span class='ocrx_word' id='word_1_51' title='bbox 285 1221 325 1238; x_wconf 89' lang='lat'><em>-</em></span> <span class='ocrx_word' id='word_1_52' title='bbox 341 1186 416 1272; x_wconf 74' lang='lat' dir='ltr'><strong>Epo</strong></span> <span class='ocrx_word' id='word_1_53' title='bbox 429 1189 484 1266; x_wconf 89' lang='lat' dir='ltr'><strong>N.,</strong></span> <span class='ocrx_word' id='word_1_54' title='bbox 498 1189 707 1253; x_wconf 75' lang='lat' dir='ltr'><strong>actuarias.»</strong></span> 
     </span>
    </p>
   </div>
   <div class='ocr_carea' id='block_1_3' title="bbox 284 1322 1434 2474">
    <p class='ocr_par' dir='ltr' id='par_1_3' title="bbox 284 1322 1434 2474">
     <span class='ocr_line' id='line_1_8' title="bbox 291 1322 1430 1420; baseline 0.004 -29"><span class='ocrx_word' id='word_1_55' title='bbox 291 1381 294 1388; x_wconf 24' lang='lat' dir='ltr'><strong>r</strong></span> <span class='ocrx_word' id='word_1_56' title='bbox 330 1322 366 1392; x_wconf 92' lang='lat' dir='ltr'><strong>Si</strong></span> <span class='ocrx_word' id='word_1_57' title='bbox 379 1322 483 1415; x_wconf 85' lang='lat' dir='ltr'><strong>judex</strong></span> <span class='ocrx_word' id='word_1_58' title='bbox 502 1322 544 1392; x_wconf 90' lang='lat' dir='ltr'><strong>ed</strong></span> <span class='ocrx_word' id='word_1_59' title='bbox 560 1344 658 1415; x_wconf 90' lang='lat' dir='ltr'><strong>quem</strong></span> <span class='ocrx_word' id='word_1_60' title='bbox 672 1323 835 1393; x_wconf 84' lang='lat' dir='ltr'><strong>existimet</strong></span> <span class='ocrx_word' id='word_1_61' title='bbox 855 1347 988 1394; x_wconf 87' lang='lat' dir='ltr'><strong>oausam</strong></span> <span class='ocrx_word' id='word_1_62' title='bbox 1009 1323 1235 1420; x_wconf 70' lang='lat' dir='ltr'><strong>appellationis</strong></span> <span class='ocrx_word' id='word_1_63' title='bbox 1256 1345 1326 1394; x_wconf 86' lang='lat' dir='ltr'><strong>nou</strong></span> <span class='ocrx_word' id='word_1_64' title='bbox 1350 1327 1430 1396; x_wconf 64' lang='lat' dir='ltr'><strong>sub</strong></span> 
     </span>
     <span class='ocr_line' id='line_1_9' title="bbox 286 1429 1430 1524; baseline 0.001 -24"><span class='ocrx_word' id='word_1_65' title='bbox 286 1431 399 1500; x_wconf 80' lang='lat' dir='ltr'><strong>sistere</strong></span> <span class='ocrx_word' id='word_1_66' title='bbox 416 1429 453 1499; x_wconf 81' lang='lat' dir='ltr'><strong>in</strong></span> <span class='ocrx_word' id='word_1_67' title='bbox 468 1429 550 1522; x_wconf 83' lang='lat' dir='ltr'><strong>jure</strong></span> <span class='ocrx_word' id='word_1_68' title='bbox 565 1429 611 1522; x_wconf 85' lang='lat' dir='ltr'><strong>(id</strong></span> <span class='ocrx_word' id='word_1_69' title='bbox 629 1435 690 1520; x_wconf 88' lang='lat' dir='ltr'><strong>est,</strong></span> <span class='ocrx_word' id='word_1_70' title='bbox 712 1453 779 1500; x_wconf 92' lang='lat' dir='ltr'><strong>non</strong></span> <span class='ocrx_word' id='word_1_71' title='bbox 797 1453 867 1501; x_wconf 88' lang='lat' dir='ltr'><strong>esse</strong></span> <span class='ocrx_word' id='word_1_72' title='bbox 892 1429 933 1501; x_wconf 86' lang='lat' dir='ltr'><strong>de</strong></span> <span class='ocrx_word' id='word_1_73' title='bbox 951 1431 994 1500; x_wconf 89' lang='lat' dir='ltr'><strong>iis</strong></span> <span class='ocrx_word' id='word_1_74' title='bbox 1014 1438 1147 1524; x_wconf 88' lang='lat' dir='ltr'><strong>propter</strong></span> <span class='ocrx_word' id='word_1_75' title='bbox 1166 1453 1248 1524; x_wconf 85' lang='lat' dir='ltr'><strong>ques</strong></span> <span class='ocrx_word' id='word_1_76' title='bbox 1267 1433 1430 1524; x_wconf 82' lang='lat' dir='ltr'><strong>appellari</strong></span> 
     </span>
     <span class='ocr_line' id='line_1_10' title="bbox 286 1536 1432 1631; baseline 0.002 -23"><span class='ocrx_word' id='word_1_77' title='bbox 286 1543 401 1631; x_wconf 89' lang='lat' dir='ltr'><strong>potest,</strong></span> <span class='ocrx_word' id='word_1_78' title='bbox 424 1536 552 1606; x_wconf 90' lang='lat' dir='ltr'><strong>etiamsi</strong></span> <span class='ocrx_word' id='word_1_79' title='bbox 571 1536 693 1606; x_wconf 89' lang='lat' dir='ltr'><strong>factum</strong></span> <span class='ocrx_word' id='word_1_80' title='bbox 715 1537 891 1630; x_wconf 80' lang='lat' dir='ltr'><strong>allegatum</strong></span> <span class='ocrx_word' id='word_1_81' title='bbox 908 1562 1025 1609; x_wconf 85' lang='lat' dir='ltr'><strong>verum</strong></span> <span class='ocrx_word' id='word_1_82' title='bbox 1046 1539 1130 1609; x_wconf 84' lang='lat' dir='ltr'><strong>toret</strong></span> <span class='ocrx_word' id='word_1_83' title='bbox 1148 1546 1180 1608; x_wconf 89' lang='lat' dir='ltr'><strong>et</strong></span> <span class='ocrx_word' id='word_1_84' title='bbox 1197 1538 1432 1610; x_wconf 68' lang='lat' dir='ltr'><strong>concludenter</strong></span> 
     </span>
     <span class='ocr_line' id='line_1_11' title="bbox 285 1643 1431 1738; baseline 0.002 -24"><span class='ocrx_word' id='word_1_85' title='bbox 285 1645 503 1738; x_wconf 81' lang='lat' dir='ltr'><strong>probaretur),</strong></span> <span class='ocrx_word' id='word_1_86' title='bbox 526 1644 562 1712; x_wconf 91' lang='lat' dir='ltr'><strong>in</strong></span> <span class='ocrx_word' id='word_1_87' title='bbox 582 1643 743 1737; x_wconf 82' lang='lat' dir='ltr'><strong>superiori</strong></span> <span class='ocrx_word' id='word_1_88' title='bbox 770 1645 923 1735; x_wconf 88' lang='lat' dir='ltr'><strong>formula,</strong></span> <span class='ocrx_word' id='word_1_89' title='bbox 947 1646 1018 1716; x_wconf 92' lang='lat' dir='ltr'><strong>loeo</strong></span> <span class='ocrx_word' id='word_1_90' title='bbox 1042 1646 1248 1717; x_wconf 81' lang='lat' dir='ltr'><strong>verborum:</strong></span> <span class='ocrx_word' id='word_1_91' title='bbox 1272 1649 1431 1716; x_wconf 77' lang='lat' dir='ltr'><strong>Promea-</strong></span> 
     </span>
     <span class='ocr_line' id='line_1_12' title="bbox 286 1763 1432 1852; baseline 0.001 -25"><span class='ocrx_word' id='word_1_92' title='bbox 286 1764 380 1828; x_wconf 84' lang='lat' dir='ltr'><strong>tiaoit</strong></span> <span class='ocrx_word' id='word_1_93' title='bbox 398 1781 452 1829; x_wconf 83' lang='lat' dir='ltr'><strong>eos</strong></span> <span class='ocrx_word' id='word_1_94' title='bbox 471 1764 512 1829; x_wconf 80' lang='lat' dir='ltr'><strong>de</strong></span> <span class='ocrx_word' id='word_1_95' title='bbox 526 1769 606 1849; x_wconf 83' lang='lat' dir='ltr'><strong>jure</strong></span> <span class='ocrx_word' id='word_1_96' title='bbox 626 1782 692 1834; x_wconf 86' lang='lat' dir='ltr'><strong>esse</strong></span> <span class='ocrx_word' id='word_1_97' title='bbox 712 1766 884 1852; x_wconf 66' lang='lat' dir='ltr'><strong>lepita‘mua</strong></span> <span class='ocrx_word' id='word_1_98' title='bbox 900 1767 1040 1846; x_wconf 87' lang='lat' dir='ltr'><strong>ponatur</strong></span> <span class='ocrx_word' id='word_1_99' title='bbox 1055 1783 1063 1826; x_wconf 75' lang='grc' dir='ltr'>ε</span> <span class='ocrx_word' id='word_1_100' title='bbox 1079 1770 1112 1828; x_wconf 81' lang='lat' dir='ltr'><strong>et</strong></span> <span class='ocrx_word' id='word_1_101' title='bbox 1125 1763 1358 1846; x_wconf 56' lang='lat' dir='ltr'><strong>prenestinos?</strong></span> <span class='ocrx_word' id='word_1_102' title='bbox 1379 1783 1432 1828; x_wconf 83' lang='lat' dir='ltr'><strong>eos</strong></span> 
     </span>
     <span class='ocr_line' id='line_1_13' title="bbox 285 1869 1430 1960; baseline 0 -26"><span class='ocrx_word' id='word_1_103' title='bbox 285 1870 324 1934; x_wconf 81' lang='lat' dir='ltr'><strong>de</strong></span> <span class='ocrx_word' id='word_1_104' title='bbox 344 1875 424 1953; x_wconf 84' lang='lat' dir='ltr'><strong>jure</strong></span> <span class='ocrx_word' id='word_1_105' title='bbox 444 1890 510 1935; x_wconf 83' lang='lat' dir='ltr'><strong>non</strong></span> <span class='ocrx_word' id='word_1_106' title='bbox 529 1891 595 1940; x_wconf 86' lang='lat' dir='ltr'><strong>esse</strong></span> <span class='ocrx_word' id='word_1_107' title='bbox 610 1874 772 1960; x_wconf 80' lang='lat' dir='ltr'><strong>lepitimas</strong></span> <span class='ocrx_word' id='word_1_108' title='bbox 784 1895 795 1936; x_wconf 89' lang='lat'><em>:</em></span> <span class='ocrx_word' id='word_1_109' title='bbox 809 1879 1038 1956; x_wconf 76' lang='lat' dir='ltr'><strong>cooeqoeneer</strong></span> <span class='ocrx_word' id='word_1_110' title='bbox 1051 1870 1230 1952; x_wconf 71' lang='lat' dir='ltr'><strong>prefatum</strong></span> <span class='ocrx_word' id='word_1_111' title='bbox 1244 1869 1304 1948; x_wconf 75' lang='lat' dir='ltr'><strong>N„</strong></span> <span class='ocrx_word' id='word_1_112' title='bbox 1316 1871 1430 1954; x_wconf 83' lang='lat' dir='ltr'><strong>appet-</strong></span> 
     </span>
     <span class='ocr_line' id='line_1_14' title="bbox 285 1977 1433 2063; baseline -0.001 -22"><span class='ocrx_word' id='word_1_113' title='bbox 285 1977 418 2058; x_wconf 81' lang='lat' dir='ltr'><strong>Iontem,</strong></span> <span class='ocrx_word' id='word_1_114' title='bbox 447 1979 585 2045; x_wconf 84' lang='lat' dir='ltr'><strong>decrevit</strong></span> <span class='ocrx_word' id='word_1_115' title='bbox 614 1982 660 2047; x_wconf 81' lang='lat' dir='ltr'><strong>acl</strong></span> <span class='ocrx_word' id='word_1_116' title='bbox 684 2001 782 2048; x_wconf 81' lang='lat' dir='ltr'><strong>suum</strong></span> <span class='ocrx_word' id='word_1_117' title='bbox 798 1979 945 2063; x_wconf 81' lang='lat' dir='ltr'><strong>judicem</strong></span> <span class='ocrx_word' id='word_1_118' title='bbox 970 1977 1177 2042; x_wconf 81' lang='lat' dir='ltr'><strong>ordinarium</strong></span> <span class='ocrx_word' id='word_1_119' title='bbox 1198 1978 1385 2053; x_wconf 56' lang='grc' dir='ltr'><strong>κηπείας</strong></span> <span class='ocrx_word' id='word_1_120' title='bbox 1403 1987 1433 2042; x_wconf 83' lang='lat' dir='ltr'><strong>et</strong></span> 
     </span>
     <span class='ocr_line' id='line_1_15' title="bbox 285 2084 1433 2172; baseline 0 -24"><span class='ocrx_word' id='word_1_121' title='bbox 285 2086 390 2167; x_wconf 82' lang='lat' dir='ltr'><strong>jussit</strong></span> <span class='ocrx_word' id='word_1_122' title='bbox 404 2089 571 2170; x_wconf 74' lang='lat' dir='ltr'><strong>praesentis</strong></span> <span class='ocrx_word' id='word_1_123' title='bbox 594 2087 715 2154; x_wconf 82' lang='lat' dir='ltr'><strong>decreti</strong></span> <span class='ocrx_word' id='word_1_124' title='bbox 735 2098 768 2154; x_wconf 82' lang='lat' dir='ltr'><strong>et</strong></span> <span class='ocrx_word' id='word_1_125' title='bbox 782 2105 950 2172; x_wconf 79' lang='lat' dir='ltr'><strong>processus</strong></span> <span class='ocrx_word' id='word_1_126' title='bbox 970 2085 1097 2168; x_wconf 81' lang='lat' dir='ltr'><strong>copiam</strong></span> <span class='ocrx_word' id='word_1_127' title='bbox 1119 2084 1384 2150; x_wconf 69' lang='lat' dir='ltr'><strong>auttenaeatam</strong></span> <span class='ocrx_word' id='word_1_128' title='bbox 1404 2093 1433 2148; x_wconf 82' lang='lat' dir='ltr'><strong>et</strong></span> 
     </span>
     <span class='ocr_line' id='line_1_16' title="bbox 284 2192 1431 2275; baseline 0.001 -20"><span class='ocrx_word' id='word_1_129' title='bbox 284 2192 465 2275; x_wconf 76' lang='lat' dir='ltr'><strong>stqitlotom</strong></span> <span class='ocrx_word' id='word_1_130' title='bbox 478 2195 526 2260; x_wconf 84' lang='lat' dir='ltr'><strong>ad</strong></span> <span class='ocrx_word' id='word_1_131' title='bbox 540 2197 689 2262; x_wconf 85' lang='lat' dir='ltr'><strong>eumdem</strong></span> <span class='ocrx_word' id='word_1_132' title='bbox 704 2197 913 2262; x_wconf 83' lang='lat' dir='ltr'><strong>ordinarium</strong></span> <span class='ocrx_word' id='word_1_133' title='bbox 931 2193 1119 2257; x_wconf 79' lang='lat' dir='ltr'><strong>trmssmitti.</strong></span> <span class='ocrx_word' id='word_1_134' title='bbox 1134 2194 1216 2256; x_wconf 78' lang='lat' dir='ltr'><strong>Aeto</strong></span> <span class='ocrx_word' id='word_1_135' title='bbox 1228 2201 1307 2257; x_wconf 73' lang='lat' dir='ltr'><strong>ecce</strong></span> <span class='ocrx_word' id='word_1_136' title='bbox 1324 2193 1431 2258; x_wconf 77' lang='lat' dir='ltr'><strong>haec...</strong></span> 
     </span>
     <span class='ocr_line' id='line_1_17' title="bbox 285 2299 1434 2388; baseline 0 -22"><span class='ocrx_word' id='word_1_137' title='bbox 285 2335 326 2347; x_wconf 93' lang='lat'><strong>—</strong></span> <span class='ocrx_word' id='word_1_138' title='bbox 339 2300 412 2384; x_wconf 71' lang='lat' dir='ltr'><strong>Epo</strong></span> <span class='ocrx_word' id='word_1_139' title='bbox 427 2303 483 2384; x_wconf 66' lang='lat' dir='ltr'><strong>N„</strong></span> <span class='ocrx_word' id='word_1_140' title='bbox 505 2304 651 2371; x_wconf 81' lang='lat' dir='ltr'><strong>Vicarc‘us</strong></span> <span class='ocrx_word' id='word_1_141' title='bbox 664 2303 825 2388; x_wconf 73' lang='lat' dir='ltr'><strong>persecutis</strong></span> <span class='ocrx_word' id='word_1_142' title='bbox 838 2301 1097 2367; x_wconf 77' lang='lat' dir='ltr'><strong>arctidioeceseos</strong></span> <span class='ocrx_word' id='word_1_143' title='bbox 1110 2300 1151 2365; x_wconf 89' lang='lat' dir='ltr'><strong>N.</strong></span> <span class='ocrx_word' id='word_1_144' title='bbox 1167 2334 1206 2348; x_wconf 96' lang='lat'><em>-</em></span> <span class='ocrx_word' id='word_1_145' title='bbox 1219 2299 1295 2382; x_wconf 74' lang='lat' dir='ltr'><strong>Epo</strong></span> <span class='ocrx_word' id='word_1_146' title='bbox 1310 2301 1347 2370; x_wconf 90' lang='lat' dir='ltr'><em>N</em></span> <span class='ocrx_word' id='word_1_147' title='bbox 1348 2349 1371 2380; x_wconf 89' lang='lat'><strong>.,</strong></span> <span class='ocrx_word' id='word_1_148' title='bbox 1385 2319 1434 2366; x_wconf 87' lang='lat' dir='ltr'><strong>ue·</strong></span> 
     </span>
     <span class='ocr_line' id='line_1_18' title="bbox 288 2410 457 2474; baseline -0.024 0"><span class='ocrx_word' id='word_1_149' title='bbox 288 2410 426 2474; x_wconf 65' lang='lat' dir='ltr'><strong>toartis.</strong></span> <span class='ocrx_word' id='word_1_150' title='bbox 443 2434 457 2470; x_wconf 81' lang='lat' dir='ltr'><strong>a</strong></span> 
     </span>
    </p>
   </div>
   <div class='ocr_carea' id='block_1_4' title="bbox 715 2605 997 2679">
    <p class='ocr_par' dir='ltr' id='par_1_4' title="bbox 715 2605 997 2679">
     <span class='ocr_line' id='line_1_19' title="bbox 715 2605 997 2679; baseline -0.021 0"><span class='ocrx_word' id='word_1_151' title='bbox 715 2607 858 2679; x_wconf 84' lang='lat' dir='ltr'>CAPUT</span> <span class='ocrx_word' id='word_1_152' title='bbox 879 2605 997 2676; x_wconf 83' lang='lat' dir='ltr'><strong>LXIII.</strong></span> 
     </span>
    </p>
   </div>
   <div class='ocr_carea' id='block_1_5' title="bbox 332 2801 1393 2968">
    <p class='ocr_par' dir='ltr' id='par_1_5' title="bbox 332 2801 1393 2968">
     <span class='ocr_line' id='line_1_20' title="bbox 332 2801 1393 2862; baseline -0.004 -11"><span class='ocrx_word' id='word_1_153' title='bbox 332 2801 435 2852; x_wconf 74' lang='lat' dir='ltr'><strong>rosus</strong></span> <span class='ocrx_word' id='word_1_154' title='bbox 458 2805 661 2862; x_wconf 77' lang='lat' dir='ltr'><strong>rnosuouuunt</strong></span> <span class='ocrx_word' id='word_1_155' title='bbox 682 2803 887 2854; x_wconf 72' lang='lat' dir='ltr'><strong>cosmum</strong></span> <span class='ocrx_word' id='word_1_156' title='bbox 908 2802 1070 2850; x_wconf 72' lang='lat' dir='ltr'><strong>crustatus</strong></span> <span class='ocrx_word' id='word_1_157' title='bbox 1092 2801 1326 2850; x_wconf 62' lang='lat' dir='ltr'><strong>aerumnosis</strong></span> <span class='ocrx_word' id='word_1_158' title='bbox 1352 2803 1393 2850; x_wconf 73' lang='grc' dir='ltr'><strong>ΑΒ</strong></span> 
     </span>
     <span class='ocr_line' id='line_1_21' title="bbox 721 2917 993 2968; baseline -0.004 -2"><span class='ocrx_word' id='word_1_159' title='bbox 721 2917 993 2968; x_wconf 74' lang='lat' dir='ltr'><strong>rursumcuwlus.</strong></span> 
     </span>
    </p>
   </div>
   <div class='ocr_carea' id='block_1_6' title="bbox 288 3121 1437 3537">
    <p class='ocr_par' dir='ltr' id='par_1_6' title="bbox 288 3121 1437 3537">
     <span class='ocr_line' id='line_1_22' title="bbox 332 3121 1435 3218; baseline -0.001 -23"><span class='ocrx_word' id='word_1_160' title='bbox 332 3124 557 3218; x_wconf 89' lang='lat' dir='ltr'><strong>Supponimus</strong></span> <span class='ocrx_word' id='word_1_161' title='bbox 574 3145 687 3192; x_wconf 88' lang='lat' dir='ltr'><strong>causas</strong></span> <span class='ocrx_word' id='word_1_162' title='bbox 700 3122 926 3218; x_wconf 88' lang='lat' dir='ltr'><strong>appellationis</strong></span> <span class='ocrx_word' id='word_1_163' title='bbox 946 3122 1105 3192; x_wconf 69' lang='lat' dir='ltr'><strong>admusas</strong></span> <span class='ocrx_word' id='word_1_164' title='bbox 1120 3121 1221 3192; x_wconf 83' lang='lat' dir='ltr'><strong>tuisse</strong></span> <span class='ocrx_word' id='word_1_165' title='bbox 1235 3146 1255 3193; x_wconf 82' lang='lat' dir='ltr'><strong>a</strong></span> <span class='ocrx_word' id='word_1_166' title='bbox 1267 3123 1384 3215; x_wconf 86' lang='lat' dir='ltr'><strong>judice</strong></span> <span class='ocrx_word' id='word_1_167' title='bbox 1397 3124 1435 3194; x_wconf 85' lang='lat' dir='ltr'><strong>ad</strong></span> 
     </span>
     <span class='ocr_line' id='line_1_23' title="bbox 288 3229 1437 3326; baseline 0.001 -24"><span class='ocrx_word' id='word_1_168' title='bbox 288 3255 399 3326; x_wconf 66' lang='lat' dir='ltr'><strong>quem</strong></span> <span class='ocrx_word' id='word_1_169' title='bbox 414 3240 568 3323; x_wconf 88' lang='lat' dir='ltr'><strong>tanquam</strong></span> <span class='ocrx_word' id='word_1_170' title='bbox 580 3231 791 3300; x_wconf 77' lang='lat' dir='ltr'><strong>subsistentes</strong></span> <span class='ocrx_word' id='word_1_171' title='bbox 800 3230 991 3322; x_wconf 79' lang='lat' dir='ltr'><strong>injure,·itu</strong></span> <span class='ocrx_word' id='word_1_172' title='bbox 1005 3236 1043 3299; x_wconf 94' lang='lat' dir='ltr'><strong>ut</strong></span> <span class='ocrx_word' id='word_1_173' title='bbox 1057 3229 1121 3322; x_wconf 90' lang='lat' dir='ltr'><strong>ipsi</strong></span> <span class='ocrx_word' id='word_1_174' title='bbox 1132 3239 1298 3300; x_wconf 85' lang='lat' dir='ltr'><strong>remanent</strong></span> <span class='ocrx_word' id='word_1_175' title='bbox 1311 3233 1437 3303; x_wconf 88' lang='lat' dir='ltr'><strong>solum·</strong></span> 
     </span>
     <span class='ocr_line' id='line_1_24' title="bbox 289 3336 1437 3429; baseline -0.001 -19"><span class='ocrx_word' id='word_1_176' title='bbox 289 3339 389 3410; x_wconf 89' lang='lat' dir='ltr'><strong>modo</strong></span> <span class='ocrx_word' id='word_1_177' title='bbox 415 3337 682 3429; x_wconf 85' lang='lat' dir='ltr'><strong>expendendum,</strong></span> <span class='ocrx_word' id='word_1_178' title='bbox 708 3343 822 3406; x_wconf 89' lang='lat' dir='ltr'><strong>utrum</strong></span> <span class='ocrx_word' id='word_1_179' title='bbox 846 3336 1024 3405; x_wconf 87' lang='lat' dir='ltr'><strong>subsistant</strong></span> <span class='ocrx_word' id='word_1_180' title='bbox 1048 3337 1146 3405; x_wconf 88' lang='lat' dir='ltr'><strong>etiam</strong></span> <span class='ocrx_word' id='word_1_181' title='bbox 1170 3337 1206 3405; x_wconf 79' lang='lat' dir='ltr'><strong>in</strong></span> <span class='ocrx_word' id='word_1_182' title='bbox 1226 3340 1331 3428; x_wconf 71' lang='lat' dir='ltr'><strong>sacto.</strong></span> <span class='ocrx_word' id='word_1_183' title='bbox 1358 3340 1437 3421; x_wconf 80' lang='lat' dir='ltr'><strong>Qua</strong></span> 
     </span>
     <span class='ocr_line' id='line_1_25' title="bbox 289 3442 1437 3537; baseline -0.002 -19"><span class='ocrx_word' id='word_1_184' title='bbox 289 3444 482 3533; x_wconf 84' lang='lat' dir='ltr'><strong>locutiones,</strong></span> <span class='ocrx_word' id='word_1_185' title='bbox 504 3453 541 3514; x_wconf 89' lang='lat' dir='ltr'><strong>ut</strong></span> <span class='ocrx_word' id='word_1_186' title='bbox 564 3467 584 3513; x_wconf 84' lang='lat' dir='ltr'><strong>e</strong></span> <span class='ocrx_word' id='word_1_187' title='bbox 607 3443 778 3535; x_wconf 81' lang='lat' dir='ltr'><strong>tyronibus</strong></span> <span class='ocrx_word' id='word_1_188' title='bbox 800 3442 894 3512; x_wconf 85' lang='lat' dir='ltr'><strong>facile</strong></span> <span class='ocrx_word' id='word_1_189' title='bbox 926 3443 1162 3534; x_wconf 79' lang='lat' dir='ltr'><strong>intelligantur,</strong></span> <span class='ocrx_word' id='word_1_190' title='bbox 1187 3445 1343 3537; x_wconf 85' lang='lat' dir='ltr'><strong>exemplo</strong></span> <span class='ocrx_word' id='word_1_191' title='bbox 1366 3457 1437 3516; x_wconf 84' lang='lat' dir='ltr'><strong>utc-</strong></span> 
     </span>
    </p>
   </div>
   <div class='ocr_carea' id='block_1_7' title="bbox 159 3549 1437 3642">
    <p class='ocr_par' dir='ltr' id='par_1_7' title="bbox 159 3549 1437 3642">
     <span class='ocr_line' id='line_1_26' title="bbox 159 3549 1437 3642; baseline -0.002 -17"><span class='ocrx_word' id='word_1_192' title='bbox 159 3589 161 3592; x_wconf 96' lang='lat'>·</span> <span class='ocrx_word' id='word_1_193' title='bbox 291 3574 368 3623; x_wconf 91' lang='lat' dir='ltr'><strong>mur</strong></span> <span class='ocrx_word' id='word_1_194' title='bbox 385 3579 393 3622; x_wconf 89' lang='lat'>:</span> <span class='ocrx_word' id='word_1_195' title='bbox 411 3551 590 3642; x_wconf 82' lang='lat' dir='ltr'><strong>fingamus,</strong></span> <span class='ocrx_word' id='word_1_196' title='bbox 607 3549 700 3619; x_wconf 84' lang='lat' dir='ltr'><strong>verbi</strong></span> <span class='ocrx_word' id='word_1_197' title='bbox 713 3549 832 3641; x_wconf 79' lang='lat' dir='ltr'><strong>gratie,</strong></span> <span class='ocrx_word' id='word_1_198' title='bbox 848 3570 979 3619; x_wconf 84' lang='lat' dir='ltr'><strong>oensem</strong></span> <span class='ocrx_word' id='word_1_199' title='bbox 1003 3549 1228 3642; x_wconf 78' lang='lat' dir='ltr'><strong>appellationis</strong></span> <span class='ocrx_word' id='word_1_200' title='bbox 1242 3551 1284 3619; x_wconf 90' lang='lat' dir='ltr'><strong>ab</strong></span> <span class='ocrx_word' id='word_1_201' title='bbox 1300 3552 1437 3624; x_wconf 85' lang='lat' dir='ltr'><strong>interlo-</strong></span> 
     </span>
    </p>
   </div>
   <div class='ocr_carea' id='block_1_8' title="bbox 289 3655 1439 4287">
    <p class='ocr_par' dir='ltr' id='par_1_8' title="bbox 289 3655 1439 4287">
     <span class='ocr_line' id='line_1_27' title="bbox 290 3655 1437 3754; baseline -0.003 -23"><span class='ocrx_word' id='word_1_202' title='bbox 290 3660 415 3731; x_wconf 87' lang='lat' dir='ltr'><strong>cutoria</strong></span> <span class='ocrx_word' id='word_1_203' title='bbox 443 3659 544 3728; x_wconf 87' lang='lat' dir='ltr'><strong>fuisse</strong></span> <span class='ocrx_word' id='word_1_204' title='bbox 568 3657 774 3728; x_wconf 80' lang='lat' dir='ltr'><strong>inimicitiam</strong></span> <span class='ocrx_word' id='word_1_205' title='bbox 802 3679 882 3748; x_wconf 83' lang='lat' dir='ltr'><strong>erga</strong></span> <span class='ocrx_word' id='word_1_206' title='bbox 910 3678 1004 3725; x_wconf 90' lang='lat' dir='ltr'><strong>reum</strong></span> <span class='ocrx_word' id='word_1_207' title='bbox 1033 3655 1178 3727; x_wconf 86' lang='lat' dir='ltr'><strong>duorum</strong></span> <span class='ocrx_word' id='word_1_208' title='bbox 1202 3659 1351 3750; x_wconf 63' lang='lat' dir='ltr'><strong>mium,</strong></span> <span class='ocrx_word' id='word_1_209' title='bbox 1384 3661 1437 3754; x_wconf 89' lang='lat' dir='ltr'><strong>qui</strong></span> 
     </span>
     <span class='ocr_line' id='line_1_28' title="bbox 289 3763 1438 3858; baseline -0.001 -18"><span class='ocrx_word' id='word_1_210' title='bbox 289 3776 403 3840; x_wconf 89' lang='lat' dir='ltr'><strong>eontra</strong></span> <span class='ocrx_word' id='word_1_211' title='bbox 418 3790 497 3837; x_wconf 89' lang='lat' dir='ltr'><strong>eum</strong></span> <span class='ocrx_word' id='word_1_212' title='bbox 517 3766 748 3858; x_wconf 88' lang='lat' dir='ltr'><strong>deposuerunt.</strong></span> <span class='ocrx_word' id='word_1_213' title='bbox 768 3764 858 3834; x_wconf 89' lang='lat' dir='ltr'><strong>Reus</strong></span> <span class='ocrx_word' id='word_1_214' title='bbox 875 3763 997 3834; x_wconf 84' lang='lat' dir='ltr'><strong>seilicet</strong></span> <span class='ocrx_word' id='word_1_215' title='bbox 1018 3764 1060 3834; x_wconf 92' lang='lat' dir='ltr'><strong>ob</strong></span> <span class='ocrx_word' id='word_1_216' title='bbox 1083 3763 1168 3834; x_wconf 87' lang='lat' dir='ltr'><strong>huno</strong></span> <span class='ocrx_word' id='word_1_217' title='bbox 1190 3787 1325 3836; x_wconf 88' lang='lat' dir='ltr'><strong>causam</strong></span> <span class='ocrx_word' id='word_1_218' title='bbox 1343 3791 1438 3839; x_wconf 85' lang='lat' dir='ltr'><strong>exse·</strong></span> 
     </span>
     <span class='ocr_line' id='line_1_29' title="bbox 291 3870 1438 3970; baseline -0.001 -26"><span class='ocrx_word' id='word_1_219' title='bbox 291 3877 339 3970; x_wconf 89' lang='lat' dir='ltr'><strong>pit</strong></span> <span class='ocrx_word' id='word_1_220' title='bbox 356 3883 468 3945; x_wconf 85' lang='lat' dir='ltr'><strong>eontra</strong></span> <span class='ocrx_word' id='word_1_221' title='bbox 491 3872 564 3942; x_wconf 89' lang='lat' dir='ltr'><strong>illos</strong></span> <span class='ocrx_word' id='word_1_222' title='bbox 584 3879 679 3941; x_wconf 86' lang='lat' dir='ltr'><strong>testes</strong></span> <span class='ocrx_word' id='word_1_223' title='bbox 685 3899 695 3960; x_wconf 91' lang='lat'>;</span> <span class='ocrx_word' id='word_1_224' title='bbox 720 3880 751 3942; x_wconf 91' lang='lat' dir='ltr'><strong>et</strong></span> <span class='ocrx_word' id='word_1_225' title='bbox 768 3870 871 3963; x_wconf 82' lang='lat' dir='ltr'><strong>judex</strong></span> <span class='ocrx_word' id='word_1_226' title='bbox 889 3895 911 3940; x_wconf 88' lang='grc' dir='ltr'><em>α</em></span> <span class='ocrx_word' id='word_1_227' title='bbox 928 3893 993 3964; x_wconf 82' lang='lat' dir='ltr'><strong>quo</strong></span> <span class='ocrx_word' id='word_1_228' title='bbox 1015 3872 1240 3964; x_wconf 84' lang='lat' dir='ltr'><strong>exceptionem</strong></span> <span class='ocrx_word' id='word_1_229' title='bbox 1261 3873 1358 3944; x_wconf 83' lang='lat' dir='ltr'><strong>illem</strong></span> <span class='ocrx_word' id='word_1_230' title='bbox 1382 3899 1438 3946; x_wconf 88' lang='lat' dir='ltr'><strong>suo</strong></span> 
     </span>
     <span class='ocr_line' id='line_1_30' title="bbox 292 3977 1438 4073; baseline 0 -19"><span class='ocrx_word' id='word_1_231' title='bbox 292 3984 419 4054; x_wconf 87' lang='lat' dir='ltr'><strong>decreto</strong></span> <span class='ocrx_word' id='word_1_232' title='bbox 441 3980 684 4050; x_wconf 89' lang='lat' dir='ltr'><strong>interlocutorio</strong></span> <span class='ocrx_word' id='word_1_233' title='bbox 705 3987 743 4048; x_wconf 90' lang='lat' dir='ltr'><strong>ut</strong></span> <span class='ocrx_word' id='word_1_234' title='bbox 767 3977 919 4049; x_wconf 80' lang='lat' dir='ltr'><strong>frivolum</strong></span> <span class='ocrx_word' id='word_1_235' title='bbox 941 3977 1058 4070; x_wconf 85' lang='lat' dir='ltr'><strong>rejicit.</strong></span> <span class='ocrx_word' id='word_1_236' title='bbox 1082 3979 1289 4073; x_wconf 81' lang='lat' dir='ltr'><strong>Appellendo</strong></span> <span class='ocrx_word' id='word_1_237' title='bbox 1313 3983 1359 4052; x_wconf 85' lang='lat' dir='ltr'><strong>ab</strong></span> <span class='ocrx_word' id='word_1_238' title='bbox 1381 3984 1438 4054; x_wconf 86' lang='lat' dir='ltr'><strong>hoc</strong></span> 
     </span>
     <span class='ocr_line' id='line_1_31' title="bbox 292 4086 1439 4184; baseline 0.003 -26"><span class='ocrx_word' id='word_1_239' title='bbox 292 4091 420 4161; x_wconf 85' lang='lat' dir='ltr'><strong>decreto</strong></span> <span class='ocrx_word' id='word_1_240' title='bbox 447 4087 702 4175; x_wconf 83' lang='lat' dir='ltr'><strong>interlocutorio,</strong></span> <span class='ocrx_word' id='word_1_241' title='bbox 728 4107 804 4156; x_wconf 89' lang='lat' dir='ltr'><strong>reus</strong></span> <span class='ocrx_word' id='word_1_242' title='bbox 830 4109 891 4178; x_wconf 89' lang='lat' dir='ltr'><strong>pro</strong></span> <span class='ocrx_word' id='word_1_243' title='bbox 918 4107 1017 4156; x_wconf 85' lang='lat' dir='ltr'><strong>cause</strong></span> <span class='ocrx_word' id='word_1_244' title='bbox 1039 4086 1266 4181; x_wconf 82' lang='lat' dir='ltr'><strong>appellationis</strong></span> <span class='ocrx_word' id='word_1_245' title='bbox 1294 4091 1439 4184; x_wconf 79' lang='lat' dir='ltr'><strong>assignat</strong></span> 
     </span>
     <span class='ocr_line' id='line_1_32' title="bbox 294 4192 1435 4287; baseline 0.005 -23"><span class='ocrx_word' id='word_1_246' title='bbox 294 4195 413 4264; x_wconf 86' lang='lat' dir='ltr'><strong>dictem</strong></span> <span class='ocrx_word' id='word_1_247' title='bbox 429 4195 644 4265; x_wconf 82' lang='lat' dir='ltr'><strong>inimicitiam.</strong></span> <span class='ocrx_word' id='word_1_248' title='bbox 663 4193 724 4264; x_wconf 90' lang='lat' dir='ltr'><strong>Illa</strong></span> <span class='ocrx_word' id='word_1_249' title='bbox 735 4192 920 4280; x_wconf 87' lang='lat' dir='ltr'><strong>inimicitia,</strong></span> <span class='ocrx_word' id='word_1_250' title='bbox 931 4193 1264 4285; x_wconf 81' lang='lat' dir='ltr'><strong>sivsreveruexistat‚</strong></span> <span class='ocrx_word' id='word_1_251' title='bbox 1276 4198 1351 4270; x_wconf 82' lang='lat' dir='ltr'><strong>sire</strong></span> <span class='ocrx_word' id='word_1_252' title='bbox 1361 4223 1435 4287; x_wconf 88' lang='lat' dir='ltr'><strong>non,</strong></span> 
     </span>
    </p>
   </div>
   <div class='ocr_carea' id='block_1_9' title="bbox 296 4299 1435 4403">
    <p class='ocr_par' dir='ltr' id='par_1_9' title="bbox 296 4299 1435 4403">
     <span class='ocr_line' id='line_1_33' title="bbox 296 4299 1435 4403; baseline 0.008 -32"><span class='ocrx_word' id='word_1_253' title='bbox 296 4301 434 4374; x_wconf 87' lang='lat' dir='ltr'><strong>dicenda</strong></span> <span class='ocrx_word' id='word_1_254' title='bbox 450 4311 498 4372; x_wconf 88' lang='lat' dir='ltr'><strong>est</strong></span> <span class='ocrx_word' id='word_1_255' title='bbox 512 4303 682 4376; x_wconf 79' lang='lat' dir='ltr'><strong>subsistere</strong></span> <span class='ocrx_word' id='word_1_256' title='bbox 703 4301 739 4371; x_wconf 80' lang='lat' dir='ltr'><strong>in</strong></span> <span class='ocrx_word' id='word_1_257' title='bbox 746 4302 848 4395; x_wconf 82' lang='lat' dir='ltr'><strong>jure;</strong></span> <span class='ocrx_word' id='word_1_258' title='bbox 862 4299 940 4394; x_wconf 82' lang='lat' dir='ltr'><strong>quia</strong></span> <span class='ocrx_word' id='word_1_259' title='bbox 953 4301 982 4372; x_wconf 92' lang='lat' dir='ltr'><strong>si</strong></span> <span class='ocrx_word' id='word_1_260' title='bbox 995 4325 1111 4374; x_wconf 85' lang='lat' dir='ltr'><strong>revera</strong></span> <span class='ocrx_word' id='word_1_261' title='bbox 1125 4303 1292 4398; x_wconf 84' lang='lat' dir='ltr'><strong>existeret,</strong></span> <span class='ocrx_word' id='word_1_262' title='bbox 1309 4307 1352 4379; x_wconf 86' lang='lat' dir='ltr'><strong>(le</strong></span> <span class='ocrx_word' id='word_1_263' title='bbox 1367 4309 1435 4403; x_wconf 86' lang='lat' dir='ltr'><strong>jure</strong></span> 
     </span>
    </p>
   </div>
   <div class='ocr_carea' id='block_1_10' title="bbox 0 0 1540 4984">
    <p class='ocr_par' dir='ltr' id='par_1_10' title="bbox 0 0 1540 4984">
     <span class='ocr_line' id='line_1_34' title="bbox 0 0 1540 4984; baseline 0 0"><span class='ocrx_word' id='word_1_264' title='bbox 0 0 1540 4984; x_wconf 95' lang='lat' dir='ltr'><strong> </strong></span> 
     </span>
    </p>
   </div>
  </div>
 </body>
</html>
