3050 4984
546 507 622 556 raas
646 507 792 556 mensos.
1195 488 1235 554 89

96 635 168 696 «et
192 650 323 720 poenam
349 657 356 697 z
381 627 421 698 ad
445 628 528 698 hanc
550 637 659 698 auum
683 651 779 698 nemo
803 628 1015 700 condemnari
1040 629 1141 723 possit
1167 629 1237 699 sine

97 760 114 798 a
136 746 380 822 accusatore...;
397 757 475 824 ergo
490 735 602 803 adesse
617 734 698 827 quid
714 733 808 803 debet
824 734 928 804 vicem
943 736 1139 803 accusatoris
1154 758 1238 826 sup-

96 867 113 907 a
136 841 249 932 plens,
266 840 468 910 denuntiatio
486 863 624 933 nempe,
641 841 693 912 vel
709 841 816 927 lama,
833 841 885 911 vel
900 841 1013 910 saltem
1028 841 1151 934 aliquid
1167 843 1239 912 loco

95 975 114 1013 c
135 946 234 1015 lame
250 947 448 1036 deserviens,
466 949 602 1040 praelata
615 949 735 1018 scilicet
746 948 938 1018 delictorum
951 947 1082 1018 indicia.
1099 975 1116 1014 a
1138 949 1240 1040 (lleil-

92 1057 246 1143 lenstuel,
263 1056 298 1124 in
314 1057 363 1124 tit.
386 1061 415 1142 l,
431 1056 507 1125 libri
525 1061 543 1124 5
560 1057 701 1144 Deerat,
719 1079 754 1127 n.
776 1060 835 1124 tot
854 1066 885 1126 et
903 1056 993 1148 162.)

137 1164 208 1253 Ego
224 1185 303 1232 vcro
318 1162 452 1232 omnino
465 1164 688 1232 existimarem
703 1163 974 1254 distinguendum
988 1187 1057 1232 esse
1077 1163 1163 1234 inter
1185 1173 1239 1234 to-

92 1281 159 1338 tam
190 1269 372 1358 dicecesim,
397 1279 429 1340 et
451 1273 698 1340 communitates
726 1273 798 1340 sive
822 1280 924 1340 emtus
950 1272 1171 1364 particulares.
1202 1272 1239 1340 Si

93 1378 174 1447 velit
192 1377 351 1448 Praelctus
366 1378 472 1470 quoad
490 1387 589 1449 totam
605 1379 771 1448 dioecesim
790 1378 976 1469 generalem
996 1379 1239 1471 inquisitionem

89 1483 297 1575 judicialiter
310 1484 494 1571 instituere,
511 1493 657 1576 putarem
678 1507 736 1552 nec
752 1485 878 1577 praevia
897 1484 1049 1570 inlamia,
1066 1508 1126 1553 nec
1139 1485 1239 1553 etiam

93 1591 169 1660 ullis
185 1590 379 1660 delictorum
394 1591 522 1660 indiciis
540 1613 622 1684 opus
643 1613 711 1660 esse
730 1619 737 1660 :
756 1613 834 1660 nam
849 1600 927 1660 tunc
942 1593 1026 1662 nulli
1042 1595 1079 1660 tit
1095 1591 1237 1683 injuria,

92 1699 217 1767 nullius
232 1698 402 1788 integritas
417 1699 452 1766 in
476 1699 692 1790 suspicionem
710 1707 861 1786 vocatur3
878 1701 955 1792 quia
972 1708 1077 1791 potest
1097 1699 1169 1767 talis
1189 1700 1239 1767 in-

93 1806 232 1897 quisitio
248 1805 424 1896 prudenter
439 1805 565 1874 institui
578 1829 620 1874 ex
639 1805 706 1875 sola
722 1806 894 1898 hypothesi
913 1805 1002 1898 quod
1022 1807 1104 1875 forte
1123 1806 1187 1874 sint
1205 1806 1240 1874 in

94 1913 228 1982 dioecesi
245 1913 370 2004 aliquot
383 1912 623 2005 delinquentes3
638 1936 713 2004 qum
727 1913 927 2005 hypothesis,
941 1936 1016 1982 cum
1032 1913 1073 1981 sit
1088 1914 1240 1982 omnibus

94 2020 215 2089 mundi
235 2019 427 2088 dioecesibus
448 2020 630 2089 communis
650 2043 707 2088 seu
726 2020 949 2112 applicabilia,
965 2019 1049 2088 nulli
1068 2019 1241 2088 individuo

94 2129 255 2198 damnum
270 2129 379 2198 infert.
396 2127 462 2197 Nec
482 2127 668 2219 objiciatur,
686 2150 751 2195 non
769 2149 862 2219 posse
878 2149 1078 2220 quemquam
1091 2127 1241 2196 damnari

92 2237 218 2329 absque
241 2245 445 2323 accusatore,
471 2236 523 2305 vel
547 2237 634 2304 lania
658 2237 854 2303 accusatoris
878 2236 965 2305 vices
987 2245 1102 2325 agente
1130 2262 1138 2302 ε
1165 2258 1242 2302 nam

15 2377 16 2428 t
94 2353 206 2412 textus
221 2344 279 2434 qni
295 2343 355 2412 hoc
369 2352 527 2428 statuunt,
550 2341 755 2432 intelligendi
770 2351 847 2410 eunt
862 2342 902 2410 de
911 2340 1035 2433 jndicio
1055 2340 1097 2409 ad
1111 2364 1241 2432 paenam

15 2439 16 2512 i
93 2451 237 2542 alicujus
252 2450 312 2518 Rei
326 2448 551 2536 determinati,
571 2471 636 2518 non
651 2471 729 2519 vero
744 2448 784 2516 de
797 2449 921 2540 judicio
935 2449 1023 2540 quod
1040 2447 1078 2517 fit
1091 2449 1132 2518 ad
1148 2447 1243 2517 dete-

92 2557 242 2647 gendum
262 2556 456 2646 generaliter
473 2565 583 2626 utrum
603 2558 637 2624 in
653 2557 784 2626 dioecesi
797 2557 938 2624 existant
951 2555 1193 2647 delinquentes,
1210 2562 1243 2623 et

15 2665 16 2682 ¹
93 2665 135 2734 ad
151 2663 322 2733 ferendam
341 2671 454 2732 contra
469 2671 569 2731 totam
585 2663 726 2756 aliquam
745 2663 879 2732 classem
896 2661 1155 2755 delinquentium
1175 2685 1242 2731 non

93 2771 342 2840 nominatorum
357 2770 532 2839 salutarem
548 2792 691 2863 poenam.

137 2882 169 2950 E
190 2887 318 2966 contra,
334 2879 362 2947 ai
382 2877 476 2949 dictae
497 2877 700 2970 inquisitioni
719 2877 911 2969 subjiciatur
929 2878 1040 2969 aliqua
1057 2877 1243 2946 communi-

15 3073 16 3080 ,
95 2999 161 3076 tas,
181 2988 274 3056 verbi
291 2987 412 3076 gratia,
428 2986 546 3078 aliquis
566 2986 746 3054 incolarum
768 2993 871 3054 coetus
887 2985 1060 3076 aliquodve
1080 2994 1244 3053 monaste-

15 3091 17 3176 ἶ
93 3098 200 3181 rium,
215 3093 296 3162 dnm
312 3092 438 3185 reliqua
454 3092 601 3162 dioecesis
615 3092 656 3160 ab
671 3115 769 3161 onere
782 3093 844 3162 isto
858 3093 1017 3161 immunis
1031 3092 1241 3184 relinquitur,

15 3179 17 3196 ἱ
94 3203 293 3271 vulneretur
307 3201 369 3269 hoc
386 3201 456 3292 ipso
471 3199 560 3268 illius
575 3201 818 3269 communitatis
836 3198 944 3284 lama3
960 3199 1054 3267 facile
1072 3202 1242 3290 suspican-

93 3311 192 3378 tibus
211 3309 362 3376 omnibus
384 3331 404 3376 a
423 3307 563 3376 Praelato
586 3329 651 3376 non
671 3307 819 3376 adhiberi
839 3307 908 3376 sine
930 3329 1027 3376 cansa
1046 3329 1125 3396 erga
1145 3308 1241 3376 talem

15 3465 16 3484 i
93 3427 221 3487 cretum
245 3415 498 3506 exceptionalem
521 3413 684 3506 ejusmodi
707 3416 863 3504 rigorem.
889 3415 1133 3506 consequenter
1155 3413 1244 3482 indi·

93 3537 187 3594 recte
205 3523 338 3592 laeditur
357 3533 388 3591 et
408 3521 613 3612 singulorum
636 3522 735 3614 hujus
757 3522 998 3591 communitatis
1020 3522 1243 3592 membrorum

94 3631 286 3721 integritas3
323 3653 398 3698 cum
431 3631 547 3699 merito
578 3631 612 3697 in
645 3630 861 3720 suspicionem
896 3637 1029 3697 vocetur
1057 3631 1242 3698 membrum

93 3738 244 3832 quolibet
258 3737 498 3806 communitatis
517 3736 695 3806 infamatae.
712 3737 801 3826 Ergo
814 3745 892 3805 tunc
908 3759 974 3805 non
992 3738 1133 3828 amplius
1146 3760 1243 3830 qene-

94 3847 183 3915 ralis
197 3855 356 3930 remanet,
374 3845 431 3913 sed
445 3845 593 3936 specialis
610 3845 719 3912 evadit
741 3843 919 3934 inquisitio.
935 3845 987 3912 Fit
1005 3846 1144 3912 enimin
1163 3865 1243 3935 per-

94 3974 215 4022 sonam
240 3949 395 4020 moralem
418 3950 681 4037 determinatam,
705 3951 739 4017 in
762 3949 858 4019 talem
879 3950 998 4020 scilicet
1023 3952 1243 4021 communita-

97 4073 185 4138 tem;
220 4066 252 4126 et
281 4057 379 4126 simul
411 4080 487 4126 cum
523 4067 718 4126 nocumento
753 4079 968 4149 personarum
1002 4059 1038 4127 iu
1070 4058 1241 4127 individuo

95 4165 406 4250 determinatarum,
427 4164 461 4232 id
477 4172 540 4252 est,
558 4163 764 4253 singulorum
779 4165 867 4233 illius
881 4165 1124 4234 communitatis
1137 4187 1243 4233 meur-

97 4274 248 4346 brorum.
267 4271 340 4355 Quo
362 4271 479 4367 posito,
496 4269 757 4347 concludendum
777 4271 919 4363 videtur,
936 4272 1020 4349 sicut
1039 4271 1081 4342 ad
1099 4271 1245 4368 inquisi-
