3050 4984
535 497 608 545 rins
636 498 781 545 sucurre.
1186 484 1225 548 37

88 622 207 684 certum
220 623 281 702 est,
296 617 442 687 cumdem
453 618 636 709 generalem
648 620 796 710 regulam
810 620 960 713 plurimis
971 645 1040 690 osse
1051 622 1227 693 obnoxiam

88 724 345 815 exceptionibus,
359 748 434 817 qum
448 748 535 796 nunc
548 726 760 818 subjiciendus
774 736 862 797 suut.

130 832 343 923 Exceptiones
357 832 404 901 od
411 833 642 925 precedentem
658 836 821 925 requiam.
833 874 878 887 -
891 835 1005 907 Omitti
1021 845 1125 927 potest
1140 862 1228 930 prm-

89 939 141 1005 vis
157 940 304 1025 monitio,
322 944 354 1007 1⁰
368 941 396 1007 si
412 942 534 1009 crimen
544 963 610 1010 uon
622 943 663 1011 sit
672 943 847 1031 oecultum,
864 944 919 1013 sed
932 946 1153 1033 menifestum,
1168 970 1228 1015 no·

90 1046 220 1130 torium,
243 1046 295 1115 vel
312 1047 400 1117 fumo
418 1047 548 1140 publice
567 1048 753 1139 vulgetum3
779 1055 813 1118 2⁰
832 1052 860 1118 si
883 1061 996 1143 vergat
1015 1053 1050 1120 in
1071 1053 1228 1123 domuum

90 1154 300 1245 Reipublicce,
325 1155 377 1226 vel
402 1156 502 1243 tertii3
528 1160 560 1223 3ο
585 1156 611 1225 si
635 1158 758 1248 praevis
779 1160 935 1229 correctio
955 1159 1036 1228 nihil
1059 1161 1229 1252 protutura

90 1259 320 1351 praevidestur5
333 1266 366 1329 4⁰
376 1263 403 1329 si
414 1263 546 1332 monitio
557 1264 683 1355 prmvis
692 1265 836 1333 mouenti
844 1265 999 1337 damnoso
1008 1267 1120 1336 futuru
1128 1277 1227 1345 esset;

92 1371 120 1433 5·
133 1368 160 1433 si
176 1368 211 1434 iu
226 1367 337 1460 aliquo
351 1368 501 1459 religioso
515 1370 642 1457 ordine,
658 1393 699 1439 ex
713 1372 874 1462 instituto,
891 1373 1016 1463 possint
1026 1384 1082 1443 eut
1091 1374 1230 1445 debecut

90 1474 201 1542 dedicta
228 1474 298 1543 siue
324 1475 392 1543 ulls
413 1476 538 1568 praeviu
562 1478 741 1549 monitione
764 1480 989 1571 superioribus
1013 1482 1226 1551 manifestari.

88 1581 145 1649 Cui
166 1580 293 1649 ultimae
313 1581 494 1675 exceptioni
516 1582 704 1676 objecerunt
723 1586 887 1673 nonnulli,
910 1586 1072 1678 ejusmodi
1097 1588 1230 1656 institu-

87 1696 192 1757 torum
212 1688 442 1779 religiosorum
455 1691 698 1784 dispositionem
713 1692 839 1762 irritem
855 1716 923 1762 esse
937 1702 969 1763 et
982 1716 1137 1786 prevrm3
1155 1718 1230 1764 cum

81 1796 149 1886 juri
170 1796 285 1865 divino
303 1794 459 1888 derogem
480 1807 618 1892 nequest
635 1799 690 1892 jus
711 1799 893 1870 humanum
913 1827 921 1869 z
938 1799 994 1869 sed
1013 1824 1147 1893 prorsus
1165 1804 1230 1872 im-

86 1904 215 1973 merito.
243 1902 327 1973 Nem
350 1903 509 1995 ejusmodi
532 1904 663 1975 ordines
691 1906 918 1997 ingrediendo,
946 1906 1082 1999 quilibet
1106 1931 1232 1981 renun-

86 2010 142 2078 tiut
166 2008 265 2077 iamae
286 2032 369 2097 sues,
393 2018 425 2079 et
442 2010 510 2102 juri
533 2012 673 2082 naturali
697 2013 786 2105 quod
809 2013 1002 2083 haberetne
1024 2037 1083 2084 suo
1106 2018 1232 2087 occulte

86 2116 202 2186 delicto
216 2119 338 2209 ubsque
354 2118 479 2211 praevie
494 2120 670 2189 monitione
686 2119 919 2213 penderentur.
935 2119 1041 2202 Quem
1059 2126 1232 2193 renuntio·

85 2224 219 2307 tionem
237 2224 441 2293 essebonum
457 2234 489 2293 et
505 2225 640 2314 licitum,
659 2225 701 2295 ob
717 2226 874 2317 mojorem
892 2249 1009 2319 nempe
1029 2229 1231 2320 spiritualem

17 2418 18 2423 ἵ
86 2330 281 2421 profectum,
298 2332 560 2419 submissionem,
581 2331 811 2420 bumilitatem,
832 2333 1036 2401 securitatem
1052 2358 1071 2403 u
1087 2336 1229 2428 relapsu,

86 2448 113 2505 et
132 2438 377 2507 communitatis
400 2440 630 2529 integritatem,
655 2441 794 2532 probent
816 2464 898 2509 cum·
918 2450 1028 2511 sancto
1051 2442 1177 2513 Thomu
1200 2451 1232 2513 et

86 2545 239 2615 Susrcsio
254 2546 401 2615 doctores
416 2549 641 2617 communiter.
657 2547 752 2639 (Vide
767 2548 1070 2639 Scbmalzgrueber‚
1082 2551 1116 2618 iu
1133 2551 1182 2621 tit.
1198 2555 1230 2637 1,

17 2692 18 2701 κ
85 2654 141 2721 1.1
168 2652 279 2741 Dece,
304 2676 338 2722 n.
364 2655 451 2744 139.)
473 2654 514 2721 Et
532 2662 618 2727 certe
640 2663 743 2747 potest
762 2656 836 2748 quis
857 2655 1074 2745 laudabiliter,
1097 2658 1232 2730 bumili-

88 2762 160 2829 tatis
183 2784 294 2849 conss,
322 2761 463 2831 occultos
488 2784 563 2829 suos
589 2760 732 2831 deiectus
753 2761 916 2853 superiori
940 2785 1000 2831 suo
1026 2762 1095 2854 ipse
1121 2766 1231 2832 muni-

88 2868 204 2938 iesture
238 2896 245 2937 :
278 2890 337 2938 cur
364 2890 442 2959 ergo
472 2868 654 2938 consentire
685 2867 835 2959 nequiret
864 2877 900 2936 ut
928 2868 984 2937 elii
1014 2870 1072 2961 qui
1101 2872 1232 2941 eosdem

88 2977 230 3045 occultos
248 2975 391 3045 deiectus
406 2976 568 3063 noverint,
591 2974 678 3045 idem
697 2976 835 3043 iement‘t
849 2976 924 3044 Nou
944 2998 1023 3067 ergo
1044 2978 1119 3045 iude
1139 2980 1244 3048 vitu-⁴

89 3084 269 3175 perandum
291 3083 582 3153 Francismuorum
607 3090 639 3151 et
663 3082 860 3153 Jesuiterum
885 3084 1084 3171 institutum,
1108 3108 1128 3152 o
1148 3085 1232 3155 Sede

17 3272 18 3281 ἵ
92 3190 273 3283 Apostolice
296 3214 361 3260 uon
383 3190 482 3259 semel
505 3190 720 3282 approbatum
743 3196 776 3257 et
796 3189 966 3259 laudatum
972 3217 982 3277 ;
1006 3190 1063 3258 sed
1084 3190 1145 3259 bec
1162 3194 1233 3284 ipse

17 3362 19 3377 ,
90 3300 195 3388 potius
218 3298 259 3367 de
279 3320 375 3367 cause
398 3298 501 3390 pluris
522 3298 719 3385 faciendum,
745 3296 836 3365 etad
866 3298 1051 3367 evehendos
1071 3298 1168 3368 ultius
1190 3301 1231 3367 ed

17 3404 18 3409 ’
91 3405 201 3475 divine
216 3405 409 3475 chamoam
429 3405 578 3474 alumnos
594 3405 697 3495 magis
712 3402 867 3473 idoneum
885 3405 1130 3473 aestimandum·
1146 3407 1232 3475 Hinc

92 3514 204 3583 merito
217 3520 347 3581 sauctus
360 3511 512 3603 Ligorius
528 3510 568 3579 dc
584 3511 730 3580 doctrine
745 3533 845 3603 quem
861 3509 1068 3581 defendimus
1085 3538 1092 3580 ε
1115 3538 1132 3578 o
1148 3512 1232 3581 Om-

94 3647 108 3684 ε
132 3622 212 3689 nino
226 3629 262 3689 ut
276 3641 353 3691 vcro
371 3618 509 3689 tenende
528 3619 609 3688 mibi
625 3618 755 3688 videtur
774 3645 782 3686 :
798 3618 893 3706 ratio,
910 3640 984 3711 qoae
1004 3620 1084 3689 mibi
1099 3622 1230 3710 sufficit,

94 3758 109 3793 s
130 3728 273 3819 estquis
288 3728 322 3796 in
337 3726 492 3797 Societete
507 3727 583 3798 Jesu
597 3726 687 3796 adest
703 3726 888 3796 constitutio
904 3726 1092 3819 hujusmodi
1105 3752 1233 3799 renun-

93 3864 109 3900 c
132 3834 286 3922 tiatiouis,
306 3834 425 3926 etipse
442 3834 732 3925 fuitopprohetus
750 3833 854 3903 Paulo
874 3834 918 3902 111
937 3843 968 3902 et
984 3835 1074 3904 Julio
1092 3837 1156 3923 1115
1174 3838 1232 3929 qui

93 3970 108 4006 c
128 3942 354 4034 approbarunt
372 3950 404 4009 et
420 3939 657 4009 confirmarunt
675 3940 873 4028 institutum,
891 3949 923 4009 et
940 3963 1053 4009 omues
1068 3944 1231 4012 coustitu-

92 4077 107 4113 ι
131 4050 235 4119 tiones
244 4048 390 4141 praeietm
403 4047 584 4135 Societetis,
595 4056 627 4116 et
636 4046 799 4139 praecipue
810 4069 865 4117 ees
875 4070 951 4140 qum
962 4048 1232 4119 contradictiones

93 4186 107 4220 c
130 4158 336 4249 patiebantur
360 4183 368 4223 :
390 4156 456 4224 imo
476 4155 653 4245 Gregorius
672 4154 762 4243 ΧΙΠ,
781 4156 816 4223 in
837 4156 927 4224 bullo
949 4155 1145 4226 decendente
1162 4162 1232 4225 Do-

95 4293 110 4329 ι
131 4264 236 4348 mino,
250 4261 375 4333 eddidit
389 4262 757 4335 excommunicationem
773 4271 887 4337 contre
901 4263 981 4333 teles
990 4263 1233 4336 constitutiones
