3050 4984
257 440 319 507 326
619 462 796 509 mucuns
822 463 862 509 na
882 459 1016 509 marrus.

300 582 449 664 Quorum
471 581 603 674 quidem
627 582 774 651 virorum
800 605 853 651 me
877 582 973 652 valde
995 590 1182 653 commovet
1205 584 1393 653 auctoritas.

256 691 409 762 Deductae
426 702 532 760 tamen
547 691 589 759 ab
601 691 680 782 ipsis
693 692 836 760 rationes
857 714 924 760 non
947 714 995 760 eae
1011 692 1092 760 mibi
1106 693 1187 760 visae
1213 698 1302 778 sunt,
1318 716 1396 784 qrrae

256 822 326 868 rem
341 798 473 867 omnino
500 798 661 867 evincant.
691 799 841 890 Cumque
865 800 999 868 aliunde
1024 799 1162 889 queastio
1178 799 1234 868 illa
1249 801 1396 868 nondum

258 904 355 973 fuerit
370 902 436 971 ulla
455 926 608 994 expressa
632 902 793 971 decisione
818 904 936 989 soluta,
968 912 1101 995 parcant
1117 904 1200 972 milri
1217 905 1286 994 (etsi
1313 905 1398 973 forte

258 1010 464 1101 halluciner),
474 1010 574 1101 quod,
591 1011 688 1078 etiam
699 1012 734 1078 in
749 1034 826 1079 casu
836 1011 962 1103 publici
975 1010 1135 1097 criminis,
1149 1010 1400 1102 extra-judicia·
1507 1013 1508 1024 ’

139 1194 142 1201 ⁴
256 1118 331 1189 liter
345 1118 541 1210 procedendi
555 1117 738 1187 facultatem
753 1118 925 1209 Episcopis
938 1117 1112 1187 vindicem.

304 1231 338 1293 2ο
367 1225 419 1294 Ad
447 1224 651 1293 auctoritates
666 1225 755 1315 quod
768 1226 895 1311 attinet,
909 1225 1060 1293 eamdem
1074 1235 1264 1317 potestatem
1286 1234 1401 1295 extra·

255 1332 465 1425 judicislitcr,
496 1334 593 1401 etiarn
622 1332 664 1401 ob
691 1332 816 1400 crimen
838 1332 1020 1425 publicum,
1037 1333 1268 1425 suspendendi,
1299 1333 1400 1403 Ordi-

258 1440 360 1509 noriis
376 1464 394 1507 a
408 1438 601 1507 Tridentina
615 1438 740 1530 syuodo
768 1438 925 1507 tributam
945 1439 1145 1509 existimavit
1159 1441 1401 1509 illustrissimus
1507 1521 1508 1524 Ἴ

257 1547 468 1617 Lucionensis
499 1547 694 1637 Episcopus,
723 1555 822 1637 prout
850 1546 961 1615 videre
989 1554 1039 1615 est
1077 1547 1112 1616 iu
1141 1546 1268 1616 erudito
1296 1548 1402 1639 ipsius
1507 1633 1508 1638 ἵ

259 1661 398 1723 tractatu
413 1652 452 1721 de
463 1652 640 1722 Sententiis
655 1676 695 1721 cu
710 1653 894 1744 informata
908 1653 1100 1722 corucieutio
1113 1655 1278 1745 inscripto.

303 1762 420 1829 Fateor
432 1768 551 1843 umen,
567 1769 686 1850 prater
699 1759 871 1829 laudatum
886 1760 1080 1847 Praesulem,
1101 1762 1229 1829 nullum
1248 1761 1329 1829 mihi
1343 1783 1403 1830 oc-

259 1870 399 1939 currisse
414 1868 625 1953 canonistam,
642 1868 700 1958 qui
717 1868 917 1959 propositam
938 1866 1162 1937 difficultatem
1189 1890 1231 1937 ex
1257 1867 1403 1959 professo

260 1974 464 2067 expenderit,
490 1982 521 2042 et
546 1974 664 2043 dictam
679 1974 866 2043 facultatem
886 1974 1053 2065 Episcopis
1077 1994 1241 2065 expresse,
1265 1975 1301 2041 iu
1324 1997 1404 2043 casu

256 2082 385 2174 publici
392 2080 512 2166 delicti,
527 2080 745 2171 adscripserit.

308 2196 340 2257 3⁰
367 2193 438 2275 Ast,
461 2188 549 2281 quod
575 2188 669 2257 valde
695 2211 748 2256 me
775 2189 889 2274 movit,
906 2212 966 2258 neo
991 2188 1078 2281 apud
1095 2190 1200 2258 ullum
1214 2187 1324 2257 detexi
1337 2210 1406 2257 ex-

261 2320 406 2392 pressam
421 2297 455 2364 in
469 2296 667 2365 contrarium
681 2296 933 2365 conclusionem.
951 2296 993 2366 Et
1016 2319 1121 2389 noque
1147 2299 1182 2365 in
1200 2296 1402 2381 collectione,
1507 2291 1508 2294 ’

262 2429 337 2501 quae
356 2405 536 2475 Thesaurus
550 2402 786 2471 resolutionum
799 2404 1001 2489 inscribitur,
1018 2404 1199 2495 quidquam
1220 2403 1345 2490 inveni,
1362 2427 1405 2472 ex

262 2536 328 2605 quo
342 2512 487 2601 rigorose
501 2508 660 2577 deducere
675 2509 852 2599 potuerim,
867 2530 935 2579 non
948 2510 1076 2579 admitti
1101 2534 1121 2579 a
1136 2510 1235 2579 Sacra
1254 2509 1405 2598 Congre-
1507 2521 1508 2602 ζ

263 2619 392 2711 gatiano
421 2616 559 2685 Concilii
591 2615 708 2685 dictam
743 2615 981 2707 Episcoporum
1014 2617 1210 2687 facultatem.
1243 2617 1406 2700 Quemvis

264 2726 351 2796 enim
365 2721 531 2791 nonnullas
546 2722 592 2790 ibi
605 2733 905 2810 occurrsutcausae,
923 2724 1108 2814 inquibus,
1124 2746 1184 2814 pro
1195 2732 1285 2813 parte
1296 2724 1407 2792 clerici
1507 2787 1508 2792 ,

266 2830 569 2923 extra-judicialiter
591 2832 751 2921 suspensi,
778 2840 937 2921 tanquam
952 2831 1068 2898 vitium
1094 2830 1254 2900 nullitatis
1268 2831 1409 2923 objicia-

268 2950 334 3024 tur,
349 2936 436 3029 quod
451 2936 577 3004 criman
590 2934 689 3003 fuerit
714 2936 804 3005 fama
819 2937 1002 3027 vulgatum,
1022 2960 1083 3007 nec
1103 2938 1240 3029 proinde
1264 2939 1409 3028 potuerit

267 3047 445 3137 Episcopus
460 3042 766 3133 astra-judicialiter
780 3046 967 3135 procedere,
979 3055 1012 3113 et
1025 3068 1140 3114 revera
1150 3045 1249 3114 Sacra
1260 3046 1408 3135 Congre·
1507 3131 1508 3138 ἵ

267 3154 354 3245 gatis
367 3150 581 3243 episcopalem
596 3152 788 3219 seutentiam
802 3151 1033 3239 annullaverit,
1047 3151 1167 3221 nullibi
1182 3161 1293 3221 tamen
1311 3152 1408 3222 Emi-

267 3259 447 3331 acutissimi
463 3258 575 3327 Patres
588 3256 715 3345 dicunt,
733 3256 806 3328 ideo
829 3260 963 3349 praecise
987 3260 1163 3346 annullari,
1178 3258 1268 3352 quod
1282 3260 1409 3329 crimen

269 3370 366 3440 fuerit
380 3367 563 3459 publicum;
575 3374 607 3435 et
622 3374 799 3458 potuerunt
812 3368 926 3435 multis
939 3368 1016 3437 aliis
1023 3367 1063 3437 de
1074 3368 1180 3436 causis
1192 3369 1278 3436 lianc
1288 3369 1410 3436 aunul-
1507 3395 1508 3400 ¹

269 3478 421 3549 lationem
434 3475 618 3555 decernere,
630 3473 756 3542 etiamsi
763 3473 1021 3543 existimaverint
1031 3475 1178 3543 criminis
1188 3474 1411 3565 publicitatem

271 3580 526 3676 extra-judiciali
539 3579 708 3677 sententiae
724 3604 792 3649 nou
807 3582 946 3651 obstare.
964 3581 1031 3651 Nec
1056 3581 1290 3651 attendendum
1304 3591 1352 3650 est
1368 3583 1412 3650 ad
1507 3639 1508 3642 ,

272 3694 320 3781 id,
337 3690 424 3783 quod
440 3690 475 3757 in
488 3687 643 3757 relatione
658 3710 764 3757 caussa
777 3688 969 3758 infusorem
982 3690 1156 3781 utriusque
1168 3689 1411 3780 partislitigan·

270 3804 312 3871 tis
326 3800 403 3868 hinc
419 3796 494 3865 inde
510 3793 700 3875 deducitur;
726 3797 804 3887 quia
819 3795 853 3864 id
874 3798 1100 3867 auctoritatem
1126 3799 1192 3865 uon
1216 3796 1327 3881 habet,
1353 3795 1410 3864 sed
1507 3849 1508 3852 η

270 3918 398 3978 tantum
418 3903 587 3995 responsio
611 3902 681 3993 ipss
705 3902 1048 3973 Eminentissimorum
1077 3904 1214 3973 Petrum
1237 3903 1280 3971 ad
1311 3902 1411 3973 dubia

271 4016 446 4110 proposita.
1507 4089 1508 4100 χ

316 4128 349 4191 t⁰
365 4118 532 4215 Episcopis
558 4140 624 4189 uon
653 4127 835 4212 competere
861 4120 981 4189 mcum
1008 4119 1197 4191 fmultatam
1212 4117 1346 4189 clericos
1373 4120 1407 4183 in
1507 4171 1508 4206 3

273 4254 349 4301 casu
370 4228 477 4301 delicti
490 4226 618 4323 publici
637 4226 941 4318 extra-judicialiter
962 4224 1194 4322 suspendendi,
1216 4225 1332 4301 deduci
1354 4248 1411 4295 ue·
1507 4267 1508 4328 ᾗ
