3050 4984
286 490 348 553 tto
641 505 818 551 raimerus
846 505 884 551 nr
906 504 1042 551 moscus.

162 692 164 699 ,
287 658 303 695 a
328 650 438 721 posse;
460 628 505 696 ita
523 635 631 695 umen
651 636 688 695 ut
708 627 881 721 appellatio
900 650 967 695 non
992 625 1168 718 suspendat
1186 626 1416 711 executionem,

287 764 302 799 a
326 742 438 803 eontra
449 734 536 825 qaod
547 734 706 802 sancitum
716 744 764 801 est
773 734 926 804 sessionis
937 737 979 801 tt
993 733 1097 825 capite
1109 735 1162 819 to,
1178 740 1210 802 et
1217 732 1372 800 sessionis
1382 735 1417 799 22

286 870 302 907 a
326 840 427 933 capite
445 845 475 910 1.
494 842 575 909 ltem
591 840 750 927 consulta,
771 863 851 909 num
868 839 1034 911 decretum
1053 838 1135 909 illud
1154 839 1268 931 capitis
1286 843 1328 906 to
1348 840 1419 931 (ses-

287 976 303 1015 a
326 949 426 1016 sionis
440 949 493 1038 21)
511 946 677 1016 sustulerit
695 946 944 1037 appellationem
960 943 1195 1029 devolutivam,
1214 945 1342 1013 censuit
1361 965 1419 1011 non

285 1082 302 1121 a
325 1054 504 1141 sustulisse,
514 1051 571 1123 sed
585 1052 812 1143 suspensivam
826 1060 964 1121 tantum.
979 1078 997 1117 s
1014 1052 1152 1142 (Forum
1163 1051 1418 1131 ecclesiastiaca,

279 1162 313 1229 in
332 1162 378 1229 tit.
397 1164 453 1249 28,
469 1160 580 1228 libri2
597 1159 831 1246 Decretalium,
846 1184 880 1253 q.
900 1160 1012 1250 1087.)

324 1274 356 1337 3⁰
369 1272 458 1337 Dum
477 1268 513 1335 in
526 1267 631 1335 carnes
643 1266 839 1335 visitationis
860 1279 893 1335 et
915 1265 1121 1335 correctionis
1140 1266 1324 1358 Episcopum
1342 1288 1422 1357 pro-

278 1375 361 1446 cedit
369 1374 589 1467 judicialiter,
607 1373 788 1467 appellatio
809 1374 852 1442 ab
866 1373 1127 1456 interlocutoria,
1145 1385 1208 1442 aut
1228 1396 1250 1441 a
1266 1395 1423 1465 quocum-

279 1506 340 1575 que
362 1482 555 1574 potamine
578 1494 655 1549 ante
680 1480 884 1571 definitivam
903 1480 1114 1563 sententiam,
1137 1504 1240 1573 neque
1263 1480 1423 1549 devoluti-

277 1611 367 1671 vum,
380 1610 481 1680 neque
491 1586 713 1678 suspectivum
726 1588 873 1679 ellectum
883 1586 995 1669 tabet,
1007 1587 1072 1655 nisi
1079 1587 1115 1654 in
1124 1588 1220 1657 certis
1230 1587 1424 1679 quibusdan

277 1696 413 1765 casibus.
432 1733 477 1747 -
489 1694 526 1761 ld
548 1715 699 1785 expresse
719 1692 906 1763 decernitur
924 1694 1076 1763 sessionis
1103 1698 1143 1761 13
1166 1694 1273 1785 eapite
1295 1698 1326 1762 1.
1344 1694 1424 1763 Nam

279 1802 325 1870 ibi
340 1802 447 1893 primo
459 1799 578 1869 dicitur
587 1799 782 1890 generaliter
797 1828 804 1867 ι
822 1801 935 1869 «Ante
949 1800 1153 1872 definitivam
1165 1801 1374 1886 seutentiam,
1387 1800 1425 1867 ab

282 1936 297 1975 a
323 1907 580 1992 interlocutoria,
609 1907 660 1975 val
674 1906 739 1975 alio
764 1930 971 2001 quocumque
991 1909 1183 1997 gravamine
1199 1930 1265 1976 nou
1286 1907 1425 2000 appelle-

286 2042 303 2081 α
327 2028 391 2084 tur.
410 2041 426 2079 a
444 2014 528 2082 Tum
545 2014 586 2081 ab
600 2014 661 2081 hac
675 2014 790 2103 regula
805 2016 950 2104 generali
965 2015 1175 2106 excipiuntur
1189 2024 1362 2107 sequentes
1375 2036 1426 2082 ca·

279 2145 334 2191 sua
358 2149 365 2189 :
394 2148 411 2187 a
435 2120 498 2188 nisi
521 2141 699 2209 gravamen
724 2119 914 2211 hujusmodi
933 2143 992 2212 per
1013 2121 1216 2193 definitivam
1238 2121 1427 2191 antennam

284 2258 300 2295 a
325 2230 481 2321 reparari,
500 2227 614 2296 veleb
635 2228 706 2318 ipsa
729 2227 898 2298 definitiva
922 2228 1081 2320 appellari
1105 2252 1170 2298 non
1194 2231 1317 2321 possit;
1334 2257 1352 2293 a
1370 2250 1428 2321 pro

280 2339 401 2431 quibus
413 2336 540 2405 casibus
555 2334 625 2403 vult
639 2334 785 2425 synodus
799 2336 914 2425 vigere
925 2336 982 2426 jus
993 2344 1089 2405 antea
1103 2336 1282 2405 stabilitum
1295 2366 1304 2417 ς
1317 2337 1352 2404 id
1367 2344 1426 2421 eet,

281 2446 322 2515 ab
340 2443 554 2535 appellatione
573 2451 644 2510 tum
665 2442 813 2532 produci,
838 2451 868 2511 ct
889 2442 1128 2531 devolutivum,
1150 2451 1182 2511 et
1200 2444 1427 2535 suspensivum

283 2553 447 2623 effectum.

325 2658 469 2741 Qumsrm
483 2660 529 2723 8².
548 2694 591 2709 -·
611 2658 661 2723 An
684 2656 780 2725 aletur
795 2657 977 2748 appellatio
991 2681 1015 2726 a
1029 2658 1195 2726 sententiis
1216 2657 1429 2725 itterlocuto-

284 2766 364 2833 riis?
378 2802 422 2817 -
436 2762 657 2846 Quastionem
684 2762 788 2852 illam,
812 2763 885 2850 etsi,
911 2785 952 2831 ex
974 2762 1073 2832 modo
1097 2761 1191 2831 dictis
1211 2762 1297 2831 circa
1319 2784 1430 2831 cauam

283 2870 491 2956 visitationis,
518 2877 549 2937 et
570 2869 792 2956 correctionis,
821 2871 926 2939 soluta
949 2872 1019 2962 jam
1043 2870 1148 2939 videri
1172 2870 1284 2961 possit,
1305 2868 1431 2960 plenius
1504 2861 1505 2932 Ῠ

284 2995 392 3051 tamen
432 2978 496 3046 huc
533 2976 795 3068 expendendam,
836 3000 897 3069 pro
933 2978 980 3047 rei
1020 2978 1191 3068 gravitate,
1229 2998 1430 3056 revocamus,

286 3090 498 3180 Exponemus
524 3091 646 3170 autem,
681 3089 711 3150 1⁰
733 3084 814 3175 quid
834 3085 1036 3155 lastinianco
1055 3086 1130 3176 jure
1152 3092 1309 3153 statutum
1330 3085 1372 3152 sit
1393 3084 1433 3152 de

288 3192 478 3287 hujusmodi
507 3214 526 3259 a
555 3191 722 3260 sententiis
750 3192 1003 3262 interlocutoriis
1032 3190 1265 3285 appellatione;
1291 3196 1325 3259 2·
1355 3190 1432 3283 quid

289 3305 328 3371 de
352 3300 464 3369 eadem
486 3320 533 3387 re,
559 3318 600 3365 ex
621 3298 695 3389 jure
718 3300 884 3386 canonico,
910 3308 985 3368 antc
1008 3299 1235 3369 Tridentinam
1256 3297 1433 3388 synodum,

290 3407 454 3499 viguerit;
486 3411 517 3474 3⁰
549 3404 726 3497 quamdam
765 3406 951 3494 generalem
989 3407 1138 3497 regulam
1172 3407 1258 3474 dicta
1290 3405 1436 3496 synodus

291 3514 452 3600 sanxeri15
485 3517 518 3579 l·
549 3512 679 3581 nudem
707 3534 867 3604 quosnam
892 3536 987 3581 casus
1011 3514 1053 3581 ab
1079 3536 1117 3581 ea
1142 3514 1256 3602 regula
1285 3519 1437 3603 exceptos

294 3622 444 3693 voluerit.

337 3731 363 3797 l.
381 3730 481 3798 Juxta
499 3726 740 3797 lustinianeum
761 3726 829 3817 jus,
849 3726 963 3815 regula
983 3727 1144 3816 generalis
1164 3735 1225 3812 est,
1250 3749 1316 3794 non
1331 3724 1437 3793 daria

293 3836 463 3911 sententiis
478 3832 728 3903 interlocutoriis
747 3832 1010 3924 appellationem.
1030 3836 1132 3903 Casus
1145 3843 1253 3902 autem
1270 3834 1312 3901 ab
1331 3856 1371 3901 ea
1384 3855 1438 3900 re-

294 3946 372 4036 gule
385 3940 528 4033 generali
543 3937 726 4029 excipiendi
741 3948 829 4025 sunt,
850 3944 881 4007 1⁰
897 3940 960 4007 uisi
974 3941 1218 4009 interlocutoria
1235 3941 1303 4008 vim
1318 3939 1438 4008 defini-

296 4054 371 4119 tivae
387 4050 524 4134 habeat;
540 4050 574 4115 2ο
588 4046 651 4113 uisi
665 4045 906 4115 interlocutoria
922 4047 1042 4116 inierat
1055 4070 1233 4137 gravamen
1249 4069 1307 4138 per
1320 4047 1439 4115 delini-

295 4161 395 4227 tivam
420 4153 648 4247 irreparabile,
678 4156 710 4219 3ο
731 4154 795 4220 nisi
820 4177 878 4246 per
905 4153 1183 4223 interlocutoriam
1209 4154 1342 4223 tollatur
1365 4176 1438 4245 spes

293 4264 476 4333 obtinendae
491 4259 685 4353 definitivas,
699 4260 790 4329 verbi
800 4261 919 4351 gratia
936 4260 963 4329 si
971 4259 1074 4354 judex
1086 4284 1155 4330 sese
1167 4262 1438 4351 incompetentem
