3050 4984
547 484 621 531 rsus
644 484 788 531 secunus.
1170 467 1232 529 305

145 604 256 687 «Quae
276 604 402 691 omnia,
418 606 515 675 etiam
540 606 574 673 in
600 605 665 673 illis
688 605 817 673 casibus
832 603 867 672 in
894 603 1025 695 quibus,
1052 627 1111 697 pcr
1137 605 1234 674 aliam

100 736 116 773 n
140 712 399 781 constitutionem
416 722 559 781 nostram
575 713 627 779 vel
642 712 732 798 alius,
758 712 889 803 procedi
912 720 1016 801 potest
1045 712 1235 804 simpliciter

100 844 116 881 u
140 831 170 886 et
184 818 224 887 de
235 820 351 909 plano,
369 842 407 889 ac
424 820 493 889 sinc
508 820 645 913 strepitu
664 832 695 887 et
718 820 831 910 fiqura
851 817 987 909 judicii,
1005 819 1159 888 volumus
1177 822 1235 888 ob-

99 950 115 987 u
139 927 276 995 servari.
295 927 331 997 Si
345 935 454 996 tamen
468 928 502 995 in
518 926 696 1020 praemissis
705 926 835 995 casibus
846 925 1000 994 solemnis
1008 926 1090 995 ordo
1096 926 1236 1018 judicia-

99 1057 116 1095 u
139 1032 209 1100 rins
220 1033 253 1101 iu
270 1042 336 1103 toto
352 1034 404 1102 vcl
415 1036 450 1101 in
462 1043 564 1126 parte,
582 1056 647 1103 non
659 1031 954 1102 contradicentibus
966 1033 1113 1125 partibus
1124 1034 1237 1103 obscr-

100 1162 117 1201 c
139 1146 246 1227 vetur,
272 1162 338 1209 non
363 1142 424 1209 erit
448 1162 617 1232 processus
644 1148 775 1232 propter
803 1139 865 1210 hoc
893 1140 1019 1226 irritus,
1052 1161 1110 1208 nec
1138 1140 1236 1208 etiam

99 1270 115 1311 c
138 1244 328 1317 irritandus.
346 1250 428 1317 Data
442 1248 624 1335 Avenione,
644 1251 682 1316 13
706 1247 855 1316 calendas
869 1246 1062 1334 decembris,
1094 1248 1236 1316 Pontifi-
1323 1250 1326 1257 ⁴

99 1377 115 1416 u
134 1361 225 1422 cetus
238 1355 339 1423 nostri
352 1378 438 1425 anno
455 1360 487 1424 2.
504 1381 521 1420 »
864 1408 867 1411 .

139 1460 252 1529 Altera
266 1463 452 1533 constitutio
470 1472 518 1532 est
533 1463 734 1533 Clementiae
759 1462 1008 1554 Dirpcndrbsam
1025 1463 1068 1554 (2)
1087 1462 1128 1531 dc
1140 1461 1237 1531 ludi-

96 1566 163 1649 ciis,
191 1568 226 1635 in
251 1592 315 1662 qua
341 1570 386 1638 sic
413 1570 557 1640 decrevit
584 1570 672 1639 idem
698 1571 851 1640 Clemens
873 1571 929 1639 V:
952 1599 969 1636 u
990 1570 1237 1663 Dispendiosem

101 1700 116 1737 s
139 1678 405 1765 prorogationem
419 1678 527 1746 litium
544 1679 653 1769 (quam
669 1678 834 1746 interdum
848 1700 889 1747 ex
903 1678 1016 1747 subtili
1037 1677 1161 1746 ordinis
1181 1679 1238 1767 jn-

101 1808 117 1847 c
139 1784 267 1853 diciarii
292 1786 514 1853 observatione
534 1806 705 1859 causarum
730 1785 824 1854 docet
838 1786 1038 1877 experientia
1053 1786 1235 1877 provenire)

100 1916 116 1955 c
136 1891 331 1981 restringere
345 1892 379 1959 in
393 1892 583 1983 subscriptis
598 1893 725 1961 casibus
740 1893 918 1984 cupientes,
933 1892 1106 1961 statuimus
1126 1920 1133 1959 :
1152 1901 1187 1959 nt
1203 1892 1238 1958 in

100 2024 115 2061 u
139 2000 246 2067 causis
259 2021 357 2091 super
373 1999 593 2089 electionibus,
610 2000 895 2092 postulationibus,
909 2000 962 2068 vel
976 2000 1236 2092 provisionibus,

101 2133 117 2169 s
138 2114 197 2175 aut
212 2129 310 2198 super
325 2106 551 2196 dignitatibus,
576 2108 814 2199 personatibus,
839 2107 966 2194 officiis,
983 2107 1237 2192 canonicatibus,

101 2238 116 2276 c
146 2212 200 2281 vel
215 2212 411 2304 praebendis,
428 2234 485 2281 seu
500 2212 670 2303 quibusvis
684 2212 847 2281 beneficiis
861 2213 1094 2300 ecclesiasticis,
1111 2221 1168 2281 aut
1182 2236 1240 2279 su·

100 2345 116 2383 c
142 2342 203 2412 per
229 2320 374 2406 decimis,
404 2342 553 2389 necnon
579 2344 677 2413 snper
702 2322 918 2390 matrimoniis
945 2330 977 2389 et
993 2322 1113 2409 usuris,
1141 2328 1173 2388 et
1186 2343 1239 2388 eas

102 2454 117 2493 c
140 2424 371 2520 quoquomodo
388 2428 606 2518 tangentibus,
624 2428 832 2516 ventilandis,
850 2428 980 2521 procedi
1001 2428 1105 2497 valeat
1120 2428 1160 2495 de
1173 2450 1238 2495 cea-

99 2545 210 2605 cterc
235 2536 426 2627 simpliciter
448 2549 478 2604 ct
493 2535 533 2605 de
558 2536 661 2627 plano
680 2559 718 2605 ac
746 2537 813 2605 sine
835 2537 974 2627 strepitu
994 2536 1122 2627 judieii
1146 2548 1176 2604 et
1193 2538 1238 2626 fi-
1318 2592 1321 2597 .

100 2668 116 2707 c
137 2666 271 2733 pura.»

570 2848 713 2919 CAPUT
741 2850 782 2917 ll.

96 3051 166 3106 Qum
191 3052 314 3099 suornm
336 3052 382 3097 siv
404 3050 541 3097 JUlllGlllbl
565 3049 756 3113 summtfflun,
783 3051 821 3095 ΕΤ
843 3051 987 3106 QUOMODO
1011 3056 1030 3097 Δ
1053 3054 1175 3100 runicus
1197 3056 1239 3099 EX
1284 3097 1287 3102 .

385 3159 561 3204 turonium
582 3158 778 3204 consultante
800 3158 959 3205 umenti.

141 3394 173 3457 1.
190 3390 322 3459 Certum
339 3399 388 3457 est
404 3390 437 3457 in
450 3388 708 3480 jurisprudentia
723 3389 878 3457 senonica
891 3391 1113 3459 summarium
1129 3394 1237 3461 vocari

93 3494 256 3585 judicium
272 3496 367 3584 illud,
385 3496 419 3564 in
433 3519 497 3587 quo
516 3493 700 3587 proceditur
711 3496 902 3587 simpliciter
910 3508 942 3564 et
954 3495 994 3565 de
1002 3498 1106 3588 plano
1121 3522 1159 3567 ac
1169 3500 1238 3567 sine

95 3606 233 3697 strepitu
252 3618 282 3674 et
294 3606 407 3696 fipure
416 3603 552 3695 judicii.
570 3604 664 3672 Unde
680 3603 768 3695 quod
784 3627 842 3695 per
858 3604 947 3672 illam
963 3605 1137 3674 formulam
1153 3609 1237 3675 sim—

89 3711 222 3799 pliciter
236 3724 267 3780 et
281 3710 320 3779 de
329 3712 445 3801 plano,
464 3720 541 3797 etc,
558 3709 808 3798 intelligendum
824 3718 884 3795 est,
903 3708 985 3778 illud
1001 3707 1087 3778 idem
1101 3734 1236 3779 censen-

96 3816 174 3885 dum
199 3829 247 3886 est
262 3818 303 3886 ad
319 3817 490 3885 essentiam
513 3816 628 3908 judicii
644 3816 815 3884 summarii
830 3818 1003 3907 pertinere,
1020 3816 1133 3909 illique
1146 3818 1236 3908 judi-

95 3924 219 3993 ciorum
245 3926 362 4017 speciei
389 3947 458 3993 esse
487 3925 677 4016 proprium;
710 3946 748 3991 ac
778 3923 915 4015 proinde
942 3946 984 3992 cx
1014 3946 1111 3993 sensu
1140 3925 1235 3994 dictae

95 4032 245 4101 formulis
260 4032 540 4101 determinandam
554 4055 622 4100 csse
636 4054 747 4101 veram
761 4040 792 4099 et
808 4032 951 4101 strictam
963 4033 1134 4101 summarii
1146 4034 1236 4123 judi·

96 4138 135 4205 cii
149 4140 314 4207 notionem
327 4162 384 4207 seu
399 4137 632 4206 definitionem.

140 4250 172 4314 2.
190 4245 367 4315 Procedere
380 4246 573 4337 simpliciter
588 4259 618 4313 et
634 4244 787 4335 deplere
796 4268 836 4313 ac
849 4246 917 4313 rinc
929 4247 1068 4337 strepitu
1080 4260 1111 4315 et
1123 4250 1235 4341 fipurc

256 4372 286 4417 u.
1037 4360 1077 4419 20
