3050 4984
559 510 634 556 rins
656 508 803 557 securos.
1207 489 1242 555 ll

112 635 216 705 extitit
231 662 238 703 :
256 632 413 703 Nonnulli
438 630 546 700 clerici
561 631 602 700 de
616 630 813 723 quibusdam
836 630 1029 700 criminibus
1052 630 1248 723 Episcopum

111 766 203 811 suum
228 740 509 810 denuntiaverant.
536 739 664 831 Objecit
685 738 867 830 Episcopus
889 737 1069 808 audiendos
1089 761 1155 806 nou
1180 761 1249 805 esse

112 848 239 917 clericos
262 848 348 934 illos,
364 856 433 915 tum
459 847 536 937 quia
559 844 680 938 publici
706 845 927 914 concubinarii
948 854 1053 932 crant,
1072 854 1104 913 et
1125 844 1186 913 hoc
1208 843 1248 911 de

111 980 204 1025 cansa
216 956 284 1046 jam
299 953 584 1040 excommunicati,
599 961 670 1022 tum
683 952 761 1045 quis
774 951 868 1021 illum
883 959 958 1021 aute
969 951 1248 1021 denuntiationem

111 1087 173 1132 non
187 1069 466 1155 praemonuerant,
477 1068 547 1131 tum
562 1060 702 1153 denique
717 1059 796 1151 quia
806 1060 841 1128 in
854 1060 961 1151 ipsum
972 1059 1246 1151 conspiraverant.

111 1170 178 1252 Qua
190 1171 231 1239 de
247 1192 282 1238 re
298 1192 318 1238 a
334 1168 500 1260 judicibus
518 1166 685 1238 consultus
704 1168 912 1237 Innocentius
931 1167 1019 1259 Papa
1035 1166 1093 1253 llI,
1112 1188 1248 1257 respon-

111 1278 185 1346 dit:
213 1278 289 1345 aSi
318 1276 410 1345 vobis
435 1276 615 1345 constiterit
640 1274 825 1368 praedictos,
851 1297 991 1366 quorum
1016 1274 1147 1343 nornine
1172 1282 1249 1343 sunt

115 1412 129 1449 1
150 1406 301 1453 excessus
326 1382 516 1475 hujusmodi
532 1382 572 1451 de
588 1382 747 1475 Episcopo
769 1382 920 1467 nuntiati,
941 1381 1069 1474 publice
1092 1380 1248 1451 concubi-

113 1518 129 1557 1
151 1491 259 1561 uarios
272 1501 352 1561 tunc
367 1490 479 1577 fuisse,
496 1490 728 1582 propterquod
745 1490 782 1559 in
796 1512 851 1558 cos
865 1488 927 1559 tuit
939 1488 1246 1558 excommunicatio-

115 1626 130 1665 1
151 1600 202 1668 uis
216 1600 374 1669 sententia
390 1598 606 1690 promulgata,
625 1597 678 1665 vel
702 1597 878 1690 praefatum
902 1596 1100 1689 Episcopum
1118 1595 1159 1665 de
1178 1596 1246 1688 jam

114 1707 245 1775 «dictis
272 1706 459 1777 excessibus
488 1728 555 1775 non
582 1704 681 1774 fuisse
707 1705 940 1797 praemonitum
966 1704 1008 1772 ab
1033 1702 1170 1788 eisdem,
1196 1702 1248 1771 vel
1329 1738 1333 1743 ’

114 1840 129 1877 ι
150 1814 236 1905 ipsos
251 1814 453 1905 conspirasse
467 1813 502 1881 in
516 1834 606 1900 eum,
622 1836 642 1883 a
656 1811 900 1883 denuntiatione
915 1810 1077 1902 repellatis
1089 1808 1220 1879 eosdem
1237 1836 1244 1875 :

113 1947 129 1985 ι
150 1921 296 2013 alioquin
310 1920 462 1989 audiatis.
488 1946 506 1985 s

150 2028 200 2097 Ex
216 2027 277 2096 hac
291 2036 400 2097 autem
414 2026 564 2099 decretali
585 2027 668 2120 quid
681 2028 827 2119 rigorose
843 2025 993 2096 concludi
1007 2024 1107 2118 possit
1119 2046 1244 2116 expeu-

109 2136 233 2204 damus.
251 2135 288 2205 Si
303 2135 429 2228 liquido
449 2142 609 2205 constaret
623 2135 671 2203 ibi
692 2136 746 2225 agi
765 2135 806 2202 de
826 2135 955 2226 proprie
975 2132 1061 2203 dicta
1074 2131 1246 2203 denuntia-

110 2243 207 2328 tione,
222 2264 288 2310 non
310 2264 388 2311 vero
407 2243 448 2312 de
467 2242 682 2329 accusatione,
705 2242 820 2310 merito
843 2241 975 2333 quidem
999 2239 1246 2309 concluderetur

18 2420 19 2429 2
109 2350 147 2417 ad
162 2350 421 2419 denuntiandum
435 2350 594 2419 inhabiles
605 2371 673 2419 esse
685 2349 931 2419 concubinarios
942 2348 1100 2441 publicos,
1113 2369 1247 2417 excom-

18 2464 19 2529 ?
111 2456 300 2546 manicatos,
317 2456 565 2548 conspiratores,
580 2464 612 2527 et
627 2457 761 2547 insuper
775 2478 831 2525 eos
849 2456 907 2548 qui
926 2454 1051 2548 praevio
1073 2454 1247 2523 denuntia-

112 2574 178 2633 tum
199 2586 265 2635 non
290 2572 499 2634 monuerunt.
518 2566 563 2633 At
584 2586 661 2633 vero
682 2572 806 2633 certum
827 2585 893 2631 uon
915 2570 964 2631 est
982 2563 1029 2632 ibi
1053 2569 1248 2632 memoratos

18 2674 20 2705 ²
111 2672 240 2742 clericos
256 2672 498 2741 denuntiatores
512 2672 685 2741 dumtaxat
700 2670 818 2759 brisso,
834 2692 939 2763 neque
953 2669 988 2737 id
1003 2669 1148 2761 rigorose
1167 2691 1247 2763 pro-

111 2780 186 2849 bant
207 2780 307 2849 verbe
329 2780 413 2863 hore,
429 2801 573 2871 picorum
593 2779 724 2848 nominc
742 2791 819 2847 scat
839 2798 980 2846 11111111
999 2776 1197 2869 hujusmodi
1209 2776 1249 2845 dc

112 2888 270 2979 Episcopo
296 2887 447 2956 nuntiati
453 2912 466 2969 ,·
492 2887 581 2979 quia,
611 2886 758 2955 etiamsi
785 2898 986 2954 accusatores
1009 2885 1140 2976 proprie
1171 2883 1249 2951 dicti

110 2995 285 3080 extiterint,
300 3002 475 3086 potuerunt
490 3016 527 3063 ea
543 2993 643 3062 verba
658 2993 698 3060 ab
712 2992 900 3061 innocentio
917 2992 1088 3083 usurpari:
1101 3014 1178 3060 nam
1195 2992 1250 3059 ille

111 3101 204 3168 etiam
220 3100 277 3193 qui
292 3108 431 3188 accuset,
448 3098 602 3169 delictum
615 3100 769 3182 nuntiot;
783 3100 857 3168 licet
872 3099 942 3167 vice
960 3120 1054 3167 versa
1069 3099 1178 3168 omnis
1191 3100 1249 3189 qui

112 3208 289 3295 denuntiat,
300 3206 409 3276 stricto
420 3207 505 3298 juris
516 3229 613 3277 sensu
625 3229 691 3275 non
707 3214 845 3275 accuset.
856 3206 940 3275 Cum
955 3229 1034 3295 ergo
1048 3214 1172 3275 certum
1184 3228 1252 3273 non

111 3314 150 3381 sit
164 3314 211 3380 ihi
235 3335 302 3381 non
317 3314 371 3403 agi
391 3313 431 3382 de
455 3315 668 3401 accusatione,
686 3313 742 3381 sed
767 3313 807 3381 de
828 3312 967 3405 simplici
992 3312 1247 3398 denuntiatione,

18 3460 20 3469 ‚
112 3421 192 3489 nihil
205 3444 247 3489 ex
260 3420 357 3489 allata
372 3420 524 3490 decretali
539 3421 684 3511 rigorose
700 3418 851 3489 concludi
865 3442 958 3511 posse
973 3419 1114 3488 videtur.

154 3534 185 3597 2.
202 3530 234 3597 A
249 3527 414 3597 nonnullis
438 3529 534 3597 etiam
558 3526 732 3595 canonistis
752 3526 925 3595 adducitur
940 3536 1036 3619 caput
1061 3527 1187 3618 Siquis
1204 3527 1249 3616 (2,

111 3636 157 3704 tit.
177 3642 207 3722 1,
223 3635 299 3703 libri
317 3640 334 3701 5
350 3634 504 3725 Deerat),
522 3634 556 3701 in
572 3656 637 3725 quo
651 3634 696 3701 sic
710 3634 886 3703 statuitur:
904 3634 969 3703 «si
983 3634 1057 3725 quis
1071 3633 1250 3725 Episcopus

18 3772 19 3791 1
114 3743 194 3810 aab
219 3741 285 3809 illis
309 3742 551 3811 accusatoribus
570 3741 627 3833 qui
652 3739 827 3832 recipiendi
849 3749 938 3829 sunt,
955 3748 1123 3809 accusatus
1138 3740 1248 3827 tuerit,

18 3880 20 3899 >
113 3858 324 3941 «postquam
353 3849 394 3916 ab
422 3848 468 3916 eis
494 3846 682 3915 charitative
716 3854 896 3915 conventus
927 3846 1026 3914 luerit
1056 3854 1092 3915 ut
1118 3868 1249 3915 causam

114 3985 129 4023 1
150 3956 314 4043 emendet,
328 3965 359 4025 at
382 3978 453 4025 eam
476 3956 638 4045 corrigere
664 3954 817 4042 noluerit,
834 3977 901 4024 non
922 3956 1013 4041 111111,
1029 3954 1086 4023 sed
1108 3962 1187 4024 tunc
1208 3952 1249 4021 ad

114 4094 129 4129 1
151 4065 314 4134 Primates
327 4086 425 4132 causa
437 4060 508 4154 ejus
521 4062 672 4131 canonice
687 4061 863 4131 deferatur.
879 4090 896 4127 1
910 4062 1030 4132 Putant
1043 4084 1160 4154 nempe
1172 4060 1251 4129 dicti

18 4174 20 4215 l
111 4172 300 4257 canonistas,
316 4170 466 4261 quodibi
489 4168 529 4237 de
549 4168 791 4237 accusatoribus
805 4169 1001 4256 decernitur,
1019 4167 1251 4238 1111111111-

114 4278 286 4349 tietoridus
297 4300 366 4346 esse
382 4276 641 4367 intelligendum.
654 4276 698 4345 st
713 4276 853 4367 gratuita
868 4299 1002 4372 prorsus
1017 4276 1088 4351 haec
1101 4276 1251 4358 assertio;
