3050 4984
260 471 300 538 st
636 491 812 540 1111111111
835 490 874 538 nn
895 490 1028 539 morans.

253 614 319 682 lem
332 614 561 706 praescribunt.
576 613 660 684 Nam
668 614 780 706 primo
790 615 813 682 ii
821 621 930 682 textus
939 635 1004 681 non
1014 619 1140 681 lantum
1152 611 1286 700 licitam,
1300 609 1356 682 sed
1370 618 1405 680 11

256 721 481 811 obligatoriam
491 723 609 790 dictam
620 721 840 791 visitationem
852 722 1031 790 decernunt
1043 747 1051 788 z
1063 721 1281 803 Decrevimus,
1293 733 1331 789 ut
1339 743 1405 789 an-

149 899 153 908 ,
253 830 326 897 nucs
339 828 462 896 vicibus
475 829 517 897 ab
532 829 693 921 Episcopo
707 828 855 897 dioeccses
866 828 1036 896 visitentur
1054 827 1135 921 (cap.
1154 831 1207 914 10,
1220 849 1326 896 causae
1342 833 1403 915 111,

255 958 287 1026 q.
318 936 361 1026 1).
386 935 588 1027 Episcopum
613 936 750 1026 singulis
776 935 874 1003 annis
891 935 939 1003 ire
958 947 1096 1026 oportet,
1119 947 1158 1003 ut
1180 936 1335 1026 exquirat

257 1043 339 1134 (cap.
356 1045 409 1128 11,
423 1041 567 1133 ejusdem
581 1042 712 1132 causae).
726 1041 883 1133 Episcopi
887 1042 1062 1133 propriam
1074 1040 1236 1110 dioecesim
1240 1064 1304 1133 per
1315 1042 1405 1133 seip-

253 1171 315 1232 sos,
334 1163 407 1232 avt,
424 1151 454 1217 si
467 1149 611 1241 legitime
622 1148 774 1241 impediti
778 1148 918 1240 sasaim,
930 1171 1104 1239 persuum
1126 1148 1293 1217 Vicarium
1306 1172 1406 1240 pene·

253 1257 370 1341 ralem,
386 1268 447 1326 aut
461 1256 675 1340 visitatorem,
691 1257 721 1324 si
734 1255 910 1348 quotannis
926 1268 1032 1324 totam
1039 1268 1180 1348 propter
1193 1257 1266 1347 ejus
1281 1256 1405 1325 latitu-

255 1364 366 1434 dinem
379 1364 512 1433 visitare
522 1375 793 1456 nonpatvervnt,
807 1364 924 1432 saltem
935 1364 1099 1454 majorem
1112 1365 1184 1455 ejus
1191 1376 1338 1455 partem,
1352 1364 1405 1431 ita

254 1484 366 1541 tamen
380 1482 418 1540 ut
433 1484 502 1539 tota
513 1471 639 1540 biennio
645 1493 706 1563 per
718 1493 761 1553 sc,
774 1470 826 1539 vel
830 1493 893 1561 per
904 1470 1087 1539 visitatores
1098 1493 1173 1539 suos
1183 1470 1403 1562 compleatur,

255 1580 390 1647 visitare
398 1600 463 1646 non
465 1578 738 1670 pretermittant.
755 1577 866 1670 (Cone.
878 1577 987 1664 Trid,
1001 1599 1079 1645 sess.
1091 1579 1146 1666 tt,
1157 1600 1228 1670 cap.
1241 1579 1258 1644 3
1269 1575 1404 1669 deitas.)

254 1683 405 1754 Secundo
422 1683 518 1752 iidem
540 1693 648 1752 textus
666 1693 777 1775 aperte
792 1685 936 1752 innuunt
950 1682 1135 1773 generalem
1153 1682 1404 1775 inquisitionem

254 1791 448 1862 delictorum
459 1792 493 1860 11
504 1792 574 1884 ipso
584 1791 781 1860 visitationis
790 1789 895 1860 officio
909 1790 1047 1860 involvi.
1063 1789 1119 1858 Sic
1132 1791 1284 1859 incitata
1295 1812 1405 1858 eausae

255 1901 358 1992 capite
372 1902 426 1985 11,
443 1898 563 1968 dicitur
578 1911 609 1966 ct
620 1898 881 1966 ministrantium
892 1897 997 1965 vitam
1008 1896 1189 1988 inplicant.
1203 1897 1245 1966 Et
1258 1897 1405 1965 incitato

255 2007 384 2077 decreto
397 2005 588 2074 Tridentino
604 2032 611 2073 :
633 2005 866 2074 Visitationum
879 2016 991 2072 autern
1000 2004 1150 2078 omnium
1160 2003 1301 2072 istarum
1312 2025 1405 2094 prae-

255 2114 369 2204 cipnus
391 2111 434 2180 sit
456 2133 583 2202 scopus,
608 2133 726 2179 sanam
742 2108 1026 2201 orthodoxamque
1040 2109 1237 2192 doctrinam,
1259 2108 1407 2200 capulus

255 2219 441 2302 heresibus,
453 2217 612 2300 inducere,
627 2219 722 2286 bonos
731 2239 836 2286 utores
845 2217 943 2299 tucri,
948 2238 1072 2307 pravos
1080 2217 1252 2309 corripere.
1262 2217 1307 2286 Ut
1313 2217 1405 2285 enim

255 2328 344 2398 hunc
366 2349 498 2419 scopum
521 2326 665 2394 obtineat
687 2325 880 2417 Episcopus,
904 2322 999 2392 debet
1026 2331 1101 2392 ante
1123 2324 1233 2393 omnia
1258 2345 1407 2416 quaerere

255 2439 368 2499 utrum
391 2429 426 2497 in
448 2430 518 2498 loco
541 2430 669 2498 visitato
688 2430 753 2497 sint
774 2429 920 2497 baeretici
938 2439 995 2496 aut
1014 2429 1108 2520 pravi
1130 2451 1253 2518 mores,
1276 2430 1408 2497 etiamsi

255 2537 380 2606 nullam
396 2538 431 2604 in
446 2536 633 2628 particulari
654 2557 828 2628 personam
844 2544 954 2604 111111
968 2533 1009 2603 de
1029 2534 1148 2604 baeresi
1167 2530 1272 2604 aliove
1287 2535 1409 2605 delicto

258 2644 450 2713 infamatam
463 2671 471 2712 :
484 2642 540 2712 sed
555 2645 615 2711 hoc
629 2642 727 2712 modo
738 2664 899 2735 quarere,
913 2650 961 2710 est
975 2642 1142 2734 inquirere
1152 2642 1358 2734 generaliter.

301 2751 346 2820 At
370 2775 447 2822 vero
466 2751 592 2819 etiamsi
613 2749 761 2818 deessent
780 2758 890 2818 textus
901 2749 986 2840 juris
1004 2750 1150 2839 rigorose
1170 2772 1239 2818 rem
1259 2749 1407 2841 proban-

255 2867 316 2946 tes,
338 2859 473 2928 omnino
492 2857 707 2926 nihilominus
725 2879 767 2925 ex
786 2857 858 2948 ipso
875 2855 1110 2948 Episcoporum
1126 2855 1234 2924 officio
1249 2864 1281 2924 et
1294 2867 1407 2948 potas·

254 2975 331 3053 tate,
354 2975 386 3035 11
406 2988 448 3034 ex
469 2965 593 3034 ratione
619 2964 697 3032 boni
722 2963 846 3056 publici
866 2962 1089 3031 concludenda
1108 2963 1204 3032 foret.
1232 2989 1250 3029 a
1271 2965 1404 3032 Bonum

259 3099 277 3140 a
299 3095 472 3142 commune
491 3072 547 3164 (ait
561 3069 785 3156 Reiffenstuel,
802 3071 838 3137 in
853 3069 985 3139 titulum
1000 3073 1030 3152 1,
1044 3070 1122 3138 libri
1138 3070 1403 3158 bDecretalium,

260 3205 278 3248 a
301 3204 335 3249 n.
359 3181 433 3270 156)
457 3179 553 3248 talem
572 3177 819 3269 inquisitionem
838 3177 952 3266 exigit,
975 3184 1011 3245 nt
1030 3177 1152 3246 scilicet
1169 3199 1207 3244 ea
1225 3176 1403 3264 mediante,

260 3291 491 3374 «innotescat,
520 3307 563 3354 11
592 3294 624 3353 11
653 3285 762 3376 qualia
790 3285 928 3354 crimina
956 3284 1100 3374 vigeant,
1132 3307 1175 3353 an
1203 3294 1235 3354 et
1267 3287 1404 3377 quinam

259 3395 440 3464 «existant
468 3392 704 3478 malefactorem
732 3387 893 3484 qnatenus
921 3393 1050 3482 cognito
1077 3414 1189 3461 rerum
1215 3401 1315 3480 statu,
1340 3415 1405 3484 pro

259 3503 466 3592 «exigentia
495 3500 826 3586 circumstantiarum,
857 3501 1041 3590 superiores
1077 3500 1172 3569 malis
1201 3523 1403 3592 praecavere,

260 3609 523 3699 «delinquentes
553 3609 715 3697 corrigere
742 3617 775 3675 et
807 3607 992 3694 emendare,
1029 3608 1256 3677 convenientia
1292 3608 1406 3676 media

259 3741 277 3786 11
300 3715 464 3801 ordinare,
486 3714 538 3782 vel
560 3716 696 3783 ulterius
718 3713 759 3782 ad
783 3715 1030 3806 inquisitionem
1053 3716 1224 3806 specialem
1247 3717 1403 3807 progredi

260 3824 438 3892 «valeant.
464 3847 481 3886 n
508 3823 615 3912 Atque
638 3821 726 3888 idem
751 3821 883 3889 adnotet
909 3823 1040 3890 Lessius
1069 3850 1076 3890 :
1105 3822 1231 3890 «Talis
1256 3823 1404 3913 inquisi-

261 3931 413 3998 aliaest
442 3928 621 3996 necessaria
649 3925 689 3994 ed
719 3926 925 4018 purgandam
948 3926 1196 4019 rempublicam,
1232 3949 1406 4018 moresque

261 4039 335 4105 ain
368 4035 503 4104 coetibus
530 4034 700 4102 hominum
726 4034 951 4103 reformandos
976 4059 993 4097 n
1022 4033 1073 4124 (dc
1096 4038 1175 4102 lure
1196 4045 1227 4101 et
1251 4034 1403 4116 lustitia,

258 4145 315 4213 lib.
335 4149 367 4231 2,
384 4165 455 4234 cap.
479 4145 533 4227 29,
552 4162 585 4207 n.
607 4141 693 4230 108).
715 4141 799 4209 Hinc
819 4142 954 4209 omuino
973 4141 1232 4209 concludendum
1254 4163 1328 4208 cum
1351 4142 1406 4207 ci-

258 4259 324 4322 tato
338 4249 547 4320 Reiffenstuel
557 4248 625 4339 (cit.
643 4247 723 4338 1111)
743 4274 750 4316 :
775 4249 978 4340 «Inquisitio
994 4249 1155 4338 generalis
1166 4251 1297 4342 proprie
1313 4249 1405 4344 talis,
