3050 4984
265 394 326 459 304
636 411 812 458 rnacrarns
834 412 873 458 nr
896 412 1030 458 marcus.

267 560 283 597 (ι
306 530 455 603 titutione
470 532 646 619 sancimus,
656 540 692 600 ut
703 532 806 624 judex
821 534 875 601 cui
892 534 999 601 taliter
1013 554 1144 601 causam
1157 529 1414 612 committimus,

267 668 284 707 «
308 641 486 708 necessario
502 640 647 707 libellum
664 663 729 708 non
744 640 873 730 exigat3
891 642 957 709 litis
971 642 1234 709 contestationem
1250 660 1319 707 nou
1332 660 1418 729 pos-

268 774 285 811 «
309 747 409 833 tulet;
428 748 461 813 iu
488 761 632 837 tempore
648 747 743 814 etiam
761 748 916 814 feriarum
944 747 998 837 (ob
1013 747 1216 815 necessitates
1232 745 1417 813 bominum

268 854 510 922 «indultarum
539 852 665 944 ajure)
692 854 865 945 procedere
893 854 1014 942 valeat3
1042 861 1186 945 amputet
1213 853 1417 921 dilationum

268 988 284 1025 «
309 960 492 1039 materiam;
507 959 610 1046 litem,
627 968 749 1049 quanto
765 961 894 1049 poterit,
910 959 1006 1027 faciat
1020 960 1222 1037 breviorem
1240 958 1418 1048 exceptio·

269 1094 285 1131 «
308 1089 377 1147 nes,
391 1066 619 1157 appellationes
643 1066 809 1134 dilatorias
825 1076 857 1133 et
872 1067 1093 1135 frustratorias
1108 1064 1314 1158 repelleud03
1333 1088 1420 1155 par-

268 1202 285 1238 «
309 1175 404 1259 tium,
432 1173 663 1241 advocatorum
678 1181 710 1239 et
736 1182 984 1263 procuratorum
1000 1174 1221 1243 contentiones
1240 1182 1272 1240 et
1283 1172 1416 1262 jurgia,

268 1306 286 1346 «
309 1281 503 1370 testiumque
520 1278 718 1370 superfluam
736 1279 979 1348 multitudinem
994 1280 1213 1349 relraenando.

313 1416 331 1452 «
346 1388 419 1455 Non
447 1387 493 1453 sic
514 1396 619 1454 tamen
633 1384 737 1475 judex
766 1386 858 1453 litem
883 1387 1063 1475 abbreviet,
1094 1388 1177 1478 quin
1204 1385 1419 1477 probationes

268 1521 285 1560 «
308 1494 496 1560 necessariae
512 1501 542 1559 et
558 1491 762 1561 defensiones
788 1493 946 1583 legitimae
971 1494 1197 1563 admittantur.
1215 1494 1417 1562 [litationem

254 1600 286 1666 'c
309 1622 398 1685 vero,
426 1622 462 1665 ac
489 1600 729 1689 praestationem
752 1598 930 1690 juramenti
957 1598 998 1667 de
1013 1601 1176 1669 calumnia
1200 1598 1253 1667 vel
1269 1598 1416 1685 malitia,

268 1732 286 1771 «
309 1706 377 1773 sive
390 1704 431 1772 de
448 1706 582 1773 veritate
597 1705 745 1793 dicenda,
765 1727 805 1772 ne
830 1706 949 1774 veritas
972 1707 1161 1793 occultetur,
1181 1728 1238 1797 per
1252 1706 1419 1773 commis-

268 1839 286 1880 «
310 1813 415 1879 sinnas
431 1812 617 1903 hujusmodi
627 1812 839 1902 intelligimus
853 1836 920 1881 uon
933 1813 1076 1881 excludi.
1088 1813 1215 1882 Verum
1227 1812 1307 1904 quia
1314 1813 1419 1903 juxta

269 1947 287 1986 «
309 1920 474 2011 petitionis
489 1920 628 1988 formam
645 1920 866 2010 pronuntiatio
882 1921 974 2011 sequi
993 1919 1101 2007 debet,
1124 1943 1183 2012 pro
1199 1928 1290 2011 parte
1306 1942 1417 2008 agen-

270 2054 287 2093 «
310 2028 363 2115 tis,
376 2036 408 2094 et
421 2026 517 2095 etiam
534 2028 594 2112 rei,
610 2026 731 2118 siquid
746 2038 854 2117 petere
870 2028 1022 2113 voluerit,
1036 2029 1128 2096 estin
1143 2028 1214 2119 ipso
1228 2026 1297 2094 litis
1312 2048 1419 2093 exor-

270 2136 364 2201 «dio
380 2134 490 2225 petitio
519 2133 679 2219 facienda,
708 2132 778 2201 sive
794 2132 933 2224 scriptis,
952 2135 1020 2202 sive
1047 2135 1171 2201 verbo:
1196 2134 1275 2201 actis
1302 2142 1418 2201 tamen

270 2267 289 2307 «
311 2242 465 2309 contiuuo
482 2242 531 2331 (ut
546 2263 644 2331 super
657 2240 777 2330 quibus
792 2240 967 2330 positiones
983 2250 1014 2308 et
1033 2239 1163 2307 articuli
1191 2239 1326 2307 formari
1354 2240 1419 2307 de-

271 2375 288 2415 «
312 2350 408 2417 beant
423 2348 526 2440 possit
542 2347 655 2415 baberi
671 2348 796 2437 plenior
809 2347 982 2434 certitudo,
999 2356 1031 2415 et
1046 2346 1102 2415 liat
1120 2346 1267 2415 definitio
1281 2347 1416 2437 clarior)

270 2481 288 2520 «
310 2455 493 2523 inserenda.
511 2455 550 2522 Et
564 2456 641 2546 quia
657 2455 832 2545 positiones
847 2455 888 2522 ad
905 2454 1084 2523 faciliorem
1109 2454 1350 2545 expeditionem
1368 2454 1420 2522 li—

272 2588 289 2628 «
313 2563 409 2646 tium,
427 2571 556 2652 propter
571 2561 713 2651 partium
728 2561 958 2647 coulessiones,
972 2572 1005 2629 et
1019 2561 1172 2630 articulos
1185 2564 1228 2630 ad
1242 2561 1418 2630 clariorem

272 2696 289 2736 «
312 2670 533 2761 probationem
544 2690 621 2735 usus
636 2666 808 2756 longaevus
819 2668 853 2733 iu
864 2668 971 2736 causis
984 2667 1131 2754 admisit,
1147 2668 1229 2754 Nos,
1244 2690 1339 2736 usum
1348 2669 1418 2735 bu-

271 2802 290 2842 «
310 2777 455 2867 ¹jusmodi
470 2776 634 2843 observari
650 2775 808 2861 volentes,
823 2774 996 2842 statuimus
1011 2785 1048 2843 ut
1059 2776 1162 2864 juder
1179 2776 1225 2843 sic
1238 2777 1418 2867 deputatus

273 2910 291 2950 α
313 2908 333 2951 a
355 2882 448 2952 nobis
466 2882 539 2969 (nisi
566 2881 655 2949 aliud
672 2883 711 2949 de
727 2882 870 2973 partium
896 2882 1061 2950 voluntate
1077 2883 1255 2974 procedat),
1272 2882 1314 2951 ad
1328 2884 1419 2950 dan-

273 3018 290 3057 «
314 2992 392 3059 dum
409 2988 507 3057 simul
523 2997 677 3079 utrosque
694 2990 869 3057 terminum
885 2988 962 3057 dare
978 2991 1101 3080 possit,
1126 3000 1158 3058 et
1182 2990 1223 3058 ad
1249 2990 1418 3057 exbiben-

273 3125 291 3164 «
314 3100 393 3167 dum
420 3097 528 3165 omnia
552 3105 621 3163 acta
638 3106 668 3164 et
685 3106 908 3182 monumenta,
925 3098 1046 3187 quibus
1061 3107 1167 3188 partes
1183 3097 1231 3165 uti
1247 3096 1363 3165 volunt
1380 3098 1416 3164 in

274 3230 290 3269 «
314 3228 422 3291 causa,
439 3214 512 3295 post
527 3203 689 3272 dationem
702 3203 914 3271 articulorum
927 3202 1013 3272 diem
1030 3216 1154 3273 certum
1172 3203 1416 3295 (quandocum-

274 3339 292 3377 «
315 3333 376 3403 que
404 3312 465 3378 sibi
490 3310 663 3401 videbitur)
682 3310 788 3377 valeat
798 3311 965 3399 assignare
981 3342 989 3378 :
1012 3335 1050 3379 eo
1066 3312 1157 3379 salvo
1171 3313 1271 3402 quod,
1288 3311 1343 3378 ubi
1357 3336 1415 3379 re-

274 3449 290 3485 «
315 3419 500 3487 missionem
515 3420 586 3486 lieri
602 3420 803 3508 contingeret
818 3442 877 3511 pro
893 3420 1027 3487 testibus
1042 3419 1271 3510 producendis,
1286 3420 1417 3509 possint

275 3558 293 3594 «
316 3529 412 3597 ctiam
426 3527 641 3593 iustrumenta
662 3525 810 3616 produci,
829 3526 1046 3614 assignatione
1064 3526 1253 3617 hujusmodi
1267 3548 1331 3593 nou
1346 3527 1415 3593 ob—

274 3664 291 3701 «
314 3643 429 3703 stante.
447 3633 663 3721 Interrogabit
678 3633 775 3699 etiem
791 3642 908 3721 partes,
940 3635 1008 3701 sive
1027 3633 1069 3701 ad
1083 3656 1196 3701 earum
1211 3634 1415 3720 instantiam,

275 3770 292 3807 «
315 3743 383 3809 sive
409 3762 449 3808 ex
478 3738 595 3825 officio,
620 3739 817 3829 ubicumque
847 3740 907 3807 hoc
934 3742 1070 3831 aequitas
1085 3739 1244 3807 suadebit.
1273 3738 1416 3806 Senten-

275 3877 292 3913 «
317 3850 393 3916 tiam
409 3868 488 3914 vero
514 3844 715 3913 definitivam
747 3846 866 3935 (citatis
880 3848 922 3914 ad
948 3847 995 3934 id,
1014 3847 1087 3915 licet
1112 3870 1178 3914 uon
1198 3848 1416 3936 peremptorie

275 3983 292 4019 «
314 3953 472 4047 partibus)
491 3952 680 4042 inscriptis,
698 3960 729 4019 et
755 3956 863 4043 (prout
879 3956 983 4043 magis
996 3955 1058 4022 sibi
1073 3954 1238 4045 placuerit)
1256 3960 1343 4018 stans
1359 3951 1416 4020 vel

275 4090 293 4125 «
315 4063 429 4129 sedens
455 4060 599 4151 proferat
627 4087 634 4126 ε
663 4060 759 4127 etiam
786 4060 824 4148 (si
851 4061 882 4127 ei
906 4061 1081 4153 videbitur)
1111 4059 1316 4129 conclusione
1344 4080 1415 4128 non

274 4194 292 4235 «
314 4170 407 4239 facta.
