3050 4984
592 542 667 590 l'm
687 541 831 590 SECUNDA.

654 827 757 918 err.

506 1003 681 1069 lnqulsitlonis
699 1003 786 1055 mixtu
805 1015 905 1054 norrun.

179 1200 255 1268 lem
271 1223 370 1292 suprn
385 1201 418 1294 (ξ
431 1203 463 1292 2)
479 1202 698 1295 expendimus
711 1203 940 1296 questionem,
956 1223 998 1272 uu
1014 1201 1136 1298 ubsque
1152 1205 1277 1298 proeviu

133 1306 277 1376 iulumin
290 1309 458 1402 inquisitio
484 1309 589 1378 mixte
608 1310 774 1378 instituis
795 1311 961 1402 superiore
983 1313 1099 1382 velent.
1124 1313 1278 1382 Diximus

132 1437 256 1506 nempe
270 1439 336 1484 nou
354 1439 448 1507 posse
469 1416 592 1510 ubsque
611 1416 815 1510 procedente
838 1417 940 1505 ferun,
961 1418 1159 1509 judicialiter
1182 1423 1278 1490 iusti-

131 1522 184 1590 tui
201 1521 446 1613 inquisitionem
463 1527 605 1596 mixtum
618 1523 717 1617 bujus
731 1524 849 1594 tormae
863 1547 906 1594 on
919 1525 1021 1596 Titius
1033 1527 1147 1620 aliqua
1158 1527 1278 1598 delicta

127 1630 336 1720 potrum
351 1631 434 1702 bene
457 1655 536 1702 vero
562 1632 657 1702 istius
670 1631 803 1718 formes,
830 1632 902 1725 quis
916 1633 982 1702 tole
997 1633 1150 1703 delictum
1173 1635 1279 1726 (verbi

131 1736 253 1824 gretie
269 1737 330 1805 lule
344 1737 576 1829 homicidium)
585 1739 787 1831 patraverit.
803 1739 913 1808 Potest
926 1745 1037 1810 sutem
1058 1739 1154 1832 juxte
1169 1751 1278 1833 posts-

131 1845 259 1912 riorem
281 1843 364 1914 bunc
386 1846 527 1914 formum
549 1845 674 1914 institui
697 1847 803 1915 mixte
824 1847 1008 1942 inquisitio,
1029 1850 1128 1916 etism
1148 1849 1176 1916 si
1192 1871 1279 1918 nou-

132 1951 219 2019 dum
235 1975 276 2021 ex
289 1953 438 2045 perfectis
453 1953 713 2044 probationibus,
730 1953 786 2023 sed
804 1977 844 2022 ex
866 1953 994 2024 indiciis
1009 1967 1141 2024 tontum
1157 1963 1281 2026 constet

130 2059 323 2152 decerpere
338 2061 459 2147 delicti,
483 2059 518 2129 id
538 2069 599 2150 est,
617 2063 679 2132 tnle
695 2062 849 2132 delictum
865 2083 979 2131 revere
992 2061 1037 2133 sb
1049 2061 1158 2156 aliquo
1179 2063 1278 2132 fuisse

130 2175 319 2257 petretum3
343 2179 380 2236 ut
402 2174 514 2237 teuent
533 2171 754 2240 communiter
777 2167 935 2238 doctores.
962 2167 1089 2251 Quibus
1112 2179 1279 2262 prenota-

131 2275 190 2361 tis,
206 2273 282 2342 duee
297 2283 468 2344 remcueut
483 2274 568 2344 circa
582 2275 829 2368 inquisitionem
847 2277 986 2346 mixtam
1002 2275 1212 2368 subjicieudae
1226 2300 1279 2347 re-

353 2501 378 2557 2.
397 2527 440 2541 -
460 2489 673 2582 Inquisitione
693 2489 813 2572 misto,
831 2492 978 2580 pancrati
990 2491 1076 2560 circo
1087 2514 1277 2582 personam,

127 2608 164 2663 et
177 2596 312 2686 speciali
322 2595 436 2687 quood
458 2594 625 2680 delictum,
642 2609 767 2665 certum
782 2608 828 2665 cst
842 2595 986 2666 subditos
1002 2596 1050 2667 od
1061 2599 1278 2690 manifestan-

126 2701 215 2770 dum
230 2704 393 2772 occultum
408 2702 518 2772 delicti
530 2716 699 2772 auctorem
712 2703 909 2793 repulerim
922 2727 987 2772 non
1000 2706 1113 2773 teneri.
1130 2744 1174 2758 -
1194 2705 1279 2774 «Est

131 2836 151 2874 ι(
176 2811 364 2879 communis
379 2812 539 2879 sententis
553 2810 739 2898 doctorum,
754 2819 786 2880 et
801 2810 967 2900 colligitur
980 2833 1022 2880 ex
1032 2813 1210 2880 canonibus
1222 2835 1279 2884 su-

129 2944 150 2982 «
175 2919 354 3010 predictis.
371 2919 467 2988 Retio
481 2925 530 2986 est
543 2918 622 3009 quin
635 2919 784 3009 superior
799 2939 865 2987 non
881 2925 985 3009 potest
1005 2917 1150 3008 obligare
1164 2921 1280 2989 subdi-

129 3051 150 3090 «
175 3035 227 3094 tos
240 3033 278 3094 ut
290 3027 434 3095 revelent
445 3026 587 3094 occultos
601 3033 795 3117 peccatores,
812 3023 868 3092 sed
881 3023 989 3093 solum
1005 3027 1129 3118 eosqui
1143 3027 1280 3098 infamia

127 3161 148 3197 α
175 3128 286 3224 alique
303 3131 463 3201 laborent.
480 3130 585 3200 blulto
599 3132 710 3200 minus
725 3130 871 3200 occultus
886 3139 1034 3222 peccator
1047 3141 1173 3202 tenetur
1189 3135 1279 3228 seip-

127 3267 149 3306 α
174 3261 251 3308 sum
274 3239 424 3332 prodere.
451 3237 540 3308 »Itu
561 3237 693 3307 Lessius
718 3236 771 3329 (de
789 3239 869 3306 lure
889 3249 920 3306 et
943 3241 1043 3321 Just„
1066 3238 1089 3308 l.
1114 3243 1147 3327 2,
1170 3264 1198 3310 c.
1222 3245 1278 3331 29,

121 3371 164 3414 n.
183 3345 284 3435 118);
300 3345 358 3438 qui
372 3344 494 3413 ibidem
502 3345 675 3437 respondet
689 3343 730 3412 ud
743 3343 924 3436 quemdam
940 3352 1067 3412 textum
1083 3347 1184 3414 sancti
1196 3347 1280 3416 Gre-

121 3451 229 3545 gorii,
242 3475 283 3520 ex
299 3473 365 3543 quo
379 3459 487 3544 posset
501 3449 639 3544 objectio
655 3449 797 3518 desumi.
815 3449 971 3518 Diximus
983 3458 1093 3519 eutem
1117 3453 1279 3544 sepulcri·

122 3574 202 3628 ter:
218 3579 298 3626 num
316 3585 333 3623 c
346 3558 374 3625 si
388 3557 513 3626 crimen
527 3555 635 3625 adbuc
648 3565 730 3625 esset
745 3555 1001 3648 perpetrandum
1016 3555 1068 3624 vel
1082 3559 1279 3628 continuen-

125 3693 149 3734 ι
175 3665 280 3752 dum;
303 3663 355 3733 vel
377 3665 404 3732 si
423 3687 464 3732 ex
483 3687 521 3732 eo
537 3685 639 3753 grave
654 3663 816 3732 domnum
839 3662 936 3730 elicui
958 3663 1174 3754 impenderet,
1190 3665 1278 3758 quod

125 3801 149 3841 u
176 3773 241 3841 elis
254 3773 379 3841 ratione
400 3793 467 3840 nou
488 3779 596 3863 posset
617 3771 791 3839 commode
805 3767 920 3855 everti,
938 3769 1157 3860 interrogetus
1171 3783 1278 3864 posset

123 3910 146 3949 ι
175 3889 208 3948 et
223 3880 322 3949 etium
337 3879 467 3948 deberet
475 3888 641 3947 auctorem
649 3877 840 3970 pstelucere,
853 3877 912 3945 etsi
923 3877 1059 3944 omniuo
1068 3878 1274 3948 occultum.»

120 3989 288 4084 (lessius,
305 3987 359 4055 cit.
375 3986 458 4072 loco,
476 4006 510 4053 n.
533 3984 623 4075 119.)

173 4095 307 4165 Rnuusn
327 4099 374 4162 2⁸.
398 4133 444 4146 -
464 4089 628 4161 Preedicto
650 4091 818 4184 inquisitio
839 4091 960 4173 mixta,
981 4093 1139 4184 qenerolis
1160 4093 1279 4165 scilicet

116 4205 220 4276 eis-ca
235 4222 425 4296 possem,
452 4199 597 4292 lepitime
610 4199 700 4267 mom
722 4199 830 4290 operit
853 4198 1060 4291 inquisitioni
1073 4200 1216 4292 speciali.
1232 4241 1277 4256 -

116 4309 271 4398 Quando
282 4308 433 4378 videlicet
447 4305 488 4374 nd
500 4308 583 4375 benc
595 4304 781 4397 generalem
794 4307 1023 4398 questionem,
1039 4308 1111 4398 pois
1121 4307 1210 4400 fecit,
1223 4310 1276 4382 in-
