3050 4984
558 512 632 559 raas
655 512 803 559 0000001.
1205 488 1243 554 57

106 644 157 701 tus
177 632 225 701 ud
238 632 414 726 (1100110100
434 634 671 717 ecclesiasticae,
693 658 752 703 nec
770 633 817 703 ud
837 654 945 701 sacrm
967 630 1095 699 ordines
1109 652 1248 722 pronio-

108 741 184 811 ueri.
199 778 245 793 -
258 740 391 811 Constat
404 764 444 809 ex
460 742 563 832 capite
577 742 789 833 Omnipotens
805 743 852 832 (t,
868 739 918 807 tit.
935 742 968 825 1,
983 738 1043 806 lib.
1060 741 1077 804 u
1092 736 1247 826 Decret.),

107 848 140 915 in
155 870 222 939 quo
236 848 283 915 sic
296 848 472 939 Gregorius
487 848 626 939 Magnus
644 876 651 917 ι
674 874 691 914 u
705 847 811 917 Valde
825 868 926 937 grave
941 853 989 915 est
1001 852 1039 914 ut
1050 845 1102 913 vir
1121 843 1162 913 de
1182 868 1248 936 quo

110 980 127 1019 a
151 962 239 1023 tanta
252 954 371 1025 attalia
383 956 577 1025 nuntiantur
595 956 680 1047 (cum
694 962 768 1024 aute
779 953 901 1047 requiri
917 961 949 1021 et
963 952 1080 1021 discuti
1097 951 1248 1042 debcant)

109 1088 125 1127 a
148 1062 182 1131 ht
193 1069 338 1131 uoretur.
357 1088 373 1127 a
391 1063 452 1132 Cui
468 1062 617 1132 decretali
630 1062 701 1131 hac
718 1062 849 1131 rubrica
866 1058 1072 1151 praefigitur:
1095 1057 1248 1141 «001110

110 1196 126 1235 a
148 1169 258 1260 aliquo
272 1168 407 1238 crimine
422 1178 591 1239 accusatur
604 1168 655 1239 vel
666 1169 889 1252 denuntiatur,
912 1166 1043 1235 interim
1062 1153 1248 1258 promoveri

111 1303 126 1340 u
148 1300 215 1345 non
226 1284 374 1365 potest.»
392 1275 482 1345 Idem
499 1284 655 1368 praeterea
669 1276 784 1347 merito
795 1274 999 1344 concluditur
1011 1295 1052 1341 cx
1068 1280 1155 1341 certa
1163 1272 1248 1365 juris

106 1382 186 1452 sacri
200 1383 410 1475 dispositione
426 1384 511 1452 circa
532 1392 707 1453 nccuscnos.
730 1382 774 1451 Hi
796 1404 925 1473 nempe,
941 1380 1142 1449 accusatione
1164 1402 1246 1471 pen-

106 1490 211 1578 dente,
229 1490 374 1559 ordiuari
388 1498 574 1584 nequeunt;
592 1500 628 1559 ut
642 1491 719 1559 satis
732 1489 848 1582 liquet,
864 1497 935 1558 tum
945 1510 988 1557 ex
1002 1486 1154 1558 decretali
1170 1488 1246 1557 Non

106 1596 207 1679 debet,
224 1597 443 1689 subsequenti
455 1596 567 1688 regula
581 1596 719 1684 citanda,
736 1606 807 1665 tum
829 1619 871 1665 ex
895 1594 1046 1665 decretali
1064 1593 1176 1663 Tantis
1198 1595 1244 1683 (3,

106 1703 245 1774 distinct.
274 1705 342 1796 81),
368 1706 500 1796 inqua,
527 1713 697 1797 postqum
724 1728 743 1773 a
768 1704 943 1775 Caelestino
970 1702 1116 1795 (epistola
1141 1706 1175 1789 1,
1203 1701 1247 1769 ad

106 1811 218 1880 Galliae
245 1812 434 1904 Episcopus,
462 1834 532 1903 cap.
561 1811 591 1903 3)
625 1820 793 1881 narratum
821 1812 884 1881 1011
911 1810 1075 1904 quemme
1098 1807 1243 1902 qui-iam,

106 1918 307 1987 accusatione
321 1928 433 1988 cenna
452 1941 528 1988 eum
547 1920 718 2011 pendente,
740 1918 909 1988 ordinatus
928 1918 1034 1986 fuerat
1052 1916 1157 2007 Epicu
1170 1937 1244 2006 pus,

106 2024 138 2119 iu
164 2024 370 2095 ordinantem
399 2034 430 2095 et
458 2026 645 2095 ordinatum
675 2026 904 2118 pronuntiatur
939 2024 1106 2116 depositio.
1142 2021 1246 2091 torro

104 2133 255 2224 quamvis
268 2134 313 2202 ibi
328 2141 445 2223 agatur
458 2132 629 2203 dumtaxat
647 2133 687 2202 de
708 2132 921 2215 accusatione,
947 2139 1043 2221 urget
1059 2130 1141 2199 ratio
1164 2126 1247 2219 legis

105 2248 140 2307 ut
154 2250 186 2307 et
199 2239 441 2309 denuntiationi
455 2240 633 2331 applicetur
651 2267 659 2308 :
677 2263 744 2309 uon
768 2241 877 2309 miuus
895 2239 985 2309 euim
1006 2260 1047 2307 ex
1069 2236 1246 2305 denuntia-

107 2348 190 2416 tione
205 2370 304 2439 quam
318 2370 358 2416 ex
373 2348 573 2417 accusatione
589 2348 711 2441 patitur
723 2348 784 2417 Rei
798 2348 896 2416 latua.
921 2346 1061 2416 vacillat
1077 2366 1193 2436 nempe
1213 2348 1246 2411 et

104 2454 252 2524 10110010
267 2463 315 2523 cst
326 2456 428 2547 ipsius
438 2454 632 2542 innocentia,
648 2455 750 2524 donec
761 2476 821 2547 per
831 2452 1021 2523 seutentiam
1032 2450 1246 2521 absolutionis

104 2562 136 2628 10
152 2569 220 2630 1010
232 2584 292 2631 sua
306 2562 488 2651 integritate
501 2563 701 2631 restituatur.
714 2562 789 2631 Nou
798 2562 949 2631 convenit
960 2570 1067 2629 autem
1080 2557 1121 2626 ad
1133 2559 1246 2648 digui-

105 2676 183 2737 tates
197 2668 248 2738 vel
263 2690 370 2737 sacros
383 2668 513 2737 ordines
529 2668 717 2761 promoveri
735 2692 824 2757 eum,
845 2669 902 2761 qui
923 2667 1034 2738 dubiae
1054 2664 1248 2756 integritatis

103 2785 161 2845 ast.
175 2776 357 2847 Concordat
371 2784 528 2869 praeterea
539 2776 593 2867 jus
606 2777 793 2847 Romanum
812 2806 819 2846 ι
840 2803 856 2841 u
878 2777 967 2846 Reus
988 2775 1125 2860 delatus,
1149 2772 1245 2840 etiam

107 2910 124 2949 a
145 2892 218 2953 ante
233 2884 425 2953 sentemiam
437 2884 576 2953 honores
590 2892 696 2977 petere
711 2883 945 2977 principalibus
959 2879 1246 2951 constitutionibus

108 3020 122 3057 a
146 2990 348 3083 prohibetur.
366 3017 383 3055 0
404 2992 501 3082 (Lege
513 2995 607 3073 Reus,
625 2991 900 3081 1110011000.
918 3004 949 3059 et
969 2988 1096 3077 bonor.)
1115 2988 1156 3056 Et
1170 2996 1246 3055 tan-

104 3098 175 3167 dem
189 3096 401 3167 confirmatur
415 3098 518 3190 posita
531 3098 644 3189 regula
664 3121 705 3167 ea
728 3098 876 3167 unanimi
900 3097 1067 3166 doctorum
1089 3093 1247 3163 sententia

103 3206 159 3297 qui
171 3229 243 3275 eam
258 3228 318 3297 pro
333 3206 510 3274 certissima
525 3206 661 3274 habeut.

146 3313 275 3383 [lacuna
288 3316 335 3380 2².
351 3350 395 3365 -
408 3312 609 3381 Extenditur
618 3312 790 3404 premasso
805 3314 931 3403 repeto,
949 3312 998 3380 ito
1015 3323 1053 3378 ut
1072 3331 1144 3378 reus
1159 3332 1244 3401 pen·

103 3419 196 3488 dente
210 3418 466 3503 denuntiatione,
481 3419 643 3511 nequead
661 3421 779 3513 officie,
803 3418 972 3512 nequead
992 3417 1144 3505 beneficio
1159 3438 1244 3507 pro·

105 3528 226 3595 neoucri
237 3528 346 3596 valeat
363 3528 466 3595 :item
480 3538 598 3595 utnon
610 3528 712 3619 possit
733 3550 798 3596 ease
812 3539 1012 3619 procurator
1025 3525 1171 3607 alteriue,
1188 3546 1244 3591 nec

14 3698 15 3713 ,
105 3648 283 3715 munster,
299 3656 356 3702 nec
367 3634 455 3702 testis
469 3635 505 3702 in
520 3656 618 3703 cansa
634 3636 812 3705 criminali.
827 3633 976 3718 -Quod
997 3656 1062 3702 000
1083 3632 1183 3725 possit
1203 3630 1244 3699 ad

14 3734 15 3819 i
105 3742 209 3810 officia
221 3748 254 3810 et
266 3740 423 3811 beneficia
436 3740 633 3833 promoveri,
649 3744 797 3834 sequitur
807 3750 916 3833 aperte
931 3763 973 3810 ex
984 3741 1079 3809 citata
1094 3737 1244 3809 decretali

108 3848 333 3940 Omnipotens;
348 3870 423 3917 cum
437 3846 483 3915 ibi
497 3847 623 3915 dicatur
636 3848 734 3917 talem
748 3847 978 3918 honorandum
992 3871 1059 3917 nun
1070 3870 1134 3915 csse
1149 3875 1162 3915 .·
1177 3845 1242 3915 bo-

14 4026 16 4049 ,
105 3964 273 4023 notaretur
290 3962 397 4023 autem
423 3956 450 4022 si
471 3954 513 4022 ad
535 3953 682 4023 officium
699 3954 751 4024 vel
767 3955 959 4024 beneficium
982 3962 1238 4047 promoveretur.

104 4064 210 4155 Atque
223 4062 256 4130 id
270 4062 404 4154 iusuper
427 4060 596 4132 confirmat
614 4062 783 4131 doctorum
800 4062 846 4130 ita
868 4062 1059 4132 decretalem
1080 4063 1243 4154 iuterpre-

14 4186 16 4263 ,
105 4170 242 4239 tautium
264 4170 447 4237 communis
466 4169 633 4237 sententia.
651 4168 745 4251 Quod
769 4192 836 4239 uon
858 4169 961 4261 possut
980 4192 1049 4238 csse
1063 4176 1241 4255 accusator,

106 4298 161 4345 nec
185 4276 285 4366 testis,
306 4275 478 4349 deducitur
498 4300 539 4346 cx
562 4275 713 4351 decretali
738 4276 889 4372 Gregorii
909 4276 957 4347 IX
976 4280 1052 4350 Non
1068 4274 1241 4371 (10000156,
