3050 4984
557 518 631 563 rans
653 518 800 565 secunus.
1181 500 1242 565 443

99 628 125 699 'u
148 635 254 703 monii
287 636 459 705 validitate
492 636 739 707 dubitabitur...
774 638 921 707 Verbum
950 638 1113 731 siquidem
1151 636 1245 709 dubi-

105 766 124 805 (ι
147 742 273 810 talitro
293 743 379 812 clarc
399 742 598 813 demonstrat
619 744 789 813 laudatum
810 744 999 814 Pontificem
1018 768 1085 815 non
1104 746 1245 815 voluisse

104 877 124 915 a
149 850 287 919 formum
299 848 412 941 judicii
428 872 494 919 asc
506 852 730 944 praescriptam
745 852 809 920 nisi
823 852 857 920 in
873 853 1000 921 casibus
1015 852 1124 921 dubiis
1135 853 1246 923 obscr-

106 983 125 1023 α
148 957 308 1043 vandam;
326 959 460 1027 minime
477 981 557 1027 raro
570 959 627 1027 ubi
646 960 777 1029 nullitas
792 960 926 1029 evidens
946 968 1027 1029 esset
1043 970 1138 1053 atque
1152 969 1247 1031 noto·

105 1092 124 1129 s
149 1066 209 1133 ria.
230 1064 325 1147 Quod
349 1066 562 1136 confirmatur
584 1090 627 1135 ex
649 1066 857 1158 dispositione
877 1090 1043 1137 sacrorum
1069 1090 1242 1156 canonum,

105 1198 126 1239 a
148 1171 268 1263 quibus
288 1172 511 1263 praescribitur
524 1174 775 1265 appellationem
797 1174 831 1242 in
855 1174 989 1243 notoriis
1010 1198 1074 1243 non
1098 1197 1166 1243 esse
1185 1174 1246 1243 ad-

105 1307 125 1345 u
150 1279 340 1349 mittendam
361 1280 446 1371 (post
460 1276 557 1373 caput
575 1284 659 1351 Cum
670 1281 714 1349 sit
731 1286 763 1367 ὅ,
779 1280 819 1350 de
836 1281 1136 1374 Appellationibus;
1150 1290 1246 1373 caput

104 1412 125 1450 u
149 1386 302 1455 Peruenit
319 1390 372 1473 ta,
387 1395 420 1454 et
432 1397 528 1477 caput
542 1389 715 1457 Consuluit
734 1392 789 1474 14,
808 1389 952 1479 ejusdem
970 1388 1067 1474 tituli,
1081 1388 1243 1475 Visstner,

106 1518 125 1556 a
149 1491 191 1560 ad
216 1492 368 1561 eumdem
387 1494 532 1579 titulum,
556 1517 589 1561 n.
617 1496 670 1584 ll)
689 1521 696 1561 :
712 1503 744 1561 et
766 1495 882 1563 merito
898 1522 905 1561 :
920 1516 995 1563 nam
1017 1495 1245 1586 appellationes

106 1625 125 1663 «
150 1599 340 1690 hujusmodi
363 1623 432 1669 csse
451 1623 517 1669 non
540 1609 675 1692 possunt
696 1602 758 1669 nisi
785 1600 933 1688 frivolee3
960 1602 1078 1694 quibus
1108 1602 1244 1692 proinde

106 1734 125 1771 r
146 1706 273 1797 justitia
293 1730 359 1776 non
382 1708 497 1795 defert,
514 1730 574 1777 uec
597 1717 646 1777 cst
662 1707 804 1799 ajndice
833 1707 1044 1777 deferendum
1071 1709 1124 1800 (ex
1143 1708 1246 1799 capite

106 1840 125 1878 u
152 1816 235 1884 Cum
261 1815 535 1907 appellationibus
562 1822 593 1901 ὅ,
622 1816 655 1884 in
687 1818 731 1905 6).
756 1816 869 1907 Neque
890 1816 978 1885 aliud
1003 1839 1044 1884 ex
1066 1817 1160 1908 praxi
1184 1816 1246 1885 Sa-

106 1948 126 1986 «
149 1944 213 1991 crae
229 1923 499 2012 Cougregationis
514 1924 622 2013 colligi
642 1922 783 2007 videtur,
806 1946 894 2007 cum,
915 1924 942 1990 si
958 1945 1070 1991 omues
1090 1924 1264 1992 evolvan-'

106 2054 125 2092 ι(
149 2036 204 2097 tur
223 2051 329 2097 cansa
355 2030 610 2099 matrimoniales
631 2032 665 2097 in
691 2030 803 2099 eadem
824 2038 1038 2121 pertractatae,
1064 2038 1120 2099 aut
1144 2052 1244 2120 grava

107 2162 125 2199 s
148 2144 205 2203 aut
218 2135 291 2204 leva
305 2136 442 2205 dubium
456 2137 497 2205 de
509 2136 687 2224 validitate,
709 2137 823 2205 saltem
846 2137 887 2206 ab
904 2137 1010 2221 initio,
1027 2159 1095 2227 prae
1110 2159 1144 2205 sc
1159 2137 1245 2206 ferre

107 2268 126 2306 s
148 2240 389 2331 dignoscantur.
408 2244 502 2313 Unde
517 2243 605 2312 haud
619 2245 781 2313 immerito
796 2243 904 2312 licebit
916 2244 1050 2329 inferre,
1058 2241 1193 2334 judicia,
1209 2244 1244 2311 in

107 2376 125 2413 s
149 2350 271 2442 quibus
303 2351 470 2421 evidenter
500 2361 585 2442 patet
620 2352 661 2419 de
689 2352 836 2421 nullitate
868 2350 1079 2436 matrimonii,
1119 2348 1243 2417 absolvi

107 2486 126 2523 r
150 2481 244 2551 posse
263 2459 370 2530 lorma
396 2461 501 2549 magis
525 2460 617 2529 brevi
639 2482 738 2551 quam
758 2481 809 2545 eu,
833 2480 907 2551 qum
929 2457 1061 2549 pratas
1083 2457 1244 2525 constitn-

107 2592 125 2630 α
149 2564 237 2633 tione
253 2566 480 2636 demandatur.
498 2593 515 2631 n

149 2673 190 2740 ll.
207 2674 362 2742 Rationes
376 2696 450 2765 pua
463 2673 602 2743 suadere
613 2673 779 2755 uidentur,
798 2672 899 2741 etiam
910 2673 1001 2741 canti
1013 2674 1149 2741 notoria
1162 2673 1244 2741 nerl-

103 2780 210 2848 litatis
229 2780 462 2872 applicandam
484 2803 549 2849 esse
568 2779 810 2849 amalaricum
834 2779 1107 2849 constitutionem.
1124 2816 1168 2831 -
1183 2778 1245 2847 Eos

101 2888 139 2953 in
156 2898 331 2955 memorata
345 2910 442 2956 causa
454 2888 630 2957 Sonoreasi
642 2887 817 2978 descriptas
831 2887 929 2955 habes
945 2886 1006 2953 hoc
1022 2884 1118 2954 modo
1132 2912 1139 2952 :
1156 2886 1243 2953 «Li-

108 3021 126 3059 u
149 3003 199 3061 cet
228 2994 383 3064 hactenus
402 2994 540 3064 deducta
563 2996 698 3063 minime
719 2994 902 3086 spernenda
922 2992 1109 3078 videantur,
1135 2994 1244 3061 verius

107 3128 124 3165 r
149 3110 256 3169 nmen
269 3102 467 3171 contrarium
481 3102 544 3170 dici
561 3110 674 3193 potest.
692 3100 982 3169 Praestantissimus
993 3100 1080 3167 enim
1094 3098 1243 3168 Pontifex

107 3234 125 3273 a
149 3208 342 3277 Benedictus
356 3208 435 3279 xlv
455 3209 564 3277 verbis
584 3209 687 3276 utitur
706 3207 924 3297 generalibus,
941 3206 981 3273 ad
997 3228 1109 3276 omnes
1131 3228 1245 3275 causas

107 3340 125 3377 α
151 3314 404 3383 matrimoniales
432 3314 685 3406 pertinentibus,
709 3315 755 3382 ita
779 3322 814 3381 ut
840 3314 968 3381 nullum
996 3313 1139 3404 posuerit
1161 3314 1245 3381 inter

107 3448 125 3487 s
148 3420 258 3491 dubia
274 3444 311 3487 ac
326 3422 485 3491 evidentis
505 3422 662 3490 nullitatis
678 3420 801 3513 judicia
822 3420 1010 3487 discrimen.
1033 3420 1187 3501 Quinimo
1203 3418 1244 3487 sd

107 3554 124 3592 a
149 3550 278 3596 omnem
295 3538 486 3620 praetextum
508 3537 540 3596 et
562 3528 799 3596 cavillationem
819 3527 1086 3619 propulsandam,
1103 3536 1242 3595 mentem

105 3662 123 3698 a
149 3658 242 3703 suam
257 3636 435 3703 clarissime
450 3635 610 3728 patefecit,
626 3634 778 3725 iuquiens
795 3664 801 3701 :
819 3634 969 3705 Nutantes
985 3646 1024 3703 ut
1039 3635 1107 3703 ullo
1118 3635 1154 3702 in
1167 3656 1243 3702 casu

106 3770 124 3808 a
150 3744 357 3811 matrimonii
365 3744 531 3813 anculrrm
543 3743 738 3812 dissolutum
749 3753 926 3823 cuneatur,
940 3742 1005 3810 nisi
1015 3742 1080 3811 duo
1085 3744 1108 3834 j
1111 3742 1244 3810 ardenta

106 3879 124 3916 a
149 3850 201 3918 ocl
212 3850 419 3920 resolutiones
432 3864 494 3919 aut
507 3850 672 3919 sententia
683 3850 819 3941 penitus
832 3849 952 3917 similes
964 3862 995 3917 et
1010 3851 1189 3940 conformes

107 3985 124 4022 u
150 3957 385 4026 emanaverint.
401 3958 465 4027 Ubi
480 3980 558 4046 ergo
572 3957 721 4025 Pontilex
737 3956 813 4024 alibi
834 3956 980 4024 meminit
996 3954 1035 4023 dc
1055 3964 1245 4025 controver-

106 4092 125 4131 α
149 4066 198 4131 sia
219 4065 253 4131 in
274 4088 342 4155 qua
364 4064 404 4131 de
425 4063 633 4132 matrimonii
656 4062 828 4131 validitate
851 4061 1067 4143 dubitabitur,
1092 4062 1178 4130 baud
1200 4062 1243 4131 ita

109 4203 126 4239 n
149 4175 295 4265 loquitur
309 4183 347 4244 ut
360 4198 453 4243 casus
472 4175 613 4265 excipiat
628 4174 794 4243 evidentes
798 4224 862 4241 .....
882 4174 968 4255 Quin
982 4174 1105 4265 aliquid
1121 4175 1243 4265 nogotii

107 4309 126 4349 n
151 4281 308 4355 facessant
323 4280 473 4375 superias
487 4280 574 4354 allati
590 4304 740 4375 canones,
755 4302 797 4355 ex
814 4282 934 4383 quibus
950 4280 1088 4357 infertur
1101 4282 1243 4378 appella·
