3050 4984
674 485 851 534 micturus
873 485 912 532 DE
935 484 1069 532 tvotctts

814 717 836 808 ς
858 715 914 785 ιιι.

287 875 385 944 'Formo
400 889 498 943 citandi
514 889 554 941 rei
577 887 681 953 mondo
704 885 856 953 proceditur
872 901 904 938 ex
921 899 995 938 mero
1012 885 1110 950 officio,
1127 899 1174 938 seu
1190 885 1374 954 inquisitionis
1389 899 1443 952 spe

547 968 621 1022 cisiis
636 969 689 1032 rie,
704 968 740 1020 ob
755 967 890 1034 pubiicum
906 967 939 1020 dc
953 967 1059 1020 delictis
1074 967 1181 1020 ismsm.

333 1169 348 1201 ι
375 1143 442 1212 Νοι
462 1142 503 1211 N.
526 1141 790 1206 reverendissimi
814 1140 970 1224 Episcopi
990 1140 1047 1219 Ν.,
1074 1139 1222 1205 Vicvrius
1246 1140 1445 1223 peneraii‘s:
1492 1150 1493 1242 ι

291 1271 365 1317 cum
384 1250 508 1334 pluries
528 1249 576 1314 ad
592 1266 690 1314 aures
713 1256 843 1312 nostras
863 1267 979 1314 tremor
997 1248 1184 1332 pervenerit
1204 1248 1243 1312 de
1264 1250 1445 1330 patratc'sa
1493 1296 1494 1360 p

290 1359 422 1424 domino
452 1357 586 1422 Andrea
618 1358 674 1436 Ν.,
703 1356 894 1440 presbytero
925 1356 1092 1422 rmnnvttts
1123 1355 1266 1435 delictis,
1295 1355 1446 1420 videlicet
1493 1361 1494 1364 ’

290 1474 322 1532 t⁰
336 1465 428 1550 quod
444 1513 493 1544 ...,
506 1468 540 1528 2⁰
553 1463 645 1547 quod
656 1511 703 1542 ...,
716 1471 774 1528 etc.
793 1482 804 1528 .·
822 1481 960 1548 cumque
973 1482 1013 1527 es
1028 1463 1157 1547 prevvio
1170 1464 1272 1528 curte
1287 1464 1445 1546 informa-
1494 1442 1495 1506 i

290 1576 376 1638 tione
394 1591 415 1636 a
433 1573 524 1637 nobis
538 1571 662 1650 habita,
681 1579 783 1656 prout
804 1573 839 1636 in
859 1572 951 1650 actis,
972 1571 1165 1654 sufficientia
1183 1573 1391 1648 emerserint,
1413 1581 1445 1634 vt
1495 1590 1496 1620 ι

283 1681 503 1766 pronuntiare
520 1679 719 1757 deberemus,
736 1685 837 1762 prout
858 1687 890 1744 et
906 1680 1209 1762 pronuntiavimus,
1236 1686 1391 1743 constare
1407 1679 1443 1742 de
1496 1736 1497 1744 ,

286 1793 382 1872 sama
404 1789 535 1873 publica
558 1794 671 1852 contra
685 1788 867 1870 prefatam
886 1787 1057 1852 Andriam
1079 1789 1133 1864 Ν.,
1158 1806 1297 1872 eamque
1313 1788 1444 1870 famam

289 1916 355 1962 non
376 1897 418 1962 ab
437 1897 577 1961 inimicis
596 1903 628 1958 et
644 1894 824 1974 malevolis,
840 1894 936 1960 seda
957 1895 1115 1978 providus
1133 1897 1286 1980 personis
1309 1903 1443 1960 ortam:

291 2005 410 2069 idcirco
423 2011 461 2069 nt
473 2004 553 2067 sotis
567 2002 672 2085 officio
686 2010 796 2068 nostro
807 2002 985 2084 sociamus,
1000 2001 1204 2068 decrevimus
1218 2003 1373 2068 eumdem
1394 2003 1444 2065 do

290 2114 419 2178 minum
442 2110 609 2175 tumeam
627 2112 668 2180 N.
691 2111 804 2192 citare,
818 2117 919 2195 prout
932 2110 1053 2176 horum
1066 2112 1149 2176 serie
1163 2111 1316 2190 citamen,
1340 2110 1391 2176 ad
1499 2176 1500 2186 ,

293 2223 335 2300 (et
346 2220 471 2305 reliquo
484 2223 522 2284 ut
536 2235 636 2302 supra
649 2219 668 2299 ξ
683 2218 726 2301 ι).
744 2243 759 2274 »

813 2424 834 2516 p
858 2423 916 2494 ιι.

292 2601 384 2652 Formo
397 2595 494 2649 citandi
506 2595 555 2658 roi,
567 2595 671 2661 quando
684 2595 837 2659 proceditur
848 2609 882 2645 ex
891 2609 962 2647 mero
975 2595 1072 2659 officio,
1085 2597 1118 2647 oh
1130 2596 1219 2661 meris
1228 2595 1321 2648 delicti
1337 2596 1444 2662 indicis,

384 2679 412 2730 in
428 2676 592 2743 inquisitione
613 2675 738 2741 generoii,
752 2676 795 2726 rel
811 2675 838 2726 in
854 2676 905 2728 vtio
928 2689 1063 2742 processu,
1077 2676 1235 2742 iudicialiter
1250 2675 1351 2730 habits.

337 2878 352 2915 u
376 2855 443 2920 Nos
462 2852 517 2929 Ν.,
539 2847 802 2914 reverendissimi
821 2847 979 2931 Episcopi
996 2849 1050 2926 Ν.,
1080 2848 1227 2914 Vicarius
1247 2851 1446 2932 pererratis:

294 2981 369 3029 cum
383 2963 418 3026 in
426 2975 578 3044 processu
642 2956 741 3036 (stibi
752 2954 942 3035 designetur
956 2955 1008 3019 iilo
1018 2957 1197 3038 processus)
1210 2957 1304 3038 apud
1316 2959 1446 3020 curiam

296 3067 508 3156 episcopatem
525 3063 683 3148 pendente
705 3061 767 3142 (vei
781 3080 886 3144 nuper
900 3061 1009 3126 habito
1015 3083 1026 3135 ,·
1045 3062 1096 3127 vel
1111 3063 1143 3126 in
1165 3061 1285 3126 ultima
1304 3064 1446 3147 inquisi-

297 3182 382 3244 tione
395 3173 542 3260 pcnerati
554 3191 576 3235 a
595 3169 864 3234 reverendissimo
878 3169 1039 3252 Episcopo
1058 3169 1099 3232 N.
1117 3169 1325 3252 judicialiter
1342 3171 1446 3252 sacta)

296 3285 485 3353 emerserint
500 3278 706 3364 probationes
720 3277 782 3356 (vei
796 3279 915 3360 prauis
935 3276 1068 3360 indicia)
1084 3277 1123 3341 de
1136 3277 1301 3342 nonnuliis
1323 3279 1447 3344 deiictis

297 3416 319 3460 a
337 3394 469 3458 domino
488 3387 622 3452 Andrea
642 3385 683 3450 N.
703 3385 893 3468 presbytero
910 3385 1067 3468 patratis,
1085 3393 1190 3468 prout
1207 3385 1241 3448 in
1262 3388 1345 3450 actis
1370 3388 1450 3452 dicti

295 3517 464 3587 processus
482 3496 545 3578 (vel
560 3495 652 3559 dictu
670 3492 831 3576 petieratis
847 3492 1090 3576 inquisitionis);
1112 3511 1227 3574 nempe
1242 3499 1273 3557 t⁰
1291 3496 1386 3576 quod
1401 3545 1446 3574 ...,

297 3621 331 3680 ιι
350 3607 449 3693 quod,
472 3612 530 3669 etc.
552 3621 564 3668 .·
585 3601 705 3666 idcirco
725 3610 762 3664 ut
785 3602 916 3665 muneri
936 3608 1045 3664 nostro
1070 3602 1333 3683 satisfaciamus,
1356 3613 1388 3668 et
1410 3623 1447 3668 nc

299 3721 417 3789 delicta
434 3712 598 3796 impunita
615 3719 824 3786 remaneant,
846 3709 948 3772 citare
968 3707 1170 3772 decrevimus
1188 3710 1371 3791 prnsotrtm
1395 3712 1446 3776 do

298 3832 427 3898 minum
442 3820 611 3890 Andream
625 3818 681 3895 N.,
693 3825 794 3900 prout
808 3815 928 3880 tearum
941 3816 1022 3879 serie
1031 3817 1186 3894 citamus,
1201 3817 1249 3880 od
1259 3836 1446 3904 comparere

298 3941 380 4004 dum
402 3948 514 3998 coram
535 3925 635 3993 Nobis
659 3926 694 3989 in
719 3925 805 3989 atrio
829 3923 995 4007 Episcopi,
1023 3923 1144 4005 inquo
1169 3924 1328 3988 ventilari
1346 3927 1446 3992 soient

299 4063 406 4114 causae
428 4034 658 4112 ecclesiastica,
683 4041 722 4098 ut
746 4033 794 4097 toi
818 4031 865 4096 ad
882 4032 1072 4115 prescripta
1090 4049 1261 4096 sacrorum
1282 4051 1444 4100 cottonius

300 4159 339 4222 de
359 4145 548 4218 memoratis
567 4142 690 4207 delictis
711 4141 918 4204 esaminetur
932 4158 944 4204 .·
959 4157 1021 4221 pro
1037 4157 1102 4222 qvo
1121 4140 1153 4203 ei
1172 4141 1353 4206 statuimus
1369 4162 1442 4226 spa-

301 4266 384 4333 tium
398 4257 534 4341 tripinta
552 4249 748 4330 dictumvi
763 4262 797 4312 .;.
812 4248 857 4332 (et
870 4246 994 4331 reliqua
1008 4250 1046 4313 ut
1060 4263 1157 4330 supra
1172 4248 1190 4328 ᾗ
1208 4247 1249 4330 t).
1268 4273 1283 4306 ι
