3050 4984
314 461 375 526 528
688 479 867 528 macareus
889 481 929 526 nn
950 479 1085 532 summe.

312 601 442 664 dissime·
452 601 610 685 Episcopi
629 603 672 672 N.
695 603 842 669 Viearira
862 602 1034 684 peractis,
1049 601 1220 684 recepisset
1240 601 1446 666 armoracia

310 708 364 784 Ν.,
382 708 417 771 in
430 707 559 772 dioecesi
575 709 629 787 Ν.,
658 711 785 775 Vicario
806 709 953 792 pmerati
970 717 1002 772 et
1019 709 1189 773 ordinario
1207 707 1334 790 judice,
1357 727 1447 791 quas-

310 815 390 878 dam
409 813 531 878 litteras
553 816 797 896 remissoriaies,
818 835 891 899 qua
912 815 1072 899 incipiunt
1142 823 1174 880 et
1190 815 1343 880 desineant
1359 863 1405 893 ...‚
1424 825 1448 878 et

310 930 388 986 suat
405 924 524 986 tenoris
543 924 715 1005 sequentia,
735 924 885 987 videlicet
899 923 953 1002 (ihi
972 923 1085 988 litterae
1099 922 1336 1004 describantur)
1355 923 1447 990 :Ideo

308 1030 469 1112 prefatus
482 1029 678 1094 reverendus
698 1031 753 1108 Ν.,
780 1031 927 1095 Vicarius
947 1030 1119 1115 pecualis,
1139 1029 1282 1094 decrevit
1297 1041 1399 1114 prout
1415 1031 1448 1093 cte

305 1127 384 1210 jure
398 1146 452 1191 aas
468 1128 651 1191 executioni
665 1128 874 1192 demandare.
893 1128 1099 1212 Quapropter
1115 1147 1168 1192 me
1187 1127 1334 1192 adhibito
1350 1130 1446 1210 infra-

310 1236 442 1318 scripto,
466 1235 566 1299 curia
588 1235 778 1318 episcopatis
800 1237 969 1314 actuaria,
991 1237 1105 1299 statuit
1129 1235 1178 1300 ad
1193 1236 1341 1317 [onnam
1367 1237 1447 1319 juris

312 1359 449 1405 eramen
472 1342 511 1405 de
532 1359 595 1424 quo
617 1342 684 1423 fuit
702 1351 837 1425 ropatus
856 1343 1034 1406 instituere.
1052 1342 1135 1407 Actu
1154 1351 1232 1406 suat
1252 1342 1321 1408 aee
1346 1343 1399 1407 die

242 1456 247 1466 “
311 1451 431 1513 mensis
514 1467 636 1512 anuo...
661 1449 788 1532 -an
808 1449 864 1528 Ν.,
886 1450 1034 1516 Vioarius
1055 1449 1227 1532 pancratis.
1243 1487 1281 1498 -
1305 1451 1381 1534 Epa
1399 1451 1446 1526 Ν.,

312 1556 490 1619 actuarius.

353 1687 369 1719 a
388 1661 626 1744 consequenter
639 1671 772 1725 vocante
788 1664 857 1744 fuit
868 1663 1019 1727 damiata
1036 1664 1068 1726 N
1070 1685 1092 1738 .;
1112 1672 1144 1728 et
1160 1666 1381 1748 interropatus
1399 1683 1445 1728 su·

308 1788 369 1852 per
387 1771 496 1850 primo
517 1768 666 1846 articulo,
688 1770 889 1850 respondit...
913 1771 1023 1854 Super
1043 1771 1194 1846 seeundo,
1210 1772 1446 1854 respoudit...»

310 1876 426 1945 Postea
448 1877 581 1968 ponitur
599 1876 745 1944 clausule
763 1877 880 1967 quibua
899 1878 1032 1965 trahitis,
1050 1887 1125 1965 etc,
1141 1901 1207 1970 qua
1223 1879 1306 1947 solet
1326 1901 1448 1970 semper

310 1983 459 2052 concludi
472 2006 609 2052 examen
625 1984 769 2068 testium,
789 1993 934 2076 atquem
954 1983 1053 2052 habes
1067 1984 1163 2054 inira.
1179 1985 1330 2054 Examen
1345 1995 1448 2054 eutem

311 2090 486 2180 sigillatum
500 2089 738 2158 transmittatur
752 2088 793 2158 ad
806 2090 951 2180 judicem
967 2091 1024 2181 qui
1037 2091 1269 2160 mmiaecrialea
1282 2091 1387 2160 dedit.

756 2453 901 2523 CAPUT
923 2453 999 2523 XV.

308 2674 411 2721 roaur
441 2674 481 2719 nn
509 2673 675 2720 ammom
703 2673 923 2720 nmosrrrounu
946 2675 1048 2720 rusus
1074 2655 1235 2738 naemu,
1267 2674 1301 2719 m
1331 2673 1450 2720 nrucca

352 2791 457 2836 rrum
481 2791 680 2855 enarrarre,
701 2791 785 2844 curu
802 2791 900 2836 runnx
921 2791 1121 2838 comaruuuu
1144 2789 1207 2836 aar
1223 2790 1399 2837 rursum
1417 2792 1450 2836 m

353 2907 467 2954 cuman
489 2907 613 2954 vomer.

351 3137 404 3204 Ad
429 3137 517 3205 hunc
538 3134 687 3203 effectum
712 3134 832 3203 dantur
853 3135 985 3222 littere,
1012 3156 1088 3225 qum
1110 3133 1392 3202 commusioualee
1406 3133 1451 3201 dt-

306 3253 438 3330 cnntur,
459 3244 579 3335 quibus
595 3265 712 3336 nempe
728 3242 826 3311 alicui
848 3241 1064 3310 committitur
1083 3251 1120 3309 ut
1135 3249 1250 3310 testem
1272 3241 1308 3308 in
1331 3241 1451 3311 lucain

308 3371 375 3442 quo
401 3350 614 3438 regitanae,
641 3350 693 3417 vel
716 3349 757 3418 ad
779 3371 813 3418 se
835 3358 938 3435 vocet,
959 3357 1055 3440 atque
1075 3369 1151 3417 eum
1165 3348 1345 3416 examinet.
1378 3349 1450 3431 Qun

305 3455 437 3544 litterae,
457 3457 561 3550 siper
578 3478 632 3526 eae
652 3456 751 3525 simul
770 3455 844 3548 quis
863 3455 898 3524 in
912 3456 1074 3524 notarium
1099 3452 1266 3544 publicum
1293 3455 1451 3523 creandus

307 3563 360 3651 ait,
386 3564 428 3630 ab
448 3564 607 3656 Episcopo
628 3562 700 3631 dari
717 3561 848 3650 debent,
864 3585 939 3630 curn
958 3560 1137 3630 notariusa
1154 3559 1289 3630 Vicetia
1309 3560 1451 3652 generrffi

307 3670 411 3739 creari
430 3657 580 3762 nequeat.
597 3669 659 3737 Hic
681 3668 884 3760 subjicienda
904 3668 1047 3737 formula
1068 3665 1228 3759 ejusmodi
1246 3669 1450 3737 commissio-

270 3761 277 3770 ’
306 3776 432 3845 nulium
451 3778 647 3862 litterarum,
670 3785 701 3844 et
722 3777 863 3844 formae
884 3775 1105 3845 commissario
1129 3773 1165 3842 in
1187 3774 1228 3842 iis
1252 3774 1451 3869 exequendis

308 3884 457 3952 tenenda.
