3050 4984
299 474 361 538 500
685 488 861 538 micturus
882 486 921 536 nn
943 487 1076 538 tuoruum.

298 612 394 696 Quod
409 611 439 679 si
454 618 546 680 extra
560 610 727 682 dioecesim
752 613 869 681 existat
896 611 1115 700 denuntiator,
1132 608 1218 680 idem
1238 609 1442 680 obtinebitur

299 741 358 809 per
371 719 602 788 remissoridcc
614 719 741 788 litteras
754 718 797 789 ad
810 717 955 810 judicem
970 718 1043 788 loci.
1061 719 1127 788 Pro
1142 717 1318 787 bisantem
1334 717 1443 786 tribus

300 825 425 894 ultimis
437 825 568 895 casibus
583 825 723 895 lormsm
740 825 860 916 agendi
881 834 913 895 ct
936 825 1099 896 scribendi
1122 823 1222 894 habes
1241 825 1277 893 in
1291 823 1446 916 Quanti

300 932 414 1023 capite,
430 932 520 1024 ἓξί,
539 937 557 1000 5
571 943 603 1001 et
620 936 653 1008 t.

763 1155 908 1227 CAPUT
931 1156 974 1225 V.

627 1349 771 1396 romu
793 1351 909 1398 LIBELLI
931 1350 1123 1399 xxcxrnonu.
1510 1393 1511 1434 p

1510 1441 1511 1486 t

346 1569 580 1640 Praenotundu.
603 1607 650 1622 -
674 1573 706 1636 1·
729 1569 889 1660 Excipere
904 1570 979 1662 quis
999 1569 1118 1639 dicitur
1136 1569 1267 1662 quando
1291 1592 1312 1638 o
1333 1570 1449 1661 judice
1510 1573 1511 1642 t

302 1677 442 1768 postulet
457 1683 506 1761 ut,
520 1683 653 1768 propter
674 1675 815 1745 rationes
840 1697 921 1766 quos
943 1675 1074 1764 allegat,
1099 1675 1217 1767 aliquis
1239 1685 1451 1744 remorentur

302 1784 344 1851 ab
357 1782 551 1869 accusando,
575 1783 664 1850 vela
688 1780 911 1860 testificando;
939 1783 991 1850 vel
1006 1783 1103 1851 etiam
1126 1791 1164 1852 ut
1186 1779 1227 1850 ud
1253 1783 1450 1873 dignitates,
1510 1797 1511 1876 p

303 1889 420 1974 officio,
435 1899 492 1957 snt
506 1909 644 1958 munera
658 1909 724 1956 non
739 1895 980 1979 promoveatur.
998 1927 1042 1942 -
1056 1893 1089 1958 2⁰
1106 1889 1258 1980 Exceptio
1273 1897 1387 1958 eutem
1403 1899 1452 1956 ost

304 1995 357 2064 vel
382 1994 562 2064 criminalis
583 1994 636 2064 vel
661 1995 768 2063 civilis
798 2021 806 2062 ε
834 1995 1013 2065 criminalis
1036 2005 1096 2087 est,
1109 1995 1249 2087 ,quando
1270 1997 1452 2090 opponitur
1510 2007 1511 2096 p

303 2100 435 2194 aliquod
461 2101 617 2172 delictum
647 2127 656 2168 t
685 2102 792 2171 civilis
821 2125 898 2170 vcro
927 2101 1058 2194 quondo
1086 2103 1120 2171 id
1153 2104 1240 2195 quod
1269 2105 1452 2196 opponitur
1510 2109 1511 2184 i

304 2208 461 2278 delictum
475 2220 622 2287 nonest;
641 2207 732 2276 verbi
757 2209 874 2297 gratio,
892 2207 1024 2299 quando
1051 2209 1213 2300 excipitur
1238 2217 1351 2277 contra
1384 2219 1452 2277 tes-

302 2325 384 2402 tem,
414 2337 456 2384 ex
485 2337 524 2383 oo
549 2312 637 2405 quod
663 2318 705 2382 sit
734 2322 892 2404 cognatus
923 2314 975 2384 vel
1002 2316 1127 2384 amicus
1155 2315 1369 2400 aocusatoris;
1399 2315 1453 2384 vel

304 2423 436 2515 quando
460 2422 558 2490 alicui
579 2421 800 2512 promovendo
828 2423 868 2490 ad
894 2421 1039 2514 aliquam
1062 2422 1257 2512 dignitatem
1281 2423 1453 2491 eeclesias·

305 2534 401 2600 ticum
428 2531 615 2622 opponitur,
633 2551 709 2598 eum
735 2552 803 2597 non
828 2529 948 2599 habere
974 2540 1101 2602 comum
1122 2530 1229 2622 ajuro
1243 2533 1451 2623 requisitam.
1510 2525 1511 2614 f

304 2637 365 2706 Hic
390 2637 431 2705 dc
454 2636 615 2704 criminali
638 2634 812 2705 dumtaxat
836 2637 1025 2728 exceptione
1040 2639 1161 2727 agitur.
1186 2676 1231 2690 -
1259 2641 1292 2704 3⁰
1319 2637 1455 2729 Excep-

304 2746 363 2829 tio,
381 2744 453 2812 lieet
475 2742 667 2825 criminalis,
685 2744 823 2834 proponi
847 2754 950 2835 potest
973 2743 1023 2812 vel
1043 2743 1271 2830 criminaliter,
1298 2745 1352 2812 vel
1368 2744 1456 2812 civi-
1510 2779 1511 2806 r

305 2852 379 2919 liter
404 2859 530 2918 tantum
556 2876 564 2917 ε
591 2849 804 2918 criminaliter
832 2852 1036 2941 proponitur,
1065 2852 1196 2942 quando
1221 2873 1287 2919 non
1320 2863 1454 2920 tantum

308 2957 489 3048 postulatur
517 2955 669 3046 impediri
679 2955 836 3046 aliquem,
866 2956 908 3024 oh
937 2957 1052 3026 delicta
1078 2958 1216 3050 abipso
1244 2965 1388 3048 patrata,
1414 2981 1456 3026 ne
1510 2969 1511 3052 Q

307 3066 349 3132 sit
362 3073 539 3150 accusator,
563 3061 616 3130 vel
629 3062 746 3153 judex,
764 3063 814 3132 vel
841 3065 941 3146 testis,
969 3065 1022 3132 vel
1048 3074 1249 3156 procurator,
1278 3066 1331 3133 vel
1354 3089 1400 3134 ne
1414 3067 1459 3133 ad
1510 3069 1511 3124 l

307 3170 450 3262 aliquam
465 3169 659 3256 dignitatem
684 3179 934 3261 promoveatur3
953 3172 1009 3240 sed
1032 3173 1167 3262 insuper
1181 3172 1301 3263 petitur
1318 3181 1355 3240 ut
1372 3195 1459 3240 cou-
1510 3193 1511 3262 p

308 3277 410 3366 digna
424 3297 521 3367 poeno
537 3276 703 3366 plectatur.
719 3277 917 3368 Proponitur
932 3288 1040 3346 autem
1065 3279 1214 3364 civiliter,
1237 3278 1375 3369 quando
1392 3301 1460 3346 non
1510 3287 1511 3342 t

308 3383 486 3451 intenditur
514 3392 550 3450 ut
566 3383 733 3474 puniatur,
749 3383 806 3451 scd
833 3383 1005 3453 dumtaxat
1034 3395 1069 3452 ut
1098 3408 1117 3451 a
1146 3383 1314 3476 prodicus
1343 3406 1460 3454 remo-

311 3501 435 3559 ventur.
462 3527 506 3540 —
531 3493 565 3555 l⁰
595 3489 750 3581 Exceptio
771 3513 847 3581 qum
871 3489 909 3558 fit
932 3514 951 3558 a
976 3513 1044 3578 reo,
1061 3490 1274 3582 proponenda
1291 3492 1462 3582 estjudici

309 3597 397 3689 apud
412 3617 509 3686 quem
537 3616 610 3662 reus
637 3595 699 3662 tuit
725 3605 916 3683 conventus,
933 3596 1080 3688 exceptio
1107 3607 1217 3666 autem
1248 3619 1324 3690 quae
1351 3597 1394 3666 fit
1418 3599 1461 3666 ad

308 3702 552 3796 impediendum
584 3724 623 3776 ne
648 3703 723 3794 quis
749 3705 792 3772 ad
821 3703 1014 3793 dignitatem
1041 3705 1314 3798 ecclesiasticam,⁸
1331 3705 1461 3776 Maeli·
1510 3723 1511 3802 t

310 3813 453 3896 eiumve,
469 3819 526 3877 aut
551 3809 693 3878 officium
707 3811 847 3901 eligatur
862 3821 894 3880 et
907 3822 1153 3904 promoveatur,
1171 3814 1387 3905 proponenda
1412 3823 1461 3883 est
1510 3815 1511 3906 l

311 3919 360 3987 illi
373 3914 544 4008 superiori,
562 3915 602 3982 ad
617 3937 717 4006 quem
731 3918 871 4008 pertinet
883 3918 1016 4008 eligere,
1034 3919 1086 3988 vol
1107 3919 1245 3988 electum
1260 3921 1460 3990 confirmare
1510 3909 1511 3994 l

311 4037 343 4096 et
366 4024 534 4092 instituere
566 4049 573 4088 :
604 4023 691 4110 hinc,
710 4026 802 4092 verbi
825 4029 941 4115 gratia,
959 4028 986 4093 si
1002 4027 1076 4118 quis
1092 4027 1127 4094 in
1149 4027 1254 4096 Gallia
1271 4028 1349 4097 velit
1364 4030 1461 4097 exci-

313 4155 388 4224 pere
411 4138 523 4198 contra
547 4151 635 4215 eum,
663 4152 762 4220 quem
787 4133 954 4201 secularis
976 4141 1114 4224 potestas
1128 4133 1168 4200 ad
1185 4132 1294 4202 sedem
1312 4135 1459 4227 aliquam

314 4236 524 4338 episcopalem
541 4239 764 4329 presentavit,
791 4237 885 4308 debet
912 4241 1135 4332 exceptionem
1163 4241 1305 4332 dirigere
1334 4245 1388 4310 vel
1415 4243 1459 4313 ad
