3050 4984
288 441 350 508 bii
805 457 910 508 tubex.

350 584 419 632 muta
434 579 593 634 conscientie
605 579 788 645 interdicendi,
799 579 967 646 inteiiiqends
978 579 1055 632 ctiam
1069 583 1108 631 est
1126 579 1161 632 de
1173 579 1263 632 ordine
1274 593 1351 646 supe

347 661 411 711 riori
430 662 537 714 relative
557 663 590 714 sd
609 677 679 725 enm,
694 662 739 726 qni
759 660 879 711 ordinem
900 659 1052 710 interiorem
1067 660 1123 724 jam
1143 661 1261 725 recepit,
1277 659 1352 710 verbi

349 741 441 804 gratia,
455 741 488 792 de
502 741 640 794 diaconatu
653 745 680 792 et
690 739 872 806 presbyteratu
882 739 990 791 relative
1003 739 1037 791 ad
1048 739 1237 792 subdiaconum
1261 778 1267 790 .
1303 777 1310 790 .
1343 776 1350 789 .
1382 741 1419 787 sis

317 821 460 885 Proposilio
473 822 539 872 Vite.
556 823 584 872 in
598 821 712 872 terendis
723 820 858 871 sententiis
869 835 900 870 ex
917 820 1056 871 informata
1067 821 1236 883 conscientie,
1249 819 1352 871 licitum

349 905 387 951 est
400 901 529 966 Episcopo
541 901 661 953 omittere
680 902 757 953 etiam
771 900 939 952 icrmuiitates
955 901 983 952 in
997 901 1137 952 summario
1148 901 1247 966 judicio
1260 915 1351 952 neces·

347 980 425 1031 surius
428 1015 1350 1033 .......................
1382 982 1419 1027 ass
1504 1046 1506 1071 Ι

318 1062 461 1126 Propositic
476 1063 553 1116 Vilia.
567 1063 597 1114 in
615 1061 749 1114 sententiis
764 1075 797 1112 ex
815 1061 952 1113 informate
970 1062 1130 1113 conscientia
1148 1066 1233 1127 potest
1243 1061 1351 1126 Episco-

348 1157 406 1207 pus,
418 1141 440 1192 si
451 1143 521 1207 velit,
533 1141 701 1194 tormciitates
713 1143 838 1194 ordinarii
849 1142 890 1192 vel
903 1142 1036 1193 summarii
1048 1142 1140 1206 judicii
1153 1157 1186 1194 ex
1196 1146 1251 1193 toto
1265 1142 1308 1192 vei
1320 1155 1352 1191 er

348 1225 422 1286 purte
433 1222 567 1286 adhihere,
579 1222 657 1275 modo
670 1223 699 1274 in
716 1223 823 1274 terenda
835 1224 963 1274 sentemia
977 1225 1106 1288 exprimat
1123 1237 1152 1276 sc
1171 1235 1248 1287 agere
1261 1222 1352 1287 vigore

349 1303 465 1368 cupitiai
481 1303 603 1356 sessionis
622 1308 652 1355 it
664 1304 808 1356 Tridentini
818 1303 925 1355 concilii
926 1339 1352 1355 ...........
1385 1306 1422 1349 ³32

287 1383 358 1435 CAP.
371 1385 416 1440 iV,
429 1385 573 1450 Potestutis,
587 1397 664 1450 wem
675 1385 773 1436 hebent
785 1384 910 1450 Episcopi
921 1399 955 1435 ex
968 1383 1106 1437 informate
1119 1383 1280 1436 conscientie
1291 1395 1354 1448 pro-

350 1462 468 1527 cedendi,
481 1465 576 1516 limites
590 1465 772 1530 expenduntur
805 1500 1352 1516 ..............
1385 1469 1422 1513 itt

318 1545 454 1596 himilutio
468 1549 503 1594 tt.
516 1544 590 1596 Dicte
601 1549 714 1610 potestas
727 1549 782 1597 tote
793 1545 959 1598 conciuditur
968 1547 997 1597 in
1009 1544 1050 1596 his
1063 1546 1182 1597 duobus:
1196 1545 1354 1597 interdicere

349 1639 486 1677 ascensum
497 1625 530 1676 ud
541 1639 629 1678 secros
643 1626 763 1690 ordines3
778 1630 804 1677 et
813 1628 973 1692 suspendere
985 1627 1019 1678 eh
1033 1627 1125 1678 isdem
1138 1627 1282 1689 ordinibus,
1291 1639 1356 1677 nec·

348 1717 403 1756 non
416 1705 618 1770 udignitatihus,
631 1705 754 1772 gradihus
768 1709 796 1757 et
806 1707 952 1758 honoribus
965 1706 1147 1758 ecciesiasticis
1179 1742 1352 1758 .....
1385 1707 1421 1751 tte

318 1786 450 1836 Limitutic
463 1790 499 1835 te.
512 1786 635 1851 Episcopi
655 1786 808 1852 predictum
824 1790 982 1852 potestatem
1001 1800 1055 1838 non
1074 1787 1182 1852 habent,
1195 1786 1246 1838 nisi
1260 1799 1355 1852 proce-

348 1865 411 1916 dunt
421 1865 447 1916 in
462 1865 572 1916 clericos
586 1871 707 1932 tauquam
719 1867 896 1933 delinquentes
928 1904 1354 1920 ...........
1385 1867 1422 1913 sti

319 1947 454 1996 Limilutic
465 1950 501 1996 δῦ.
512 1946 591 1997 Exire
608 1961 697 1996 casum
718 1947 816 1998 occulti
833 1946 961 2011 criminis,
972 1947 1075 1999 videtur
1092 1947 1249 2013 Episcopum
1267 1961 1301 1997 ex
1315 1947 1355 1997 in-

348 2025 457 2077 tormata
468 2026 628 2078 conscientia
639 2027 729 2078 illicite
741 2027 895 2093 procedere,
904 2027 1009 2093 quendo
1022 2027 1154 2079 sufficiens
1165 2028 1290 2080 motivum
1299 2040 1356 2078 nou

349 2105 428 2156 habet
440 2121 456 2156 e
466 2106 549 2157 torma
567 2107 696 2158 ordinarie
709 2107 854 2159 recedendi
887 2141 1355 2159 ............
1385 2110 1423 2155 sti

319 2187 501 2238 similaceus.
513 2189 571 2238 Non
582 2187 712 2240 sufficiunt
724 2189 891 2253 probationes
903 2203 960 2254 quie
972 2188 1020 2239 soli
1034 2189 1162 2255 Episcopo
1180 2189 1281 2240 crimen
1293 2201 1356 2254 pro·

350 2267 412 2318 bare
425 2267 541 2332 veiesnt;
550 2268 596 2319 sed
608 2269 776 2334 requiruntur
787 2283 825 2320 ere
836 2283 893 2334 qun
902 2273 968 2334 aptes
976 2270 1028 2320 sint
1037 2271 1070 2320 ed
1081 2270 1244 2335 probandum
1254 2269 1356 2320 crimen

349 2347 418 2413 apud
430 2349 533 2400 Sacram
543 2349 777 2415 Congregatiouem
787 2350 896 2401 Consilii
928 2385 1352 2402 ...........
1385 2353 1423 2396 ³⁶6

319 2431 451 2480 iimitotic
465 2433 500 2480 5².
514 2431 609 2494 Nequit
621 2430 764 2496 Episcopus
778 2430 972 2482 ordinationem
988 2431 1086 2496 absque
1100 2432 1170 2497 juste
1186 2445 1264 2482 censa
1279 2444 1354 2481 recu·

348 2523 422 2574 sure,
434 2513 459 2560 et
474 2525 489 2560 u
502 2511 666 2563 recusatione
678 2515 750 2576 patet
760 2525 865 2575 semper
878 2511 911 2562 ud
924 2512 1019 2576 Pepum
1030 2525 1152 2563 recursus
1179 2546 1354 2562 .....
1386 2513 1422 2557 tet

319 2591 452 2640 iimilutiu
463 2595 499 2640 6⁸.
514 2592 628 2641 Potestas
642 2591 797 2656 episcopalis
809 2591 921 2642 ciericos
933 2605 967 2642 ex
978 2592 1114 2643 intormeta
1125 2590 1287 2643 conscientie
1298 2605 1354 2642 sus·

348 2670 480 2735 pendendi
499 2671 669 2735 probabiliter
688 2685 742 2722 non
758 2672 906 2722 extenditur
923 2672 957 2723 ad
974 2673 1146 2737 privationem
1161 2671 1293 2735 beneficii,
1307 2671 1354 2722 sed

347 2755 446 2804 tantum
457 2751 490 2803 ad
504 2753 674 2817 privationem
687 2751 768 2803 officii
781 2753 823 2805 cui
836 2753 984 2805 annectitur
996 2754 1152 2806 heneficium
1179 2789 1355 2804 .....
1386 2756 1422 2800 ³5⁴

285 2835 356 2885 CAP.
372 2834 404 2883 V.
418 2833 485 2892 Quid
497 2833 640 2884 catholicus
653 2833 761 2899 quisque
776 2834 872 2885 debeat
884 2838 928 2885 aut
942 2834 1012 2885 licite
1027 2836 1111 2900 possit
1121 2835 1219 2885 sentire
1239 2837 1266 2885 et
1277 2833 1355 2883 susti·

347 2927 420 2988 nore,
434 2914 466 2964 dc
484 2913 631 2965 introducta
643 2913 692 2964 hac
704 2913 887 2966 eTridentinis
898 2915 1015 2966 Patribus
1031 2915 1217 2966 sententiarum
1229 2929 1262 2965 cx
1275 2913 1357 2964 initer-

348 3000 418 3046 mate
437 2995 596 3047 conscientia
612 2996 770 3060 disciplina?
805 3030 1353 3047 ..............
1387 2998 1425 3042 ³⁵⁹

348 3076 496 3127 contutatur
515 3090 588 3126 error
606 3076 711 3141 quidam
730 3076 857 3142 Euigenii,
869 3091 974 3128 necnon
987 3091 1061 3128 error
1078 3077 1213 3142 oppositus
1232 3075 1355 3127 hodierni

379 3156 513 3222 cujusdam
532 3158 645 3208 auctoris
678 3193 1355 3211 .................
1389 3159 1426 3204 sit

286 3281 452 3333 §disceaite
465 3281 523 3333 W.
534 3284 629 3333 Norma
640 3297 778 3347 processus
792 3282 931 3334 criminalis
941 3287 1032 3334 contra
1044 3283 1193 3335 hereticam
1203 3283 1356 3347 pravitatem

348 3362 509 3428 inquisitioni
522 3377 567 3414 seu
582 3365 664 3415 suncti
676 3363 754 3415 officii
766 3362 938 3415 tribunalibus
957 3363 1063 3429 propria
1096 3399 1356 3415 .......
1389 3366 1426 3410 tsi

317 3471 366 3536 §b
387 3471 424 3521 be
443 3469 615 3522 tribunalibus
634 3472 717 3522 suncti
739 3469 827 3535 oiticii,
841 3484 888 3523 seu
906 3470 1080 3536 inquisitionis
1098 3477 1190 3524 contra
1202 3472 1356 3523 hereticam

348 3549 511 3616 pravitatem,
527 3552 600 3602 notio
621 3553 717 3616 praevis
719 3587 1354 3604 ................
1387 3556 1425 3600 bii

348 3633 368 3681 i.
383 3631 499 3690 Quonam
514 3645 592 3682 sensu
602 3647 655 3682 vox
668 3632 888 3700 INQUiSITIONiS
900 3633 943 3685 hic
957 3633 1128 3698 intelligenda
1140 3634 1227 3684 sit‘t.

350 3713 380 3762 11.
393 3713 429 3762 De
444 3712 541 3776 duplici
560 3713 741 3778 inquisitorum
754 3713 842 3778 specie
845 3750 1355 3766 .............
1388 3716 1427 3761 366

349 3794 390 3842 iii.
403 3793 439 3843 De
452 3793 553 3857 origiue
571 3793 697 3857 delegate
710 3794 889 3858 inquisitionis
892 3829 1357 3846 ............
1389 3795 1426 3841 tii

348 3873 392 3923 iv,
405 3875 441 3923 Da
454 3874 640 3938 propagatione
653 3874 780 3938 delegatos
792 3874 969 3940 mqursrhours
979 3888 1027 3940 per
1039 3874 1111 3926 orbis
1121 3875 1312 3940 provincias
1350 3875 1427 3925 ,εἹ

319 3956 381 4020 gii.
399 3955 508 4014 Quinam
528 3955 581 4005 sint
600 3955 769 4019 inquisitores
787 3957 922 4023 ordinarii,
936 3961 963 4007 et
979 3971 1014 4023 an
1034 3957 1112 4008 etiam
1130 3957 1181 4022 ipsi
1200 3970 1305 4008 servare
1319 3960 1358 4008 te·

348 4040 457 4087 neuntur
473 4035 635 4100 procedendi
652 4034 772 4100 termam,
786 4037 911 4102 delegate
929 4036 1103 4102 inquisitionis
1122 4036 1296 4089 tribunalibus
1313 4037 1358 4088 in·

349 4115 483 4179 iunctum?
516 4149 1356 4170 .....................
1388 4119 1426 4166 iii

321 4195 389 4260 5111.
404 4195 539 4256 Quomodo
552 4207 610 4247 sese
623 4195 717 4246 habeut
732 4197 878 4260 jurisdictio
895 4198 1081 4263 inquisitorum
1095 4197 1287 4264 delegatorum,
1299 4202 1358 4250 tum

350 4274 375 4324 in
391 4275 483 4338 seipse,
495 4279 549 4327 tum
564 4277 670 4327 relative
685 4277 718 4327 ad
738 4277 904 4342 inquisitores
918 4278 1064 4330 ordinarios
1084 4293 1130 4330 seu
1149 4279 1315 4346 Episcopus?
1349 4318 1356 4330 .
1388 4279 1425 4328 sii
