3050 4984
308 451 373 516 388
684 471 861 519 raserarna
884 472 922 519 nn
944 470 1079 519 runicus.

303 590 393 659 omni
413 587 537 681 judioin
559 590 791 683 inquiruntnr3
811 612 869 661 nee
885 590 958 662 ideo
972 591 1196 661 summarium
1211 588 1343 676 dieitur,
1358 589 1449 681 quod

302 698 404 789 possit
426 697 532 789 judex
560 720 620 791 pro
649 698 745 767 libitu
776 698 962 791 procedere,
995 698 1051 767 sed
1080 706 1209 767 tantum
1234 698 1314 791 qnia
1342 696 1450 765 omitti
1507 692 1508 697 ’

304 812 441 894 possunt
453 826 502 874 ese
522 804 680 875 ordinnrii
697 805 815 899 judieii
835 804 1071 895 solemnitates,
1091 828 1166 899 quse
1183 806 1259 898 jure
1279 803 1452 874 dumtaxat
1507 850 1508 859 ÷

302 911 443 1003 positivo
473 913 744 1004 proscribuntur,
774 936 836 982 nee
862 914 901 983 ad
927 914 1053 1007 justum
1078 924 1111 983 et
1139 921 1264 982 reetum
1288 910 1452 1004 juditium
1507 910 1508 961 i

303 1018 485 1088 neoessnrio
496 1018 691 1089 adhibendo
715 1028 804 1089 sunt.
818 1018 917 1111 (Vide
930 1042 1006 1113 quse
1027 1020 1176 1091 diximus
1191 1017 1341 1110 saprade
1357 1017 1452 1109 judi-

300 1122 351 1191 eio
364 1125 569 1217 summario.)
592 1126 682 1216 Ergo
696 1126 825 1195 nuliam
845 1126 1009 1218 judicium
1022 1126 1181 1219 injustum
1196 1125 1259 1195 diei
1274 1132 1394 1217 potest,
1408 1146 1451 1193 ex

302 1251 341 1299 eo
356 1232 491 1321 prseeise
504 1233 622 1325 oepite,
634 1232 725 1325 quod
739 1234 959 1303 summarium
976 1234 1088 1303 tuerit.

348 1337 389 1406 lt.
399 1339 466 1409 Nec
476 1338 644 1429 injustum
658 1338 725 1409 diei
731 1351 850 1434 potest,
867 1339 959 1432 quod
970 1340 1006 1409 in
1018 1352 1111 1411 testes
1122 1338 1453 1409 adhibeanturiulta·

305 1443 382 1513 tito
396 1458 428 1514 et
447 1446 804 1539 ett'omeoasnaqnineiss
820 1448 963 1519 -Nam
983 1446 1024 1517 de
1043 1448 1118 1539 jure
1134 1446 1275 1517 naturali
1295 1443 1328 1514 id
1350 1444 1453 1514 dnm·
1507 1460 1508 1493 ³

302 1560 393 1621 taxat
421 1552 528 1646 quoad
558 1561 656 1623 testes
680 1554 872 1645 requiritur,
903 1562 940 1625 ut
968 1554 1147 1647 uniruique
1172 1551 1355 1623 testimonio
1383 1574 1452 1621 non
1507 1576 1508 1589 ³

302 1659 377 1751 plus
390 1659 545 1751 ponderis
557 1659 821 1753 adprobandum
837 1660 1014 1748 tribuatur,
1037 1682 1136 1753 qnam
1152 1682 1193 1729 ex
1215 1660 1322 1751 seipso
1337 1680 1453 1727 mere-
1507 1740 1508 1743 Ἴ

301 1774 367 1834 tur.
396 1766 490 1850 Quod
515 1776 624 1837 autem
652 1776 748 1837 oertae
777 1790 925 1859 persone
955 1766 1114 1837 inhabiles
1138 1766 1179 1835 ad
1210 1764 1452 1835 testitieandum

301 1871 563 1961 deelarataesint,
587 1874 621 1943 id
642 1874 777 1967 positivi
797 1874 882 1967 juris
902 1874 1073 1967 dispositio
1094 1883 1154 1944 est.
1173 1874 1336 1944 Ceterum
1357 1872 1454 1963 ipse-

303 1989 370 2047 met
383 1989 474 2048 notus
489 1980 644 2051 audiendi
658 1980 820 2075 quoslibet
835 1990 943 2068 testes,
960 1981 1056 2052 etiam
1070 2004 1170 2073 quam
1192 1980 1334 2050 maxime
1348 1978 1454 2047 inha-
1507 2020 1508 2027 κ

302 2086 397 2175 biles,
413 2110 471 2179 per
490 2111 525 2155 se
545 2088 669 2157 nullam
689 2086 830 2158 involvit
849 2088 1054 2181 injustitiam,
1077 2098 1109 2157 et
1131 2109 1276 2180 persmpe
1293 2085 1334 2154 ad
1358 2085 1455 2155 dete-
1507 2092 1508 2095 ’

302 2192 442 2282 gendum
464 2194 632 2263 veritatem
658 2195 748 2263 utilis
770 2216 839 2264 esse
861 2204 975 2287 potest.
1000 2194 1115 2277 Quoad
1138 2192 1315 2263 tribunalis
1337 2200 1452 2263 eutem

302 2299 537 2391 inquisitionis,
563 2300 639 2369 lieet
664 2299 857 2371 deseruntur
882 2302 1011 2371 admitti
1039 2324 1133 2395 posse
1162 2308 1270 2389 testes,
1300 2299 1381 2369 alias
1412 2299 1454 2367 de

296 2406 372 2497 jure
387 2408 554 2476 communi
570 2408 731 2477 inhabiles
757 2408 800 2497 [et
814 2409 912 2477 etiem
933 2408 1041 2477 filium
1065 2417 1179 2477 contro
1197 2416 1334 2499 petrem,
1357 2428 1455 2475 uxo-

301 2534 371 2581 rem
396 2523 510 2584 eontra
530 2516 697 2602 maritum,
722 2515 812 2605 eto),
841 2537 907 2584 non
930 2526 1038 2585 temen
1064 2514 1216 2583 statuitur
1236 2511 1382 2582 suffiesre
1409 2512 1453 2581 ad
1507 2604 1508 2609 ἵ

303 2618 508 2709 probandum
532 2620 693 2711 ejusmodi
722 2621 920 2709 testimonia,
945 2631 977 2690 et
1000 2640 1041 2690 ex
1069 2621 1116 2689 eis
1137 2642 1231 2712 posse
1253 2640 1345 2687 reum
1366 2642 1453 2688 eon-
1507 2656 1508 2667 2

302 2721 470 2804 demneri;
484 2721 486 2724 ’
502 2725 557 2795 sed
596 2726 638 2796 nd
671 2728 863 2797 sententiam
893 2726 1191 2797 condemnatoriam
1220 2726 1450 2817 requiruntur,

303 2830 390 2899 sieut
403 2831 438 2899 in
453 2832 606 2902 omnibns
618 2833 691 2902 aliis
706 2833 853 2925 judiciis,
869 2843 966 2903 testes
980 2834 1070 2903 omni
1084 2833 1271 2926 exeeptione
1292 2829 1450 2922 majores.

237 3032 241 3036 ‚
302 2936 398 3006 Unde
426 2959 541 3008 revers
574 2962 746 3032 perpetem
775 2962 817 3009 ex
859 2940 921 3010 isto
947 2941 1051 3033 eapite
1082 2940 1241 3032 injustitie
1272 2937 1453 3008 oonelude-

305 3052 408 3113 retur.
1507 3102 1508 3117 t

347 3152 403 3219 ΙΙΙ.
417 3152 569 3222 Nereide
584 3154 690 3223 oritur
703 3154 871 3245 injustitia
892 3154 982 3247 quod
995 3156 1126 3225 testium
1146 3154 1283 3223 nomino
1304 3174 1356 3221 reo
1382 3176 1455 3222 non
1507 3228 1508 3237 χ

302 3258 623 3349 monisestentur.-
642 3261 801 3345 Quamvis
825 3260 913 3329 enim
936 3261 1135 3353 reputat-iter
1159 3260 1271 3349 exigat
1289 3260 1454 3329 naturalis

300 3366 454 3457 equitas,
468 3390 525 3437 reo
538 3378 617 3438 nota
632 3368 706 3437 fieri
716 3368 850 3437 nomina
867 3368 1011 3455 testium,
1027 3377 1063 3438 ut
1074 3375 1186 3437 nontrn
1201 3389 1288 3459 ipsos
1297 3386 1455 3457 excipere

303 3470 513 3565 veleat,1psa
533 3484 642 3543 umen
663 3481 751 3543 reete
775 3474 857 3543 retio
878 3473 989 3560 dietat,
1014 3473 1056 3543 ab
1079 3473 1138 3543 hae
1163 3472 1308 3564 generali
1331 3474 1456 3561 regula

305 3578 522 3649 recedendum
545 3602 615 3649 esse
629 3581 665 3648 in
678 3604 768 3701 oasu,
785 3602 852 3672 quo
865 3580 952 3649 diota
971 3580 1150 3651 formalites
1165 3579 1456 3672 periculosissimae

305 3686 442 3779 alicujus
460 3688 636 3756 eriminum
662 3688 780 3779 speoiei
803 3687 1029 3757 coercitionem
1051 3687 1234 3779 impediret.
1258 3687 1361 3756 Porro
1385 3689 1455 3759 do-

305 3802 417 3861 enernt
454 3793 667 3885 experientia,
698 3793 731 3861 id
761 3794 950 3884 contingere
978 3793 1086 3885 quoad
1120 3794 1244 3863 orimen
1273 3792 1453 3864 hereseos.

306 3898 547 3991 anmplurimi
583 3922 699 3991 nempe
733 3923 754 3969 a
792 3900 976 3970 testimonio
1018 3900 1152 3970 terendo
1188 3900 1455 3991 desumuntur,

307 4014 488 4076 metuentes
509 4028 551 4074 ne
576 4005 611 4073 in
635 4006 723 4098 ipsos
748 4028 824 4077 rens
847 4005 961 4098 ejusve
981 4006 1215 4098 oonsanguinoi
1233 4005 1397 4077 vindictas
1422 4018 1457 4077 et

307 4111 421 4200 gravis
443 4111 563 4181 damnn
585 4111 788 4181 molirentur.
814 4112 898 4181 Hine
925 4135 965 4182 ne
988 4112 1123 4204 impune
1146 4111 1328 4182 haeretieale
1354 4117 1457 4185 virtus

307 4229 462 4312 serperet,
484 4230 516 4288 et
535 4219 614 4311 qnia
633 4218 668 4287 in
692 4219 818 4289 ossibus
839 4219 998 4289 exuemis
1017 4218 1195 4311 prevalere
1212 4218 1307 4289 debet
1331 4223 1457 4311 ‹tertis-¹
