3050 4984
277 476 338 541 306
650 491 822 539 raimerus
845 491 883 536 oa
905 490 1037 537 suorcus.

274 616 404 707 judicii,
423 638 488 684 non
513 623 560 682 est
585 614 733 682 omittere
751 635 866 681 omnes
881 610 1037 681 ordinarii
1051 609 1169 701 judicii
1183 608 1415 694 solemnitates,

275 722 331 788 sed
346 723 470 812 aliquas
482 729 621 787 tantum.
633 718 670 787 Id
685 740 837 810 expresse
849 717 975 804 delinit,
986 714 1085 783 modo
1096 714 1417 805 transcriptaconsti-

275 830 357 896 tutio
382 832 477 921 Saepe
501 826 679 896 Clementis
695 824 738 894 V.
769 824 954 916 Siquidem,
973 822 1051 891 dum
1076 822 1121 890 ibi
1145 821 1329 889 declaratur
1353 844 1418 913 quo

274 956 372 1003 sensu
388 934 530 1002 formula
555 933 627 1001 haec
651 931 864 1021 intelligenda
877 932 934 1019 sit,
950 951 1103 1022 expresse
1118 927 1273 996 delinitur
1288 928 1334 995 ita
1349 950 1419 995 esse

274 1040 532 1131 intelligendam,
550 1048 587 1108 ut
600 1038 751 1131 quaedam
764 1039 920 1107 ordinarii
931 1038 1047 1129 judicii
1058 1036 1175 1104 lormce
1189 1057 1247 1104 seu
1260 1034 1420 1105 solemni·

274 1157 354 1217 tates
370 1148 475 1216 omitti
490 1148 628 1239 possint,
644 1168 709 1214 non
726 1154 837 1214 autem
849 1144 1005 1238 quaedam
1019 1143 1105 1212 alim.

322 1259 351 1323 3.
371 1254 443 1324 Non
473 1262 582 1322 tamen
599 1254 706 1321 stricte
731 1251 924 1321 definiretur
951 1252 1115 1343 judicium
1131 1250 1347 1319 summarium
1364 1249 1421 1317 di-

275 1363 389 1450 cendo,
402 1360 483 1430 illud
500 1383 568 1429 esse
584 1360 618 1427 in
634 1382 711 1452 quo,
729 1360 862 1451 aliqum,
892 1382 958 1427 non
973 1382 1098 1443 omnes,
1124 1356 1282 1426 ordinarii
1303 1356 1422 1447 judicii

276 1470 495 1537 solemnitates
520 1467 626 1535 omitti
642 1476 789 1557 possunt.
806 1466 889 1535 Nam
914 1466 946 1533 id
973 1466 1068 1533 etiam
1082 1464 1216 1555 judiciis
1237 1484 1277 1531 er
1291 1462 1422 1531 notorio

276 1576 442 1660 convenit,
460 1582 496 1642 ut
511 1594 610 1665 supra
625 1573 788 1658 vidimus;
806 1580 962 1640 ettamen
983 1571 1073 1639 aliud
1099 1592 1159 1662 per
1174 1591 1362 1661 processum
1383 1592 1424 1636 erc

267 1677 418 1765 ‘notorem
435 1679 524 1749 aliud
542 1702 599 1770 per
616 1702 804 1770 processum
820 1679 1057 1760 summarium,
1074 1678 1212 1767 intelligi
1231 1677 1327 1762 solet;
1344 1677 1424 1767 quia

276 1812 393 1879 nempe
409 1787 482 1855 aliae
498 1795 575 1854 sunt
591 1787 810 1855 solemnitates
821 1809 897 1877 quae
912 1787 947 1853 iu
959 1786 1084 1876 judicio
1097 1786 1290 1871 summario,
1306 1782 1424 1851 etaliae

277 1920 352 1989 qnae
368 1897 402 1963 in
418 1917 569 1986 processu
582 1917 623 1962 ex
639 1895 766 1963 notorio
779 1895 884 1962 omitti
899 1903 1046 1986 possunt.

323 2009 353 2071 l.
375 2003 470 2070 Recte
485 2010 596 2070 autem
611 2000 739 2070 deliniri
756 2010 859 2093 potest
872 2000 1033 2092 judicium
1047 2000 1275 2085 summarium,
1287 1998 1375 2067 illud
1388 2000 1425 2064 in

278 2134 341 2203 quo
367 2110 478 2178 omitti
498 2122 649 2200 possunt,
674 2122 704 2177 et
732 2109 773 2177 de
794 2111 884 2200 fecto
899 2109 1110 2190 omittuntur,
1138 2108 1185 2176 od
1209 2107 1303 2175 citius
1325 2128 1426 2197 espre-

278 2218 433 2288 dieodom
449 2239 597 2299 causam,
614 2230 708 2285 certe
723 2216 887 2309 quaedam,
905 2240 926 2285 o
943 2218 1024 2308 jure
1038 2216 1272 2297 determinatae,
1287 2212 1428 2282 ordinm

276 2328 322 2395 rii
329 2326 457 2418 judicil
472 2325 705 2393 solemnitates.

325 2435 472 2503 Dicimus
498 2432 545 2501 od
569 2433 666 2500 citius
681 2432 917 2523 expediendam
930 2455 1086 2516 eeusom;
1101 2456 1168 2525 qna
1180 2433 1306 2500 rstione
1320 2432 1428 2499 omit-

194 2576 197 2583 ·
279 2542 453 2612 teuderam
470 2541 711 2609 solemnitatum
726 2540 834 2609 differt
849 2563 1018 2632 processus
1035 2540 1260 2609 summariusa
1272 2560 1430 2630 processu

280 2672 322 2716 ex
338 2647 463 2714 notorio
482 2672 490 2713 :
509 2668 585 2713 nam
609 2646 643 2712 in
659 2645 719 2713 hoc
734 2647 924 2735 posteriore,
942 2647 1014 2715 ideo
1030 2649 1226 2715 omittuntur
1252 2654 1349 2713 certa
1367 2668 1430 2714 so-

279 2754 473 2837 lemnitates,
491 2752 567 2843 quia
582 2752 713 2819 inutiles
731 2778 738 2819 ε
758 2752 792 2820 in
809 2753 910 2844 priori
927 2776 1015 2839 vero,
1033 2775 1073 2821 ne
1084 2775 1182 2821 causa
1192 2752 1330 2820 nimium
1345 2774 1432 2842 pro·

281 2859 442 2928 trahatur.

327 2966 471 3034 Dicimus
487 2977 518 3033 et
538 2964 578 3033 de
588 2967 678 3056 facto
694 2966 897 3033 omittantur
915 2994 925 3033 :
952 2968 979 3033 si
1001 2968 1089 3035 enim
1103 2968 1163 3035 etsi
1178 2968 1287 3036 omitti
1301 2968 1434 3058 possint

282 3072 378 3139 dictae
394 3072 626 3157 solemnitates,
643 3081 751 3139 tamen
768 3072 998 3160 adhibeantur,
1020 3096 1205 3165 processum
1220 3072 1358 3142 evadere
1374 3097 1434 3141 or·

282 3178 462 3265 dinarium,
478 3188 509 3245 et
525 3200 565 3244 cx
583 3178 653 3270 ipso
668 3178 759 3268 sequi
776 3180 887 3247 omnia
902 3178 1062 3247 ordinarii
1076 3202 1245 3271 processus
1259 3190 1436 3248 conseca-

283 3287 343 3365 ria,
360 3286 520 3351 sustinent
537 3283 685 3351 nonnulli
701 3286 892 3370 canonistae,
909 3294 945 3353 ut
958 3286 1046 3354 infra
1057 3285 1242 3355 adnotatur.

330 3395 359 3457 5.
378 3391 530 3459 Jamvero
546 3398 632 3480 patet
648 3392 825 3459 summaria
837 3391 960 3483 judicia
974 3416 995 3460 a
1009 3394 1179 3462 sententiis
1193 3416 1235 3461 ea
1245 3393 1438 3484 infamato

285 3498 479 3567 conscientia
496 3498 632 3565 omnino
648 3497 790 3565 differre.
806 3498 889 3566 Nem
906 3500 940 3566 in
956 3498 1145 3589 hujusmodi
1167 3501 1344 3585 sententiis,
1363 3525 1438 3570 non

283 3606 417 3695 aliquae,
432 3602 486 3669 sed
503 3623 616 3671 omnes
630 3602 788 3672 ordinarii
800 3604 916 3695 judicii
934 3606 1437 3697 solemnitatesomittipossunt;

285 3712 371 3780 unde
386 3710 519 3777 omnino
533 3709 819 3800 cetra-judiciales
841 3734 910 3779 esse
926 3724 1074 3803 possunt,
1091 3713 1200 3797 idest,
1224 3712 1345 3803 absque
1363 3714 1441 3783 ullo

229 3884 232 3891 .
285 3818 406 3885 lorensi
419 3814 543 3907 judicio
560 3815 709 3905 proferri.
1516 3807 1517 3818 ’

332 3930 362 3991 o.
392 3923 448 3989 Est
463 3932 572 3988 antem
598 3921 772 3991 discrimen
789 3925 870 3993 illud
886 3925 979 3993 valde
992 3928 1245 4004 attendendum
1275 3952 1326 4013 ne,
1349 3929 1442 3997 dum
1516 3965 1517 3994 l

286 4031 405 4121 injure
421 4026 605 4095 decernitur
621 4049 714 4118 posse
737 4031 771 4096 in
797 4031 906 4122 aliqua
923 4032 1056 4101 materia
1080 4033 1210 4124 procedi
1235 4038 1440 4118 summarie,
1516 4025 1517 4054 ¹

286 4158 456 4228 perperam
472 4132 630 4223 intelligat
651 4135 755 4224 judex
776 4138 1007 4209 ecclesiasticus
1034 4141 1095 4208 sibi
1115 4140 1240 4209 licitum
1258 4142 1444 4233 procedere
1516 4141 1517 4200 ἕ

288 4266 327 4311 cr
341 4244 521 4333 informato
544 4242 749 4310 commentia.
768 4244 910 4312 Omnino
925 4248 1014 4314 enim
1030 4258 1165 4335 erraret,
1182 4250 1210 4315 si
1224 4256 1303 4316 tunc
1319 4272 1444 4320 omnes
