3050 4984
532 479 609 532 PARS
630 479 774 526 SECUNDA.

615 745 686 834 §i

161 911 281 963 Formulo
292 915 539 966 commissionelium
554 915 698 966 litterarum
711 928 760 980 pro
771 915 941 968 examinando
954 916 1054 968 absenti
1068 919 1143 969 teste.

132 1086 220 1165 «Ν.,
237 1085 416 1177 Episcopus
430 1089 488 1167 Ν.,
505 1086 621 1154 dilecto
637 1087 671 1153 in
693 1087 823 1155 Gltristo
836 1087 907 1177 filio
924 1089 981 1170 Ν.,
997 1088 1164 1178 parocln'ee
1177 1089 1220 1158 N.

80 1189 354 1261 dioeccscsnostrcc
370 1194 498 1275 rectori,
516 1195 659 1262 salutem
675 1206 707 1260 ct
721 1193 983 1263 benedictionem,
999 1234 1044 1247 -
1068 1197 1150 1265 Cum
1166 1219 1224 1265 ne-

80 1299 257 1367 cessarium
270 1299 362 1368 nolis
376 1301 419 1368 sit
434 1300 626 1368 ecaminare
642 1323 706 1392 pro
722 1299 870 1392 quodam
884 1323 995 1384 causo,
1014 1324 1087 1394 qua
1111 1324 1223 1372 coram

80 1405 183 1474 Nobis
197 1407 346 1490 vertitur,
364 1408 535 1477 domimus
550 1411 585 1478 N
585 1461 607 1491 .,
625 1408 795 1500 dipnisqne
810 1407 969 1477 decausis
983 1410 1134 1478 animum
1149 1432 1220 1477 nos-

80 1523 175 1580 trum
188 1514 399 1597 mouentibus,
420 1514 609 1608 judicemus
633 1540 697 1584 non
717 1537 782 1584 esse
808 1529 1034 1608 opportunum
1054 1517 1166 1584 vocari
1179 1515 1225 1584 od

79 1633 230 1688 nostrum
251 1621 401 1689 tribunal
410 1622 608 1714 pradictum
623 1621 798 1691 dominum
813 1625 857 1694 N.
878 1650 888 1690 :
904 1622 1022 1692 idcirco
1038 1623 1159 1691 lzarum
1172 1645 1223 1692 se·
1287 1667 1290 1674 ,

78 1725 129 1793 rie
140 1726 201 1795 tibi
211 1728 445 1798 committimus
450 1742 550 1822 atque
559 1730 776 1820 injunpimus,
789 1742 826 1798 ut
834 1729 982 1798 adnibito
991 1730 1026 1798 in
1035 1730 1223 1799 actuarium

79 1833 215 1902 domino
229 1838 286 1915 N.,
313 1837 444 1904 notario
454 1836 587 1928 publico
617 1837 681 1925 (vel
694 1860 790 1928 quem
801 1859 867 1928 pro
883 1837 945 1905 lzac
960 1859 1061 1905 causa
1076 1837 1110 1904 in
1125 1852 1222 1906 nota-

77 1942 172 2008 rium
182 1942 351 2032 publicum
364 1943 475 2034 vipore
479 1943 694 2034 presentium
702 1966 863 2026 creamus,
875 1956 906 2012 et
919 1945 1015 2034 cujas
1026 1965 1117 2012 more
1127 1945 1222 2013 solito

73 2048 305 2140 prestandum
325 2051 560 2140 juramentum
585 2051 748 2142 excipies),
770 2051 956 2142 prosatum
977 2050 1152 2120 dominum
1175 2056 1220 2124 N.

77 2154 179 2223 adeas
190 2156 255 2247 (vel
269 2179 382 2225 coram
395 2170 426 2225 te
437 2180 553 2226 vocare
560 2157 696 2248 facias),
707 2169 739 2225 et
742 2157 890 2248 juridice
903 2179 1015 2224 coram
1029 2156 1115 2225 dicto
1126 2172 1222 2230 noto-

76 2261 131 2328 rio
153 2263 318 2332 examines
340 2286 438 2354 super
459 2264 609 2332 articulis
623 2262 848 2333 describendis.
867 2263 1082 2355 Pracipimus
1097 2277 1220 2346 autem,

75 2368 138 2434 sub
148 2370 286 2459 formali
295 2384 460 2463 precepto
475 2383 505 2440 et
519 2372 554 2439 in
564 2371 685 2439 uirtute
698 2371 844 2460 Spiritus
860 2373 990 2452 Sancti,
1012 2370 1146 2439 domino
1161 2375 1196 2443 N
1197 2424 1218 2452 .‚

75 2487 118 2542 ut
133 2488 165 2544 te
179 2489 339 2570 tauquam
355 2490 504 2546 nostrum
518 2478 780 2546 commissarium
795 2477 980 2570 delepatum
996 2477 1043 2546 ad
1054 2479 1222 2570 excipien-

75 2583 376 2676 dumpraedictum
402 2608 539 2654 examen
563 2598 731 2678 aqnoscot,
761 2597 794 2653 et
820 2585 855 2652 in
881 2584 996 2654 ordine
1022 2584 1069 2653 ad
1096 2587 1157 2654 ltoc
1184 2588 1220 2654 in

74 2692 227 2760 omnibus
250 2716 376 2761 morem
396 2692 458 2761 tibi
470 2701 565 2784 perat
578 2705 677 2785 atque
703 2690 845 2760 obediat.
870 2695 974 2761 Porro
997 2692 1132 2761 articuli
1144 2708 1221 2761 sunt

73 2798 282 2890 infrascripti
304 2827 315 2866 .·
334 2805 366 2866 1ο
383 2800 426 2890 (ct
442 2799 489 2867 ibi
504 2809 669 2890 ponantur
681 2799 966 2888 interrogationes,
983 2822 1065 2892 quos
1081 2800 1151 2891 ipse
1162 2799 1220 2891 ju-

76 2905 144 2973 dex
160 2905 346 2973 ordinarius
358 2907 477 2974 iaceret
498 2906 527 2973 si
549 2929 695 2998 praesens
709 2906 792 2974 foret
807 2906 923 2995 testis).
939 2909 1093 2974 Examen
1108 2919 1219 2974 antem

74 3025 115 3082 ut
123 3016 304 3105 profertur
328 3013 527 3105 completum
548 3027 580 3081 et
593 3013 776 3104 sipillatum
791 3012 837 3081 ad
850 3015 918 3086 Nos
933 3013 1062 3082 mittere
1075 3013 1215 3082 curabis.

73 3123 247 3188 Datum...
266 3155 310 3170 —
323 3122 382 3200 Ν.,
396 3119 576 3210 Episcopus
589 3121 632 3190 N.
651 3157 695 3172 —
708 3122 767 3202 N.,
784 3121 965 3189 actuarius.
983 3145 999 3183 n

606 3362 683 3452 gn.

231 3535 322 3587 Forma
342 3531 488 3598 exequendi
500 3531 713 3582 commissionem
728 3545 778 3596 pro
793 3531 964 3582 examinando
985 3535 1059 3584 teste.

123 3735 142 3774 a
156 3712 195 3777 lu
208 3709 341 3777 nomine
354 3706 499 3776 Domini.
516 3707 629 3774 Amen.
648 3741 692 3756 --
707 3705 794 3773 Cum
806 3703 960 3772 dominus
974 3706 1034 3787 Ν.,
1048 3704 1214 3795 parochia

72 3820 118 3888 N.
135 3830 250 3899 rector,
268 3815 433 3907 recepisset
448 3812 609 3906 quasdam
623 3811 750 3880 litteras
773 3811 815 3879 al
830 3811 1051 3880 illustrissimo
1067 3835 1105 3880 oe
1120 3833 1215 3880 reue-

70 3923 266 3993 rendissimo
275 3924 378 4014 nujus
389 3922 553 3991 diaceseos
564 3919 738 4012 Episcopo,
756 3942 829 4012 que
836 3919 1001 4011 incipiunt
1020 3971 1071 4002 ...,
1085 3933 1116 3988 et
1130 3918 1214 3988 desi·

72 4045 158 4102 uunt
176 4081 228 4115 ...,
245 4043 276 4100 ct
292 4052 434 4123 quarum
456 4043 546 4097 tenor
561 4040 606 4096 est
627 4028 715 4110 talis,
732 4027 880 4096 uidelicet
902 4027 1008 4120 (nihi
1026 4028 1215 4096 inseruntur

71 4138 349 4208 commissionoles
361 4136 489 4226 litterae)
511 4134 655 4204 :idcirco
667 4136 831 4226 profatus
846 4134 1000 4204 daminus
1022 4136 1080 4216 Ν.,
1106 4133 1215 4202 uolens

71 4270 112 4316 ea
127 4267 195 4336 qua
205 4268 271 4336 par
285 4257 331 4313 est
339 4241 606 4335 promptitudine
619 4241 808 4335 premissas
821 4241 946 4311 litteras
960 4241 1085 4332 exequi,
1102 4265 1218 4312 vocare

236 4372 268 4415 11.
1021 4354 1059 4412 34
