3050 4984
544 552 620 601 rans
641 554 789 601 amnena.
1169 528 1228 605 tlt

98 698 119 739 c
141 672 343 766 sponsalium
362 674 405 745 ob
426 674 489 745 ists
506 673 762 767 (impedimenta)
782 672 993 743 dissolutione
1014 680 1071 743 aut
1091 674 1237 743 redinte-

99 808 119 846 α
143 780 303 871 gratiane,
312 790 372 851 otc.
386 782 470 853 Nam
483 783 525 852 de
536 782 588 851 bis
600 789 632 851 et
645 781 821 869 similibus,
831 782 913 851 sicat
926 780 1014 871 leges
1027 781 1177 868 condere,
1192 783 1237 852 ita

99 914 118 955 a
142 898 174 957 ct
187 889 422 993 controversias
436 912 535 981 snper
552 889 618 959 illis
631 897 761 957 exortas
782 888 930 956 decidere
950 887 1172 957 ecclesiasticas
1187 896 1237 958 est

101 1023 120 1063 a
143 996 318 1087 potcstatis.
341 997 463 1067 Contra
483 995 526 1065 ad
549 995 658 1069 forum
677 994 833 1064 saecubre
856 1002 889 1062 at
910 992 1035 1086 judices
1065 994 1237 1065 saeculares

101 1128 121 1169 a
144 1103 306 1194 portinent
326 1124 446 1190 causas,
463 1102 583 1194 quibus
605 1101 645 1171 de
666 1100 753 1187 dote,
770 1109 802 1169 et
828 1107 961 1192 propter
983 1101 1112 1191 nuptias
1133 1100 1236 1171 dona-

100 1237 121 1277 s
144 1211 243 1299 tione,
259 1210 300 1279 de
316 1210 521 1279 hereditaria
534 1210 749 1295 suocmsione,
761 1208 923 1279 alimentis
936 1216 968 1279 et
981 1208 1145 1279 similibus
1161 1209 1237 1301 agi·

101 1345 120 1383 a
144 1327 198 1386 tur
207 1343 218 1404 ;
231 1325 268 1388 ut
279 1339 322 1387 ex
337 1317 504 1387 communi
519 1338 619 1387 sensu
629 1314 1010 1399 docetBellsrminus...,
1021 1314 1237 1406 Pirrbing...,

101 1450 121 1491 c
143 1424 337 1495 Viestner...
368 1423 553 1515 Excipitur,
583 1424 648 1492 nisi
675 1420 864 1515 hujusmodi
891 1422 1029 1515 rpuaesbo
1058 1421 1179 1491 incidat
1204 1424 1239 1491 in

102 1556 122 1597 c
144 1552 275 1599 caumm
300 1530 570 1600 matrimonialem
597 1532 728 1621 proprie
757 1528 890 1616 dictam,
917 1550 993 1621 qnae
1022 1528 1241 1621 principaliter

101 1664 122 1704 a
144 1638 301 1727 agitatum
319 1637 380 1707 boc
392 1638 480 1707 euim
496 1659 588 1723 casa,
604 1656 798 1726 cognoscere
824 1635 865 1705 do
880 1633 1070 1726 hujusmodi
1092 1635 1198 1706 causis
1210 1642 1243 1705 et

102 1774 122 1813 a
145 1746 356 1837 pronuntiare
367 1744 471 1837 judex
487 1744 720 1814 ecclesiasticus
732 1751 848 1835 potest.
876 1768 893 1809 a
927 1742 1241 1833 (Schmalzgrneber,

97 1854 137 1921 in
151 1854 201 1921 tit.
218 1856 272 1939 18,
288 1852 366 1921 libri
381 1857 400 1921 l
414 1853 556 1939 liceret,
572 1874 605 1920 n.
626 1856 692 1921 bet
708 1850 754 1941 7.)

145 1960 272 2041 Quibus
286 1959 476 2050 prenotatis
490 1959 650 2045 dicemus,
671 1960 703 2025 1⁰
718 1956 759 2027 de
774 1978 872 2026 causa
888 1956 1105 2025 restitutionis
1120 1958 1154 2025 in
1168 1978 1242 2027 ma-

97 2067 183 2135 teria
197 2064 428 2136 matrimoniali
436 2093 447 2153 ;
464 2069 499 2134 2ο
513 2065 554 2133 de
568 2064 732 2133 actoribus
756 2071 790 2133 ct
804 2062 939 2131 testibus
953 2062 1165 2132 admittendis
1189 2064 1243 2133 vel

98 2173 286 2265 rejiciendis
308 2174 343 2242 in
358 2174 463 2245 causis
478 2170 788 2257 matrimonialibus5
809 2174 842 2241 3⁰
857 2170 897 2239 de
918 2192 1033 2240 norma
1048 2170 1243 2261 procedendi

97 2306 119 2350 a
134 2279 311 2351 Benedicto
323 2280 402 2351 xlv
418 2288 537 2349 sututa
549 2280 585 2347 in
599 2279 705 2347 causis
721 2278 879 2346 nullitatis
896 2276 1115 2355 matrimonii;
1142 2282 1175 2345 4⁰
1201 2276 1260 2346 da·

98 2409 220 2457 norma
233 2387 363 2478 speciali
377 2386 573 2479 procedendi
596 2385 631 2453 in
647 2406 744 2453 causa
772 2383 929 2453 nullitatis
942 2406 984 2451 cx
1010 2382 1242 2475 impedimento

99 2494 320 2585 impotentiae3
340 2499 371 2561 5⁰
386 2494 426 2563 de
439 2491 536 2562 modo
546 2490 760 2561 concedendae
777 2489 1027 2581 dispensationis
1051 2512 1112 2581 pro
1126 2490 1243 2560 matri-

97 2600 215 2671 monio
228 2607 300 2670 reto
315 2621 381 2669 non
395 2606 634 2685 consummst03
652 2601 685 2666 b·
699 2597 741 2666 de
753 2618 868 2666 norma
885 2596 1080 2689 procedendi
1105 2607 1141 2665 ut
1164 2618 1243 2667 con-

98 2717 165 2777 stet
179 2715 399 2777 contracturos
413 2705 656 2775 matrimonium
672 2726 741 2773 esse
757 2703 794 2771 in
808 2712 893 2774 statu
908 2703 1022 2773 libero.
1036 2703 1072 2771 ln
1090 2703 1141 2771 his
1157 2704 1245 2771 enim

99 2814 268 2901 omnibus,
283 2835 350 2883 non
369 2812 552 2883 communis
579 2833 789 2903 processuum
803 2809 952 2879 civilium
979 2808 1097 2896 forma,
1114 2810 1169 2878 scd
1191 2811 1245 2878 di-

99 2944 199 2991 vorsa
208 2930 241 2990 et
255 2920 459 3013 particularis
472 2919 534 2989 luit
545 2942 567 2987 a
579 2919 679 2987 sacris
692 2916 871 2987 canonibus
884 2917 1018 3004 sancita,
1032 2939 1132 3008 quam
1142 2916 1245 3008 judex

101 3021 338 3094 ecclesiasticus
350 3023 498 3114 apprime
524 3020 642 3091 callere
666 3020 773 3107 debet,
792 3042 833 3089 ne
846 3019 926 3089 alias
941 3019 976 3088 in
992 3018 1072 3090 vitia
1086 3018 1245 3090 nullitatis

100 3132 276 3223 impingat,
289 3130 342 3201 vel
356 3130 469 3199 illicite
481 3128 646 3220 procedat.

639 3343 661 3434 ξ
678 3344 705 3412 l.

362 3508 399 3559 Dc
413 3521 492 3560 caasa
506 3505 676 3558 restitutionis
687 3504 773 3571 quom
785 3502 989 3557 matrimonium.

148 3672 293 3754 Qummo
304 3674 348 3740 1⁸.
362 3708 407 3723 -
418 3668 606 3761 Quotuplici
614 3668 712 3738 modo
721 3666 833 3759 quood
839 3666 1093 3737 matrimonium
1104 3670 1246 3760 spolium

102 3779 299 3871 contioque,
313 3800 353 3846 uc
362 3775 609 3870 proindeccucu
623 3774 837 3844 restitutionis
851 3773 934 3843 oriri
939 3773 1059 3865 possit.
1072 3812 1117 3827 -
1131 3775 1247 3867 «Spo-

105 3913 124 3954 a
147 3886 231 3956 lium
245 3886 280 3953 in
304 3907 400 3954 causa
415 3882 645 3953 matrimoniali
660 3881 830 3971 contingit,
846 3902 913 3949 non
928 3889 1054 3951 tantum
1068 3903 1127 3972 per
1140 3880 1243 3951 alium

106 4021 126 4061 c
149 3992 281 4062 tertium
308 3990 365 4084 qui
392 3991 428 4059 vi
454 3990 561 4061 aufert
575 3987 783 4081 conjugema
811 3987 962 4079 conjuge,
990 3987 1047 4055 sed
1062 3988 1159 4055 etism
1174 3988 1247 4057 fieri

107 4129 126 4167 a
149 4107 255 4191 potest
268 4098 310 4167 ab
323 4098 403 4190 ipsis
416 4097 611 4188 conjugibus
626 4096 712 4164 inter
726 4116 774 4179 se,
786 4102 818 4164 et
833 4094 894 4163 boc
909 4093 1077 4185 tripliciter
1089 4095 1243 4165 maxime.

108 4236 127 4275 a
153 4212 186 4275 1⁰
199 4206 337 4290 Quando
362 4206 485 4297 conjnx
510 4204 644 4297 propria
667 4201 864 4300 authoritate
891 4200 1012 4269 recedit
1038 4201 1210 4292 aconjuge
1235 4232 1244 4273 ι

110 4343 129 4383 ι
152 4335 229 4383 nam
245 4312 291 4383 sic
303 4310 484 4383 recedendo
495 4311 605 4408 privet
626 4308 720 4382 illum
732 4308 806 4405 jure
822 4330 882 4381 suo
908 4306 996 4404 quod
1012 4307 1108 4382 babet
1131 4306 1174 4385 ad
1188 4310 1247 4384 ob·
