3050 4984
289 455 351 520 532
659 469 836 520 memorre
859 471 897 518 on
920 471 1054 520 succos.

288 599 333 666 N.
343 618 407 686 per
426 595 584 664 nuntium
597 594 697 664 eren'ae
721 597 764 665 N.
788 593 943 662 intimari
955 591 1060 684 jacit
1070 592 1219 684 primam
1237 590 1439 659 marem

287 701 541 784 mentitae-intem,
558 699 677 770 tenone
689 701 861 793 requmtn,
878 699 1027 768 videlieet
1054 725 1066 766 .·
1096 699 1139 789 (et
1160 697 1206 766 ibi
1231 696 1441 765 maihe-

288 809 369 897 tnr).
387 808 494 898 Ipitrrr
502 807 681 900 predictus
695 809 796 877 merie
808 807 946 876 nuntius
960 809 994 878 N
995 859 1018 889 .,
1039 818 1216 898 postquam
1229 803 1440 873 mandatnm

288 915 440 1007 repleam
456 915 503 984 act
513 937 567 984 me
580 915 770 984 orticariam
784 937 940 997 reversus,
959 914 1074 982 retulit
1097 935 1120 981 a
1136 913 1279 1004 prefato
1293 911 1441 979 dommo

288 1023 347 1102 N.,
363 1023 618 1092 monitorialt'ter
641 1023 743 1091 citato
769 1045 960 1114 responsum
979 1021 1092 1112 fecisse,
1115 1042 1182 1088 non
1206 1020 1260 1088 ibo
1285 1018 1355 1108 (vel
1371 1018 1442 1085 clia

286 1129 388 1196 verba
401 1129 444 1196 ab
457 1152 496 1198 eo
511 1129 648 1220 prolata.
663 1129 700 1199 si
715 1151 795 1197 vero
810 1131 946 1199 nuntius
959 1129 1110 1220 publicus
1123 1136 1219 1196 tetes
1228 1125 1438 1210 adhibuerit,

288 1244 321 1303 et
335 1257 445 1304 seeum
456 1237 498 1304 nd
513 1236 695 1305 actuarinm
710 1235 820 1324 ducat,
836 1237 925 1328 qood
939 1244 1048 1306 tamen
1061 1235 1277 1304 necessarium
1286 1255 1358 1301 non
1374 1245 1440 1318 εει,

287 1364 363 1410 cum
379 1342 440 1411 soli
454 1343 570 1411 nuntio
583 1343 714 1434 publico
727 1342 809 1412 fides
824 1343 1029 1430 adhibentur,
1043 1341 1195 1432 addatur)
1224 1369 1232 1409 :
1260 1339 1300 1408 dc
1316 1362 1391 1431 qno
1410 1351 1442 1406 et

288 1451 481 1540 tertessuere
493 1451 537 1518 N.
555 1460 587 1517 et
600 1452 645 1518 N.
661 1452 742 1518 Acta
755 1462 835 1518 sunt
850 1451 919 1519 tec
931 1449 985 1518 die
1053 1449 1171 1517 mermi
1243 1469 1383 1515 anno...
1395 1484 1442 1497 -

285 1557 360 1646 Epo
390 1559 448 1638 N„
479 1556 669 1648 episcopatis
697 1557 799 1626 curte
829 1558 973 1641 nuntias,
1004 1558 1139 1650 affirma
1169 1568 1207 1624 nt
1242 1577 1361 1647 surpra.
1395 1592 1442 1605 -

285 1665 359 1753 Epo
373 1666 416 1731 N.
440 1663 495 1754 sni
510 1663 609 1732 tertis.
635 1701 679 1716 -
706 1667 781 1756 Epo
808 1668 851 1736 N.
866 1665 922 1756 fni
949 1664 1048 1734 testis.
1079 1703 1124 1717 -
1148 1666 1222 1755 Epo
1237 1665 1294 1745 N,
1312 1673 1440 1730 aenea-

285 1789 402 1836 reus.»

330 1910 371 1979 n.
397 1911 434 1981 Si
451 1911 493 1979 od
506 1911 641 1981 alteram
661 1913 848 1983 citationem
865 1913 1101 1985 monitorialem
1121 1913 1164 1980 sit
1177 1907 1439 1998 deveniendum,

286 2019 446 2088 scribatur
461 2019 523 2089 hoc
535 2027 593 2089 ant
606 2021 708 2089 simili
723 2021 821 2092 modo
837 2045 845 2085 z

331 2154 431 2222 «Nor
452 2155 508 2234 N.‚
528 2155 791 2219 reverendetsimi
811 2155 968 2240 Episcopi
987 2156 1019 2221 N
1022 2203 1043 2236 .,
1069 2157 1216 2222 Viearins
1240 2152 1411 2236 poneretis
1429 2171 1440 2216 :

286 2282 362 2327 cnm
386 2262 538 2326 deminm
564 2264 619 2342 N,
643 2265 763 2326 citatas
789 2263 837 2327 ad
855 2263 1092 2346 testificandum
1116 2263 1150 2326 in
1173 2262 1233 2327 Ιιαο
1258 2261 1444 2346 episcopali

287 2372 392 2449 curia,
411 2389 529 2454 perere
551 2372 706 2450 renuerit,
723 2379 824 2453 prom
845 2372 879 2434 in
899 2373 999 2453 actir;
1012 2388 1150 2454 cumqne
1167 2377 1340 2454 propterea
1364 2370 1441 2451 pri-

288 2496 381 2541 mum
402 2479 615 2542 monitorium
634 2478 683 2542 ad
700 2497 776 2542 eum
795 2478 1025 2557 direxerimus,
1048 2479 1103 2542 cni
1123 2479 1250 2559 pariter
1270 2477 1440 2560 obtempe-

288 2603 365 2648 rare
377 2586 549 2662 remoavit,
566 2593 665 2666 prout
681 2587 781 2650 etiam
796 2587 831 2649 in
844 2588 949 2650 aetio:
967 2586 1086 2650 idcirco
1101 2583 1251 2648 eamdem
1263 2583 1441 2647 dominnm

289 2691 331 2754 N.
362 2693 480 2756 iterum
504 2693 755 2757 monitorialiter
781 2694 937 2770 citamus,
968 2692 1016 2756 nd
1041 2691 1294 2775 comparendum
1322 2709 1441 2755 coram

289 2797 381 2862 nobis
395 2799 482 2862 intra
497 2800 641 2882 quinque
657 2799 735 2876 dier,
748 2817 810 2882 pro
828 2799 967 2864 nectendo
987 2801 1124 2864 termino
1143 2802 1175 2863 ei
1195 2801 1394 2881 arsipnatos,
1412 2809 1443 2862 et

290 2925 312 2969 a
336 2907 547 2988 praesentium
571 2907 776 2971 intimatione
803 2908 868 2992 ipsi
890 2910 982 2990 sacta
1010 2906 1262 2990 computandos,
1288 2915 1326 2969 ut
1351 2905 1444 2970 dieat

290 3031 394 3096 quare
410 3031 475 3077 non
494 3013 608 3077 debeat
626 3022 665 3076 ut
682 3022 860 3078 contumax
875 3015 1003 3098 puniri.
1025 3013 1132 3098 lpiteer
1149 3015 1179 3078 si
1195 3013 1359 3096 (tepitima
1375 3032 1442 3077 non

291 3120 485 3203 impediente
503 3123 616 3204 caure)
630 3121 718 3184 intra
732 3121 856 3187 dietum
875 3123 1052 3187 terminum
1071 3141 1138 3187 sese
1151 3121 1199 3186 ad
1208 3131 1361 3186 nostnon
1382 3124 1440 3185 m·-

293 3228 396 3292 bunai
414 3229 524 3292 enitere
542 3229 698 3306 omiserit,
719 3231 848 3293 noverit
866 3249 924 3294 nos
941 3229 1078 3295 atterim
1098 3237 1211 3294 eontra
1233 3231 1342 3312 ipsimi
1367 3237 1440 3292 tarr·

291 3354 394 3419 quam
416 3343 637 3400 contumacem
655 3354 872 3419 processuros.
892 3339 1053 3404 Datum...
1072 3373 1112 3387 -
1130 3337 1164 3405 N
1165 3386 1187 3417 .,
1216 3335 1369 3404 Vicarinr
1386 3355 1441 3419 pe·

292 3441 425 3508 neraiir.
440 3477 482 3490 -
494 3443 528 3508 N
528 3491 550 3523 .,
565 3445 770 3509 actuarius.»

335 3578 392 3646 ΠΙ.
421 3577 458 3648 si
480 3601 540 3647 nee
559 3587 637 3648 tunc
658 3580 748 3648 tertis
765 3580 952 3672 resipuerit,
969 3581 1010 3651 ad
1027 3582 1155 3651 tertiam
1171 3603 1229 3651 seu
1250 3591 1439 3674 perempto-

294 3687 378 3756 riam
393 3685 605 3756 monitiouem
618 3686 814 3778 procedatur
828 3688 890 3758 hoe
905 3688 1002 3759 modo
1019 3717 1027 3757 :

298 3875 302 3882 ,
338 3820 440 3884 cNos
458 3820 513 3897 N,
535 3820 799 3886 reverendissimi
819 3822 974 3908 Episcopi
994 3824 1048 3903 N,
1077 3823 1223 3888 Vieerim
1241 3825 1440 3907 petieratis:

293 3946 369 3993 eum
394 3926 546 3991 dominus
566 3927 622 4005 N,
645 3928 693 3991 ad
713 3931 950 4010 testificandum
976 3931 1178 4015 inpendent
1202 3949 1305 3996 causa
1330 3950 1437 3997 eoram

293 4036 394 4100 Nobis
413 4041 554 4098 vertente
574 4035 765 4118 reperirem,
786 4039 896 4102 venire
918 4039 1079 4115 omiserit·
1107 4048 1137 4104 et
1154 4048 1270 4123 postea
1295 4040 1395 4105 semet
1407 4049 1437 4101 et

296 4145 414 4206 itemm
436 4140 688 4206 monitorialiter
708 4144 826 4208 citatur
849 4148 1060 4227 pertinaciter
1082 4147 1308 4230 obtemperare
1330 4165 1436 4211 remea

293 4251 349 4328 rit,
369 4258 469 4331 prout
482 4251 516 4311 in
543 4251 623 4313 actis
645 4270 656 4311 .·
679 4250 798 4316 idcireo
826 4255 970 4350 (nunerio
991 4255 1095 4318 nostri
1118 4253 1223 4317 debito
1252 4257 1434 4338 sete'ssaeere
