3050 4984
266 482 284 547 4
622 498 799 546 ιιιοιιτιιε
827 499 866 544 aa
888 495 1024 544 runicus.

263 622 380 691 versia.
397 621 441 690 Ut
454 628 565 689 autem
579 618 741 711 ejusmodi
753 619 926 687 declaratio
941 619 976 686 in
991 614 1235 707 strictiorijaris
1243 640 1342 685 sensu
1354 639 1407 685 aa·

264 729 440 797 curationis
459 729 594 795 nomine
607 726 721 796 donari
738 728 852 818 possit,
874 750 917 795 ex
940 746 1003 794 usu
1020 724 1174 817 loquendi
1190 724 1277 814 apud
1292 747 1407 793 omnes

264 845 406 927 recepto,
429 834 597 904 nonnullae
623 834 837 924 requiruntur
852 832 1064 901 conditiones.
1093 835 1124 898 1⁰
1146 832 1271 922 Nempe
1296 831 1409 922 requi-

263 944 348 1011 ritur
365 952 401 1010 ut
424 944 496 1010 talis
518 940 691 1010 declaratio
711 940 769 1007 fiat
784 938 901 1031 judici.
923 939 1007 1008 Nam
1033 938 1061 1006 si
1082 960 1143 1028 ego
1158 960 1269 1005 coram
1293 939 1408 1007 amicis

265 1054 346 1118 meis
361 1050 524 1117 affirmem
541 1049 666 1116 Titium
680 1048 868 1137 deliquisse,
883 1046 1069 1115 nallatenus
1085 1044 1157 1112 haec
1171 1069 1245 1113 mea
1257 1044 1408 1113 affirma-

262 1156 307 1224 tio
323 1157 480 1224 accusatio
495 1157 529 1222 in
546 1178 642 1223 sensu
654 1154 740 1246 juris
756 1155 829 1240 erit,
854 1161 966 1245 utpote
983 1152 1097 1222 nonin
1110 1152 1234 1244 judicio
1248 1176 1305 1219 seu
1319 1152 1407 1243 apud

260 1264 420 1355 judicem,
437 1262 494 1331 sed
510 1262 598 1354 apud
613 1262 693 1330 alios
708 1262 803 1329 facta.
827 1260 893 1330 Sed
913 1284 1019 1353 neque
1039 1260 1158 1329 sufficit
1170 1269 1206 1328 ut
1229 1260 1291 1351 ipsi
1303 1259 1407 1349 judici

264 1372 437 1463 deliquisse
461 1370 607 1461 aliquem
632 1368 815 1438 declaretur
840 1397 848 1437 :
877 1392 955 1437 nam
980 1373 1014 1435 2⁰
1039 1368 1102 1437 nisi
1122 1367 1223 1436 simul
1246 1367 1278 1434 id
1295 1368 1352 1435 fiat
1372 1368 1407 1435 in

263 1478 350 1545 hunc
375 1498 511 1567 scopum
537 1484 574 1543 ut
595 1486 763 1545 accusatus
785 1476 930 1545 vindicta
953 1476 1084 1569 publica
1108 1484 1303 1558 coerceatur,
1323 1496 1408 1543 non-

262 1584 344 1652 dum
367 1582 470 1651 aderit
489 1582 648 1652 accusatio
671 1584 802 1675 proprie
824 1582 922 1652 dicta.
948 1582 985 1651 Si
1000 1584 1090 1652 enim
1114 1582 1271 1651 delictum
1287 1605 1307 1650 a
1322 1581 1407 1650 Titio

261 1700 427 1783 patratum
440 1690 545 1782 judici
570 1698 687 1759 notam
713 1690 846 1774 faciam,
863 1693 899 1759 in
923 1690 1011 1759 hunc
1038 1690 1212 1759 dumtaxat
1230 1692 1343 1776 tinem,
1371 1696 1408 1756 ιιι

263 1799 424 1867 damnum
441 1799 524 1867 mihi
550 1821 608 1890 per
622 1798 787 1891 ejusmodi
806 1798 962 1867 delictum
979 1798 1108 1867 illatum
1124 1799 1230 1867 Titius
1253 1798 1408 1867 resarcire

262 1916 407 1996 cogatur,
425 1906 698 1974 actordumtaxat
712 1916 824 1975 contra
840 1906 967 1974 Titium
981 1929 1050 1992 ero,
1066 1929 1133 1974 non
1147 1914 1257 1973 alitem
1271 1928 1408 1973 accusa-

262 2029 324 2082 tor.
341 2016 423 2083 Item
438 2014 466 2081 si
481 2014 559 2081 Titii
576 2012 732 2081 delictum
748 2013 910 2105 superiori
926 2014 1087 2101 deferam,
1103 2037 1170 2081 non
1184 2022 1222 2081 ιιι
1243 2013 1407 2103 condigne

262 2124 417 2212 puniatur
431 2122 547 2206 Titius,
560 2143 665 2213 neque
676 2132 712 2189 ut
733 2121 896 2189 damnum
912 2121 995 2190 mibi
1007 2122 1171 2208 resarciat,
1184 2120 1241 2188 sed
1252 2121 1359 2189 solum
1372 2130 1409 2189 ut

261 2229 460 2320 asaperiore
483 2236 615 2319 paterne
638 2227 854 2297 admoneatur
880 2237 910 2296 et
926 2227 1196 2320 reprehendatur,
1221 2250 1308 2296 ame
1323 2228 1408 2295 facta

263 2360 328 2404 non
356 2337 479 2405 dicetur
505 2335 682 2415 accusatio,
701 2335 756 2402 sed
780 2334 983 2403 denuntiatio
1007 2357 1063 2404 seu
1089 2336 1218 2404 delatio.
1247 2334 1341 2405 Unde
1365 2334 1406 2403 ad
1519 2388 1521 2439 }

262 2444 436 2511 essentiam
460 2444 674 2510 accusationis
690 2443 821 2533 proprie
846 2441 940 2510 dictae
966 2442 1102 2511 omnino
1116 2443 1267 2533 pertinet,
1288 2450 1324 2509 ut
1349 2441 1408 2509 liat

261 2550 303 2618 ad
316 2548 497 2618 vindictam
507 2549 688 2639 publicum.
705 2549 746 2615 Et
770 2549 815 2615 ita
831 2549 1051 2618 communiter
1067 2549 1186 2616 sentire
1209 2548 1405 2634 canonistas,

263 2658 369 2726 videri
382 2666 486 2749 potest
509 2658 543 2722 in
559 2679 674 2725 eorum
698 2657 945 2724 commentariis
959 2656 1001 2724 ad
1015 2656 1151 2725 titulum
1168 2660 1199 2742 1,
1214 2656 1291 2724 libri
1309 2660 1326 2722 5
1343 2656 1408 2723 De·

259 2764 442 2833 cretalium.
462 2769 495 2830 3⁰
511 2764 634 2831 Alvero
650 2786 756 2854 neque
772 2762 927 2854 praedicta
948 2762 1121 2831 declaratio
1134 2762 1238 2853 judici
1262 2763 1346 2830 lacta
1365 2762 1406 2831 ad

262 2871 441 2940 vindictam
456 2870 635 2961 publicam,
663 2869 782 2938 sufficit
798 2870 839 2937 ad
852 2870 1115 2939 constituendam
1132 2870 1263 2960 proprie
1286 2869 1408 2938 dictam

260 2979 518 3057 accusationem3
542 2976 598 3045 sed
617 2977 751 3068 insuper
772 2977 950 3069 requiritur
966 2987 1002 3045 ut
1026 2978 1085 3070 qni
1108 2978 1152 3045 ita
1167 2976 1323 3063 affirmat,
1340 3000 1408 3046 sese

260 3087 380 3175 obliget
395 3084 436 3153 ad
453 3084 655 3177 probandam
672 3084 706 3151 in
728 3084 852 3175 judicio
876 3084 1106 3153 affirmationis
1127 3108 1196 3153 suae
1215 3084 1405 3167 ueritatem.

260 3194 345 3262 Nam
356 3194 383 3260 si
392 3192 494 3284 judici
509 3192 617 3259 diuam
632 3215 652 3259 a
666 3190 751 3259 Titio
764 3199 925 3282 patratam
940 3192 1039 3260 fuisse
1053 3192 1241 3278 simoniam,
1254 3201 1286 3260 et
1298 3199 1407 3282 petam

261 3308 295 3365 ιιι
308 3300 403 3390 juxta
418 3298 505 3387 leges
521 3297 554 3363 id
569 3298 695 3365 facinus
712 3298 884 3388 plectatur,
902 3297 957 3366 sed
972 3297 1136 3387 refugiam
1152 3298 1193 3366 ab
1209 3320 1307 3366 onere
1329 3320 1407 3389 pro-

263 3405 360 3473 bandi
374 3404 543 3495 injudicio
560 3404 647 3495 qnod
662 3404 842 3491 affirmavi,
856 3404 1006 3473 nondum
1021 3404 1056 3471 in
1071 3427 1168 3472 sensu
1177 3404 1263 3496 juris
1273 3426 1409 3472 accusa·

263 3527 315 3579 tor
329 3535 396 3597 ero,
414 3510 469 3579 sed
487 3512 724 3580 denuntiatoris
739 3534 796 3579 seu
812 3511 967 3581 delatoris
981 3535 1102 3580 nomen
1123 3512 1280 3580 retinebo.
1298 3513 1410 3581 Potest

263 3618 352 3685 enim
364 3617 435 3685 lieri
445 3616 752 3686 denuntiatioetiam
762 3618 993 3687 advindictam
1003 3619 1167 3709 publicam
1179 3619 1405 3705 obtinendam;

266 3747 323 3793 nec
337 3724 455 3793 desinit
471 3748 645 3793 assumere
661 3724 878 3810 denuntiatio,
896 3727 981 3795 utin
999 3727 1237 3795 accusationem
1252 3735 1407 3813 transeat,
1517 3809 1518 3814 ἵ

265 3832 326 3899 nisi
342 3833 473 3923 quando
488 3834 684 3900 denuntians
699 3855 770 3900 rem
786 3843 945 3901 assertam
962 3833 1130 3924 injudicio
1146 3833 1307 3923 probandi
1323 3856 1408 3903 onus
1517 3877 1518 3916 ,

265 3941 413 4007 assumit.
430 3940 514 4007 Hinc
539 3948 622 4007 recte
637 3940 779 4025 Lessius,
798 3941 837 4009 de
849 3940 958 4032 judice
978 3940 1140 4032 loquens:
1159 3962 1176 4007 (ι
1202 3940 1261 4007 Via
1275 3963 1410 4010 accusa-

272 4072 289 4113 «
313 4046 408 4113 tionis
430 4045 586 4137 procedit,
603 4045 734 4138 qnando
750 4058 797 4115 est
818 4048 935 4140 aliquis
957 4056 1057 4135 actor,
1074 4048 1131 4138 qui
1145 4046 1282 4139 spondet
1297 4071 1332 4116 se
1350 4048 1410 4116 ob-

271 4182 286 4217 «
308 4154 393 4243 jecta
408 4154 623 4244 probaturum
641 4181 649 4221 ι
665 4153 923 4223 denuntiationis
938 4178 1027 4241 vero,
1044 4156 1174 4247 quando
1183 4156 1304 4247 aliquis
1315 4156 1410 4224 detu-

273 4288 289 4329 r
312 4260 350 4327 lit
366 4260 490 4328 crimen
507 4261 563 4352 qui
586 4284 649 4328 non
669 4262 738 4332 vult
753 4263 916 4354 suscipere
937 4286 1021 4331 onus
1037 4264 1206 4355 probandi.
1235 4264 1304 4332 Hoc
1320 4264 1410 4332 euim
