3050 4984
269 408 330 470 152
642 428 817 473 vnnururus
841 430 879 471 nu
902 428 1034 473 artuicus.

310 549 335 615 l.
361 548 408 615 De
428 548 502 638 jure
522 548 691 615 communi
711 556 839 617 tenetur
856 548 960 638 judex
977 548 1211 617 ecclesiasticus
1228 549 1335 640 quoad
1350 551 1411 619 de-

266 656 340 722 licta
355 656 429 723 lacti
450 656 670 746 permanentis
689 656 910 725 visitationem
926 657 1070 747 corporis
1085 657 1193 725 delicti
1215 681 1272 747 per
1287 680 1334 739 se,
1357 660 1412 727 vel

265 786 323 851 per
338 762 507 853 deputatos
521 762 653 831 idoneos
668 762 784 831 lacere.
802 763 942 831 -Nam
964 763 996 831 id
1012 763 1231 854 praescribitur
1245 788 1285 832 ex
1302 765 1412 833 Justi-

265 871 381 938 nianeo
399 871 474 960 jure
491 870 572 961 (lege
588 874 672 940 Cum
686 872 802 953 aliter,·
818 894 958 941 necnon
974 872 1046 961 lege
1061 872 1246 942 Necessario
1264 876 1294 957 5,
1314 871 1348 939 ff.
1368 872 1411 940 de

264 978 299 1045 S.
318 978 355 1044 u.
380 976 501 1067 Silano)
522 1005 529 1045 :
548 978 680 1046 aliunde
699 979 733 1045 in
749 978 810 1047 hoc
831 979 930 1047 sacris
945 979 1123 1047 canonibus
1136 1001 1202 1047 uon
1216 977 1412 1047 adversatur

263 1083 464 1153 Justinianea
478 1084 645 1175 dispositio
663 1113 670 1152 :
689 1108 768 1175 ergo
781 1083 888 1177 quoad
901 1086 962 1154 hoc
976 1086 1099 1153 censeri
1115 1085 1209 1153 debet
1223 1086 1259 1152 in
1273 1086 1344 1154 foro
1356 1110 1408 1153 ac-

263 1191 437 1260 clesiastico
451 1194 572 1281 vigere.
588 1191 683 1273 Quod
695 1192 829 1285 insuper
841 1193 1042 1261 demonstrat
1052 1192 1245 1260 universalis
1259 1192 1413 1261 tribuna-

263 1299 347 1366 lium
363 1298 654 1367 ecclesiasticorum
671 1300 797 1390 praxis,
810 1322 868 1367 nec
883 1321 948 1368 non
963 1299 1206 1367 canonistarum
1217 1321 1408 1367 consensus.

265 1405 360 1494 (Vide
376 1406 680 1494 Schmalzgrueber,
698 1406 733 1473 iu
746 1407 795 1473 tit.
817 1410 848 1490 l,
864 1405 941 1473 libri
959 1410 975 1471 5
990 1407 1131 1492 Decret,
1146 1428 1179 1473 n.
1198 1405 1287 1495 212.)
1303 1406 1345 1473 Et
1356 1428 1410 1473 sa-

264 1514 388 1603 pienter
408 1513 578 1604 utriusque
601 1513 664 1580 fori
687 1512 853 1602 judicibus
878 1512 949 1580 haec
973 1535 1091 1581 norma
1112 1513 1259 1603 injuncta
1282 1522 1355 1580 est:
1381 1514 1411 1581 si

263 1620 367 1697 enim,
386 1619 476 1686 verbi
490 1620 607 1708 gratia,
621 1620 738 1706 Titius,
755 1620 812 1711 qui
827 1619 946 1687 dicitur
956 1642 975 1686 a
985 1620 1063 1689 Caio
1075 1620 1209 1707 occisus,
1225 1643 1282 1711 per
1293 1621 1411 1689 visita-

262 1726 385 1793 tionem
401 1725 546 1816 corporis
559 1726 668 1794 delicti
681 1727 862 1818 reperiatur
878 1728 912 1794 in
927 1726 1026 1795 domo
1042 1750 1101 1794 sua
1116 1729 1231 1795 vivens
1247 1735 1278 1795 et
1292 1750 1408 1815 sanus,

263 1833 358 1901 stulte
372 1832 476 1923 judex
492 1842 604 1901 conus
617 1844 805 1902 accusatum
820 1835 937 1904 Caium
951 1834 1037 1902 ultra
1051 1836 1247 1927 procederet.

306 1969 347 2036 ll.
368 1995 385 2032 «
405 1968 554 2037 Procedit
569 1969 630 2037 hoc
643 1970 743 2037 etiam
763 1992 840 2037 casu
859 1991 924 2061 quo
942 1992 1017 2038 reus
1036 1968 1199 2061 ejusmodi
1218 1971 1373 2040 delictum
1389 1998 1411 2041 a

267 2103 283 2139 a
307 2100 342 2143 se
356 2077 573 2145 commissum
589 2076 708 2144 fatetur
720 2104 727 2143 :
741 2076 958 2144 nihilominus
967 2078 1057 2144 enim
1068 2076 1281 2146 condemnari
1295 2079 1413 2169 nequit

268 2214 285 2249 «
307 2194 483 2276 antequam
495 2183 597 2275 judex
616 2183 742 2251 miserit
755 2184 789 2249 iu
803 2183 913 2251 locum
977 2212 984 2261 ;
995 2185 1072 2275 quia
1084 2208 1150 2253 non
1161 2193 1209 2254 est
1223 2185 1258 2252 in
1272 2186 1410 2255 arbitrio

267 2319 284 2356 c
307 2292 452 2359 hominis
463 2289 503 2359 de
519 2313 577 2358 sua
589 2291 655 2357 vita
667 2289 852 2381 disponere,
864 2291 947 2357 sicut
959 2291 994 2356 in
1006 2314 1103 2359 causa
1112 2292 1212 2377 civili,
1230 2292 1284 2359 uhi
1298 2294 1409 2383 quoad

267 2426 284 2463 a
309 2398 500 2490 temporalia
515 2398 600 2465 bona
614 2397 758 2487 seipsum
775 2398 848 2488 quis
864 2406 968 2489 potest
981 2421 1023 2465 en
1037 2422 1096 2466 sua
1112 2398 1312 2467 confessione
1326 2423 1411 2469 con·
1513 2450 1514 2473 t

267 2534 283 2571 a
306 2508 473 2573 damnare.
493 2532 510 2570 n
532 2503 849 2594 (Schmalzgrueber,
863 2505 934 2572 loco
949 2505 1069 2593 citato.)

308 2642 364 2709 111.
383 2642 418 2708 Si
436 2662 514 2707 vero
530 2638 686 2706 delictum
708 2638 844 2725 vestigia
860 2660 924 2705 non
942 2637 1122 2727 reliquerit,
1150 2640 1200 2706 vel
1215 2662 1253 2707 ea
1272 2641 1411 2731 vestigia

263 2750 422 2840 inspicere
444 2746 595 2837 possibile
617 2768 682 2812 non
705 2745 758 2832 sit,
782 2768 848 2812 uon
869 2744 1059 2834 requiritur,
1081 2754 1117 2813 ut
1138 2754 1236 2836 patet,
1260 2749 1409 2839 corporis

265 2858 373 2926 delicti
389 2855 540 2923 visitatio.

308 2994 365 3062 lv.
378 2992 536 3059 Formam
552 2986 754 3079 exequendae
771 2987 934 3079 ejusmodi
951 2988 1154 3073 visitationis,
1170 2998 1201 3057 et
1216 2989 1331 3057 eliade
1345 2991 1409 3059 hoc

262 3101 304 3169 ad
331 3100 462 3190 praxim
484 3099 565 3165 scitu
583 3096 778 3183 necessaria,
802 3094 901 3163 habes
924 3096 959 3164 in
981 3096 1173 3166 formulario
1201 3097 1309 3188 (iufra,
1335 3120 1407 3165 scc-

265 3207 351 3276 tione
371 3206 414 3295 6).

721 3443 865 3513 CAPUT
892 3444 950 3513 IV.

265 3664 303 3706 DE
327 3657 555 3706 mrossuartortu
577 3655 748 3715 sumntum,
774 3656 805 3699 ΙΝ
832 3654 979 3701 Processu
1007 3656 1161 3702 calumum
1190 3658 1407 3725 lNSTITUENDA,

465 3762 628 3817 ANTEQUAM
651 3760 777 3807 unsrun
800 3762 838 3805 ET
861 3761 1086 3807 cortsm'rutrun
1111 3762 1198 3809 REUS.

307 3984 497 4057 luformatio
513 3980 696 4051 summaria
709 3987 756 4047 est
773 3980 827 4047 ille
848 4002 1017 4071 processus
1037 3982 1192 4072 praevius,
1214 3982 1272 4073 qui
1293 3982 1331 4051 lit
1348 4007 1409 4075 per

265 4118 404 4171 exanren
423 4091 557 4158 testium
576 4088 618 4177 (et
636 4085 734 4153 etiam
748 4086 1042 4156 instrumentorum
1057 4088 1084 4155 si
1099 4087 1304 4181 habeantur),
1324 4114 1410 4159 non-

266 4210 348 4277 dum
361 4202 456 4270 citato
476 4219 535 4265 nec
548 4193 720 4262 constituto
735 4216 807 4280 reo;
829 4203 925 4285 atque
946 4195 980 4262 in
999 4194 1085 4263 lumc
1101 4194 1272 4266 dumtaxat
1289 4196 1407 4287 finem,
