3050 4984
279 512 337 573 lltl
650 528 823 573 'rnnora'rns
846 528 884 573 nn
906 528 1039 573 suntuna.

271 650 366 717 Multi
380 650 480 735 enim,
497 649 554 741 qui
567 649 655 739 apud
668 649 920 716 ecclesiasticum
932 646 1089 738 judicem,
1110 645 1159 713 vel
1168 644 1222 735 jus
1237 666 1346 730 snum,
1365 645 1421 711 vel
1514 636 1515 643 '

270 755 433 845 publicam
449 754 642 824 delictorum
659 755 836 824 vindictam
859 760 1113 845 persequuntur,
1131 774 1197 819 non
1212 759 1355 841 possent,
1374 750 1420 818 ob
1514 752 1515 755 ’

271 864 453 950 ignoratam
478 861 597 930 hancce
624 884 771 931 romanoe
794 859 1064 952 jurisprudentiae
1093 868 1231 950 partem,
1254 855 1421 948 ejusmodi

271 969 457 1037 formalitati
469 968 663 1037 satisfacere.
676 968 769 1037 Unde
781 966 956 1037 reddenda
966 966 1101 1057 justitiae
1113 964 1232 1034 nedum
1239 964 1418 1054 juvamini,

272 1075 437 1144 obstaculo
449 1077 557 1168 potius
567 1084 649 1144 esset
659 1075 744 1143 dicta
755 1075 939 1161 necessitas,
950 1072 1095 1165 atquead
1106 1070 1305 1140 intricandas
1318 1070 1422 1138 dnm-

269 1191 357 1250 taxat
371 1183 444 1251 lites
458 1184 493 1250 in
509 1182 580 1251 loro
596 1182 811 1251 ecclesiastico
825 1181 960 1251 valeret.

312 1289 456 1371 Qunsrio
472 1293 517 1357 3².
536 1328 580 1341 —
592 1292 644 1358 Ao
666 1289 844 1358 accessesit
859 1287 1094 1356 conclusionne
1109 1287 1216 1355 libello
1229 1290 1422 1377 opponere?

268 1397 525 1466 -Concludere
539 1397 575 1465 in
589 1396 710 1484 libello,
729 1397 812 1465 nihil
826 1395 915 1464 aliud
930 1404 976 1463 est
986 1418 1085 1486 qnam
1091 1394 1194 1485 judici
1207 1393 1421 1462 determinate
1514 1444 1515 1451 .

268 1504 468 1595 exprimere,
486 1504 566 1595 qnid
583 1514 710 1595 petatur
733 1505 775 1571 ab
791 1526 829 1572 eo
846 1514 957 1571 eontra
974 1526 1065 1571 reum
1083 1500 1299 1593 pronuntiari.
1321 1500 1421 1568 Unde
1514 1490 1515 1563 ζ

268 1612 398 1680 libellus
412 1611 517 1680 civilis
533 1612 697 1679 concludit
711 1611 849 1703 petendo
876 1634 895 1678 a
908 1610 1029 1702 jndice,
1046 1610 1138 1679 verbi
1153 1610 1270 1698 gratia,
1289 1617 1325 1677 nt
1341 1630 1422 1675 reus

267 1718 500 1787 condemnetur
515 1719 557 1787 ad
573 1718 764 1787 solvendam
781 1717 877 1786 talem
902 1740 1065 1785 summam
1095 1714 1315 1784 :criminalis
1340 1737 1420 1782 vero
1514 1788 1515 1791 Ἴ

268 1825 404 1915 petendo
420 1835 457 1893 ut
471 1847 547 1893 reus
561 1824 603 1892 ad
620 1824 716 1892 talem
729 1845 859 1915 pianum
875 1822 1121 1891 condemnetur.
1137 1821 1210 1903 Quo
1222 1827 1418 1911 praenotato,

271 1930 311 1997 ud
328 1935 542 2022 quaestionem

313 2037 505 2129 Respondco
523 2044 567 2105 1⁰.
586 2039 623 2104 ln
639 2038 748 2107 libello
761 2037 924 2106 criminali
942 2058 1068 2105 necesse
1084 2042 1213 2127 nonest
1231 2034 1422 2103 conclusio-

270 2170 345 2213 nem
371 2168 556 2237 apponere;
585 2146 662 2237 quia
684 2145 739 2213 lex
762 2145 835 2236 ipsa
863 2144 1030 2213 concludit
1056 2142 1136 2234 quid
1161 2164 1267 2234 poenae
1286 2140 1421 2209 cuilibet

269 2252 461 2321 delictorum
486 2254 603 2344 speciei
629 2253 670 2319 sit
699 2252 938 2341 infligendnm3
963 2260 1057 2342 atque
1079 2249 1223 2320 officium
1236 2248 1356 2340 judicis
1372 2258 1422 2317 est

271 2359 331 2428 boc
358 2361 456 2447 scire3
485 2384 544 2427 nee
572 2359 662 2427 decet
686 2359 722 2425 id
745 2360 809 2450 ipsi
834 2360 875 2426 ab
900 2368 1084 2426 accusatore
1113 2357 1166 2426 vel
1193 2356 1421 2424 denuntiatore

270 2467 416 2557 suggeri.
438 2467 578 2535 Aliunde
593 2465 752 2534 inutiliter
767 2468 801 2533 in
824 2466 933 2533 libello
948 2473 1112 2556 peteretur
1136 2484 1234 2555 prena
1250 2461 1353 2552 major
1368 2463 1421 2531 vel

272 2576 379 2640 minor
401 2597 450 2660 ea,
473 2597 572 2665 quarn
586 2573 627 2640 de
640 2572 715 2663 jure
731 2581 875 2641 meretur
895 2572 1048 2641 delictum
1063 2600 1070 2649 ;
1097 2572 1173 2661 quia
1187 2569 1228 2637 ad
1244 2570 1340 2637 talem
1358 2592 1422 2660 pe-

271 2682 417 2749 titionem
430 2674 533 2771 jud'ex
557 2703 624 2747 non
638 2679 733 2748 debet
755 2680 933 2765 attendere,
963 2677 1019 2746 sed
1044 2677 1197 2745 delictum
1218 2699 1277 2767 pro
1303 2678 1422 2745 merito
1514 2728 1515 2773 3

270 2789 409 2878 etjuxta
430 2788 511 2876 legis
536 2787 723 2877 prescripta
746 2808 905 2854 coercere.
935 2785 1022 2853 Satis
1038 2806 1118 2873 ergo
1141 2794 1188 2852 est
1205 2794 1240 2852 ut
1256 2785 1290 2850 in
1307 2784 1423 2852 libello

271 2893 432 2961 criminali
458 2895 543 2961 clare
559 2903 741 2984 exponatur
767 2894 888 2984 species
919 2892 1039 2979 delicti,
1067 2892 1189 2983 absque
1216 2890 1283 2958 ulla
1311 2913 1420 2981 preuae
1514 2946 1515 2965 .

270 2999 457 3089 infligendae
491 3000 686 3067 indicatione
717 3008 773 3068 aut
809 3000 1088 3067 determinatione.
1125 2998 1165 3065 Et
1195 2998 1241 3064 ita
1271 2996 1421 3067 doctores
1514 3046 1515 3057 .

271 3107 497 3174 communiter.
519 3104 616 3196 (Vide
641 3104 944 3195 Sohmalzgrnober,
968 3106 1002 3173 in
1017 3106 1067 3173 tit.
1097 3108 1129 3191 3,
1146 3103 1256 3171 libri2
1275 3104 1418 3191 Deerat,
1514 3156 1515 3165 .

285 3216 290 3232 ’
312 3218 325 3279 l
361 3237 393 3279 n.
413 3218 443 3280 l.

238 3381 240 3386 .
273 3226 293 3303 S
317 3214 507 3411 liesponileo
536 3324 581 3387 2⁰.
608 3321 646 3387 ln
670 3319 779 3387 libello
804 3317 907 3405 civili,
926 3318 1262 3387 omnino-necessaria
1276 3326 1324 3385 est
1338 3340 1422 3385 con-

270 3428 383 3495 clusio.
402 3423 486 3494 Nam
511 3450 609 3518 penes
634 3436 777 3495 actorem
801 3437 848 3495 est
872 3427 1004 3515 exigere
1020 3427 1192 3494 dumtaxat
1205 3433 1330 3517 partem
1347 3426 1422 3517 ejus

273 3534 360 3625 quod
376 3534 439 3601 sibi
455 3534 601 3620 debetur,
630 3543 661 3601 et
681 3534 846 3625 reliquum
861 3533 1000 3602 debitori
1016 3534 1190 3601 remittere.
1209 3534 1292 3601 Hinc
1307 3533 1335 3601 si
1350 3535 1418 3621 cni,

277 3643 366 3710 verbi
396 3646 511 3730 gratia,
542 3641 721 3709 debeantur
746 3653 877 3710 cantum
894 3640 1037 3728 nummi,
1068 3652 1100 3707 et
1130 3640 1192 3731 ipsi
1208 3641 1332 3732 placeat
1346 3642 1422 3709 exi·

275 3772 350 3838 gere
375 3749 545 3816 dumtaxat
570 3748 821 3839 quinquaginta,
848 3748 951 3840 judex
981 3748 1229 3816 condemnando
1259 3770 1354 3816 reum
1379 3750 1422 3817 ad

273 3869 404 3925 centum
420 3859 631 3924 nummorum
646 3855 853 3943 solutionem,
874 3856 994 3947 injuste
1014 3856 1240 3946 pronuntiaret
1261 3879 1268 3919 :
1288 3854 1423 3925 laederet

278 3988 392 4056 nempe
416 3964 470 4054 jus
486 3987 543 4031 sen
571 3962 753 4030 facultatem
782 3986 881 4055 quam
911 3963 1006 4031 habet
1029 3974 1117 4031 actor
1133 3962 1302 4031 dimidiam
1319 3962 1423 4031 debiti
1514 3956 1515 4039 Ῠ

279 4081 414 4162 partem,
433 4073 460 4139 si
476 4071 567 4158 velit,
585 4070 781 4138 remittendi.
799 4071 871 4139 Non
887 4080 989 4161 potest
1009 4094 1087 4161 ergo
1100 4070 1203 4162 judex
1224 4070 1258 4137 in
1273 4070 1423 4140 favorem

278 4182 395 4247 actoris
410 4181 485 4271 plus
500 4179 671 4247 decernere
687 4200 786 4269 qnam
811 4178 879 4269 ipse
906 4178 995 4268 petit.
1022 4180 1109 4267 Ergo
1137 4179 1231 4246 debet
1252 4178 1347 4269 juxta
1363 4202 1423 4270 pe·
1514 4236 1515 4263 ,

280 4288 421 4356 titionem
442 4289 560 4357 actoris
578 4288 617 4379 (si
635 4295 740 4353 tamen
753 4286 842 4376 justa
857 4286 1046 4375 reperiatur)
1065 4286 1276 4375 pronuntiare
1298 4314 1304 4352 :
1323 4296 1423 4377 atque
1514 4270 1515 4345 i
