3050 4984
528 493 604 543 reas
627 493 773 543 manuum
1156 476 1219 545 ete

76 610 216 681 maritus
242 612 286 680 sit
312 620 409 706 aptus
436 614 479 684 ad
506 616 670 709 copulam.
701 617 730 686 E
758 623 871 687 contra
902 615 939 687 in
968 616 1088 689 ultimo
1117 618 1221 713 capite

74 717 224 810 ejusdem
241 719 326 790 tituli
339 723 407 813 (to,
423 722 500 791 libri
514 724 698 816 mearet),
709 723 867 795 adversus
877 723 1128 795 matrimonium
1141 748 1220 795 con·

74 848 217 918 querens
230 827 361 897 auditur
376 838 449 923 post
459 840 532 901 octo
546 831 794 901 cohabitationis
804 854 918 902 annos.
935 833 1007 902 lmo
1021 832 1125 924 capite
1138 836 1222 905 Fra·

75 934 240 1003 termitetis
253 938 299 1027 (d,
310 936 398 1007 tituli
413 940 466 1027 to,
479 938 558 1007 libri
571 938 757 1029 mearet),
768 940 924 1009 statuitur
933 938 1133 1010 audiendum
1148 948 1222 1033 post

75 1041 198 1112 multos
212 1043 312 1112 etiam
336 1066 451 1113 annos.
468 1046 516 1114 De
540 1046 775 1117 concordandis
797 1046 869 1117 istis
881 1046 1027 1117 textibus
1042 1046 1123 1139 quid
1136 1048 1224 1117 varii

72 1149 288 1221 disseruerint
296 1152 473 1221 canonistas
485 1153 784 1245 praetermittentes,
798 1154 1036 1246 subjungemus
1048 1155 1223 1227 dumtaxat

73 1258 183 1348 magis
209 1266 386 1351 receptam,
402 1268 500 1352 prout
521 1283 543 1329 a
565 1260 725 1352 praeclaro
745 1260 1039 1351 Schmelzgrueber
1063 1261 1220 1351 traditur,

72 1362 273 1434 difficultatis
288 1366 495 1437 solutionem.
519 1366 612 1437 «Vel
627 1376 765 1460 uterque
780 1368 903 1461 conjnx
920 1369 1039 1462 (inquit
1053 1368 1120 1461 ille)
1138 1368 1221 1439 fate·

76 1478 175 1539 atur
200 1471 474 1564 impedimentum
499 1473 706 1562 alterutrius,
736 1474 788 1543 vel
815 1496 902 1545 unus
929 1476 1038 1547 solum
1064 1475 1223 1549 adversus

75 1604 95 1642 a
118 1578 370 1648 matrimonium
398 1578 441 1649 ob
464 1580 690 1672 impotentiam
712 1580 905 1673 proclamat,
922 1582 1004 1651 alter
1025 1604 1102 1653 vero
1115 1584 1222 1677 impo-

78 1710 98 1751 a
121 1684 259 1754 tentiam
275 1695 385 1777 negat.

123 1818 141 1859 c
164 1794 208 1861 Si
224 1794 387 1885 primum,
403 1794 559 1866 audiendi
572 1803 651 1865 sunt
674 1796 915 1887 proclamantes
929 1796 1086 1869 adversus
1102 1800 1221 1871 matri-

75 1922 95 1965 «
120 1900 273 1968 monium
287 1923 495 1993 quocumque
521 1910 679 1993 tempore,
706 1903 806 1971 etiam
821 1909 895 1994 post
919 1902 1041 1975 multos
1055 1928 1171 1995 annos,
1187 1914 1224 1976 nt

75 2031 95 2071 α
118 2013 204 2075 recte
218 2006 383 2097 colligitur
404 2029 446 2077 ex
461 2008 565 2099 capite
590 2008 824 2078 Fratemitetis
842 2011 886 2101 (6,
910 2009 999 2079 tituli
1025 2012 1078 2101 lb,
1099 2012 1176 2083 libri
1201 2018 1220 2082 l

74 2139 94 2179 α
118 2114 273 2205 Deerat),
287 2121 320 2183 et
342 2114 447 2206 capite
462 2114 555 2183 finali
572 2114 733 2208 (ejusdem
749 2114 846 2207 tituli)
875 2115 1001 2205 citatis;
1024 2118 1103 2210 quia
1117 2128 1222 2189 tractu

75 2247 96 2288 a
119 2221 277 2313 temporis
289 2221 534 2292 matrimonium
550 2222 680 2293 irritum
695 2245 762 2292 non
776 2226 939 2295 firmatur.

122 2338 400 2423 «sesecundum,
417 2338 602 2409 videndum
617 2346 665 2408 est
680 2362 723 2409 au
737 2339 949 2431 proclamatio
962 2340 1020 2411 fiat
1034 2350 1108 2412 ante
1118 2342 1220 2413 trien·

74 2470 95 2510 a
118 2445 224 2533 nium,
240 2447 282 2514 ab
296 2445 496 2537 experientia
507 2445 661 2538 potentie
677 2445 731 2515 vel
746 2446 944 2538 impotentiae
960 2448 1067 2540 ajune
1085 2470 1221 2521 conces-

76 2578 94 2619 s
118 2574 208 2641 sum,
223 2552 277 2621 vel
292 2560 365 2644 post
379 2552 473 2622 illud.

122 2685 142 2727 a
155 2660 198 2728 Si
208 2672 283 2751 post
297 2659 393 2743 illud,
411 2658 574 2731 audienda
586 2667 724 2752 estpars
738 2660 957 2754 proclamans,
971 2662 1072 2733 etiam
1087 2671 1220 2735 contra·-

74 2792 95 2833 α
117 2765 244 2836 dicente
259 2766 372 2855 altera
387 2768 559 2838 utiterum
574 2767 739 2859 colligitur
752 2791 796 2839 cx
811 2772 914 2861 capite
929 2772 1174 2858 Fratemitatis‚
1187 2784 1219 2845 et

75 2898 96 2941 c
117 2873 221 2966 capite
233 2874 324 2943 finali
338 2875 454 2944 citatis.

121 3008 139 3047 a
155 2982 196 3050 Si
210 2995 286 3051 onte
301 2982 494 3067 triennium,
512 2982 632 3053 iterum
646 2982 916 3075 distinguendum
934 2992 994 3075 est,
1017 3007 1058 3055 an
1088 2989 1219 3081 procla-

74 3116 95 3156 «
118 3112 214 3159 mane
226 3089 373 3181 allegatae
387 3112 408 3159 a
421 3113 456 3159 se
468 3091 669 3183 impotentia
681 3091 777 3182 signa
789 3099 888 3179 certa,
904 3100 961 3162 aut
974 3094 1087 3165 saltem
1099 3097 1221 3167 verisi-

75 3224 95 3267 α
117 3197 220 3285 milia,
233 3196 359 3287 afferat,
375 3220 419 3269 an
433 3220 513 3268 vero
538 3197 640 3267 dubia
652 3198 835 3269 dumtaxat.
853 3199 896 3268 Si
909 3212 997 3269 certa
1023 3215 1084 3272 aut
1100 3204 1217 3275 saltem

74 3331 95 3373 c
117 3304 321 3388 verisimilia,
337 3304 446 3374 audiri
458 3304 554 3375 debet
566 3306 664 3375 etiem
674 3314 749 3375 ente
763 3307 960 3377 triennalem
970 3310 1216 3401 experientiam.

73 3438 96 3479 «
118 3411 161 3479 Si
170 3434 245 3480 vcro
260 3410 362 3481 dubia
376 3411 494 3494 solum,
513 3418 588 3479 ante
599 3411 793 3481 triennalem
807 3410 1041 3503 experientiam
1053 3414 1220 3486 audientia

74 3545 95 3587 a
117 3518 167 3587 illi
181 3518 379 3608 denegatum
395 3540 461 3588 non
486 3525 596 3586 emen
609 3525 683 3610 post
697 3518 806 3599 illam;
825 3517 892 3587 imo
908 3540 967 3589 nec
981 3531 1056 3590 ante
1069 3522 1171 3607 illam,
1189 3527 1217 3593 si

74 3652 96 3693 a
118 3626 239 3716 statim,
256 3626 291 3695 id
306 3634 366 3714 est,
379 3633 451 3718 post
463 3648 571 3696 uuum
585 3626 639 3695 vel
652 3625 736 3695 duos
751 3648 891 3714 menses,
908 3629 1216 3721 scopulaeattenta-

74 3760 95 3802 a
116 3734 204 3803 tione
219 3734 327 3825 lapsos
339 3733 517 3825 proclamet
533 3733 612 3825 :qui
627 3733 792 3823 genuinus
806 3741 854 3803 est
863 3756 978 3803 sensus
992 3736 1107 3828 capitis
1122 3741 1217 3808 Acce·

73 3868 94 3909 a
111 3842 210 3935 pistis
233 3841 368 3911 citati.»
390 3840 704 3934 (Schmalzgrueber,
720 3842 756 3911 iu
771 3842 822 3911 tit.
853 3845 907 3933 15,
933 3842 1011 3913 libri
1031 3848 1050 3912 t
1073 3844 1214 3937 Decret,

69 3974 106 4019 n.
121 3954 163 4017 73
177 3958 208 4020 et
222 3948 305 4042 seq.)

115 4058 259 4141 Qunsuo
276 4061 324 4126 l⁸.
340 4096 386 4111 -
401 4056 574 4145 Quomodo
585 4056 730 4149 probata
745 4078 809 4127 esse
822 4055 937 4127 debeat
950 4058 1157 4149 impotentia,
1175 4076 1215 4132 ut

70 4188 113 4234 eu
128 4166 280 4258 capessit
289 4164 400 4257 judex
413 4164 640 4235 ecclesiasticus
653 4164 864 4233 matrimonii
870 4165 1059 4235 multitatem
1063 4190 1220 4259 promm-

71 4273 181 4342 tiore?
194 4311 239 4326 -
256 4276 287 4342 l.
301 4272 437 4343 Certum
450 4281 500 4343 est
512 4272 736 4364 impotentiam
751 4294 822 4341 esee
835 4272 1058 4363 probandam3
1075 4298 1134 4345 nec
1150 4278 1219 4349 suf-

235 4398 269 4444 11.
1020 4386 1059 4447 aa
