3050 4984
562 480 636 527 rras
658 478 804 527 secusne.
1185 460 1246 527 sm

110 604 233 673 tiatur:
251 602 354 677 Nulla
368 602 420 694 (ei)
438 604 484 672 od
491 603 618 695 priores
641 602 781 684 ordines,
799 599 923 692 produ
939 612 972 669 et
991 600 1167 693 dipnitates
1184 605 1250 672 siue

109 713 250 780 lronores
265 710 426 780 restitutio
440 710 647 801 mffrapetur.
666 711 747 793 Qum
763 708 863 777 verba
877 707 1060 799 impediunt
1070 732 1111 778 ne
1125 710 1250 779 Metro-

111 818 289 912 politanus,
307 817 486 903 Primasve,
507 824 563 885 aut
582 816 772 885 Patriarcha
791 815 895 907 possit
915 837 1045 884 causam
1064 820 1251 909 suspensio-

111 928 177 1015 nis,
205 927 247 994 ab
271 926 429 1018 Episcopo
455 926 545 1009 latae,
574 926 607 992 in
637 923 780 993 secunda
808 924 963 991 instantia
989 946 1194 1013 cognoscere,
1219 934 1253 993 et

111 1032 357 1126 suspensionem
373 1033 492 1101 levare.
510 1031 605 1113 Quod
620 1031 705 1099 idem
726 1042 774 1099 est
793 1053 831 1098 ac
849 1032 1074 1121 pronuntiare,
1095 1052 1160 1100 non
1180 1032 1252 1101 dari

111 1163 132 1209 a
162 1140 258 1209 dictis
285 1140 552 1232 suspensionibus
590 1138 851 1231 appellationem.
879 1138 965 1205 Dum
994 1146 1103 1207 autem
1134 1140 1253 1209 dicitur

112 1248 216 1319 Nulla
231 1248 361 1317 licentia
375 1270 522 1317 concessa
595 1246 690 1315 nulla
701 1244 865 1313 restitutio
879 1245 1087 1337 ntffrapetur,
1102 1246 1136 1315 id
1150 1248 1251 1317 intel-

111 1356 283 1446 ligendum
292 1365 340 1425 est
354 1355 395 1423 da
410 1354 534 1423 caeteris
547 1352 770 1445 superioribus
783 1360 903 1444 preater
913 1352 1035 1443 Papam
1046 1382 1054 1432 ;
1067 1376 1142 1423 nam
1154 1354 1252 1425 Sum-

114 1486 190 1533 mus
208 1462 357 1531 Pontifex
379 1484 447 1529 non
466 1460 572 1552 potuit
595 1458 656 1529 sub
674 1457 735 1527 hac
756 1457 1005 1549 prohibitiones
1019 1461 1145 1551 synodo
1163 1484 1254 1531 oom-

113 1569 290 1663 prebendi;
315 1569 403 1638 unde
428 1577 522 1637 extra
543 1566 680 1635 dubium
702 1573 762 1653 est,
788 1573 897 1657 patere
919 1588 1049 1658 semper
1066 1567 1108 1635 ad
1130 1568 1252 1661 Papam

113 1699 296 1762 recursum,
318 1686 350 1745 et
375 1698 468 1766 posse
490 1673 650 1767 quaslibet
669 1672 887 1741 Praelatorum
912 1694 954 1741 ex
979 1673 1153 1743 informata
1171 1698 1255 1745 oon·

114 1785 248 1853 scientia
262 1784 436 1853 sententias
455 1804 475 1849 a
494 1780 577 1850 Sede
593 1779 778 1872 Apostolioa
798 1779 928 1866 discuti,
945 1788 978 1847 et
992 1780 1032 1870 (si
1048 1780 1129 1850 forte
1146 1785 1254 1852 minus

113 1900 212 1961 rectu
227 1890 343 1981 forent)
361 1888 535 1958 annullari.
553 1888 625 1957 Non
636 1896 745 1955 tamen
758 1886 892 1955 omnino
902 1897 1050 1955 amurate
1061 1888 1254 1960 diceretura

114 2001 210 2069 dictis
224 1999 390 2067 sententiis
403 1997 476 2065 dari
496 1994 538 2064 ad
555 1996 677 2087 Papam
697 1992 952 2085 appellationem
958 2019 972 2077 ,·
986 1996 1063 2085 quia
1076 1998 1255 2088 appellatio

113 2107 246 2200 proprie
270 2114 404 2174 vocatur
420 2102 605 2196 provocatio
625 2101 666 2170 ad
686 2102 887 2192 superiorem
901 2100 1078 2191 judioema
1097 2107 1255 2173 saumatis

107 2214 318 2307 judicialiter
328 2213 412 2282 lata:
426 2212 480 2280 hic
496 2234 573 2280 vero
582 2210 692 2300 agitur
705 2210 746 2277 de
761 2210 927 2277 sententiis
935 2211 1255 2302 entra-judicialiter

112 2322 206 2409 latis;
225 2319 311 2390 unde
327 2320 398 2389 dari
413 2340 580 2389 recursum
602 2315 642 2385 ad
658 2317 794 2408 Papam,
820 2338 885 2385 non
909 2338 987 2385 vero
1006 2317 1254 2409 appellationem

114 2429 291 2499 dicendum
306 2438 364 2497 est.

158 2537 322 2606 Probatur
346 2539 379 2603 2⁰
400 2556 441 2603 ax
465 2532 680 2601 decisionibus
707 2530 817 2599 Sacrae
843 2530 1115 2621 Congregationis
1138 2534 1255 2602 Conci-

113 2644 164 2729 lii,
180 2644 249 2734 jam
263 2640 424 2733 superiori
440 2640 541 2732 capite
557 2638 715 2707 adductis.
735 2638 775 2704 ln
790 2659 888 2706 cansa
910 2659 1025 2727 nempe
1043 2638 1252 2728 Bononiensi,

116 2754 158 2819 14
172 2748 360 2818 novembris
376 2751 473 2835 1654,
490 2746 688 2839 postulatum
700 2744 820 2830 fuerat,
833 2766 875 2811 un
886 2744 997 2813 liceret
1009 2744 1168 2838 Episcopo
1183 2770 1257 2817 sus·

115 2859 258 2953 pendere
285 2853 589 2947 extra-judicialiter
617 2852 750 2921 clericos
781 2861 813 2920 et
836 2853 1043 2943 presbyteros
1070 2854 1254 2943 affirmares,

113 2968 214 3036 etiam
230 2965 401 3057 parochos,
415 2961 547 3031 sublata
561 2960 604 3028 eis
616 2958 780 3052 facultate
794 2958 1004 3051 appellandi·
1019 2968 1051 3028 et
1064 2982 1258 3053 responsum

114 3081 166 3141 est
179 3070 388 3164 affirmative.
406 3068 486 3137 Item
501 3067 535 3134 in
551 3064 713 3157 superiori
722 3063 825 3154 capite
836 3063 1009 3132 citavimus
1022 3066 1196 3156 quemdam
1210 3066 1259 3135 lo-

114 3201 192 3249 cum
206 3176 418 3267 manuscripti
431 3173 620 3259 authentici,
634 3172 722 3263 quod
738 3170 929 3240 inscribitur
941 3171 1035 3239 Libri
1038 3172 1256 3263 positionum,

115 3286 175 3357 ubi
189 3286 230 3354 de
243 3282 452 3375 suspensione
466 3278 720 3371 extra-judiciali
732 3278 774 3346 ab
784 3277 941 3346 exercitio
956 3301 1044 3348 curae
1057 3279 1104 3347 sic
1120 3280 1259 3350 refertur

116 3394 218 3464 fuisse
232 3392 378 3461 decisum
398 3418 405 3458 :
424 3392 531 3458 Sacro
555 3386 775 3479 Conprepotio
794 3384 930 3454 Consilii
942 3386 1065 3455 censuit
1080 3387 1122 3455 ab
1134 3387 1260 3480 iujus-

115 3500 210 3572 rnodi
222 3499 428 3592 suspensione
441 3520 508 3565 non
517 3496 594 3566 dori
606 3493 872 3587 appellationem.
888 3493 929 3561 Et
941 3492 1060 3563 ibidem
1074 3498 1172 3587 paulo
1183 3508 1258 3567 ante

114 3608 287 3678 attulimus
308 3628 348 3674 ex
366 3604 597 3695 manuscripto,
615 3603 668 3671 oui
687 3600 802 3670 titulus
822 3599 916 3668 Libri
932 3600 1120 3671 litterarum
1141 3605 1257 3674 ursito-

116 3716 229 3799 tionis,
253 3723 440 3806 sequentem
467 3710 728 3795 declarationem,
751 3732 827 3800 quae
850 3709 979 3800 respicit
999 3709 1259 3782 interdictionem

115 3826 159 3895 ab
173 3846 308 3891 ascensu
323 3820 363 3889 ad
375 3820 519 3905 ordines,
532 3841 573 3887 ex
584 3817 760 3886 informata
774 3816 969 3885 couscientia
982 3818 1023 3886 ab
1040 3818 1196 3909 Episcopo
1212 3821 1260 3889 la-

115 3946 184 4003 tam
201 3960 208 3999 :
229 3929 445 4023 Conpreqctio
460 3950 526 3997 non
537 3926 637 3995 semel
650 3924 840 4005 declararit,
864 3924 907 3992 ab
924 3923 1259 4017 lzujrrsmodijudicio

115 4037 249 4107 nullam
264 4034 339 4104 dori
351 4032 617 4125 appellationem,
634 4030 691 4098 sed
704 4050 871 4099 recursum
886 4028 1065 4099 dumtaxat
1079 4030 1126 4098 ad
1138 4032 1258 4101 Sedem

115 4142 351 4236 Apostolicom.
366 4141 404 4207 ln
418 4138 502 4208 libro
518 4142 558 4205 22
575 4138 831 4220 Memorialium,
850 4139 969 4228 pagina
982 4142 1038 4223 24,
1051 4137 1189 4207 babetur
1203 4140 1261 4207 de·

116 4252 199 4323 cisio
213 4249 322 4318 Sacrae
337 4246 607 4337 congregationis
617 4244 768 4331 Goncilii,
785 4244 846 4312 sub
861 4244 913 4313 die
932 4248 974 4313 22
985 4243 1069 4334 junii
1095 4248 1191 4337 1582,
1209 4255 1260 4317 te-
