3050 4984
565 528 641 581 ruas
662 534 811 582 sumnus.
1190 511 1252 583 tut

111 654 398 743 pronuntiantem
417 655 548 745 quarela
565 676 684 747 nempe
703 655 875 743 nullitatia,
897 656 1081 747 appellatio,
1104 666 1135 726 et
1158 657 1253 725 reati·

110 758 198 828 tutia
213 759 247 827 in
263 760 437 849 integrum.
448 760 521 828 Duo
537 761 645 852 priora
658 760 803 829 remedia
815 760 983 831 ordinaria
996 776 1152 833 vocantur
1167 788 1174 830 :
1189 770 1254 831 ter-

109 866 336 953 tiumautem,
353 866 496 959 eoquod
518 867 713 963 regulariter
724 860 859 936 ¹nonnisi
878 866 1104 938 deficientibus
1124 868 1253 939 duobus

109 972 277 1063 prioribus
299 973 510 1063 muematur,
536 976 832 1049 extraordinarium
855 998 911 1049 seu
932 976 1166 1051 subsidiarium
1188 976 1253 1048 diei

109 1079 204 1150 solet.

641 1314 721 1404 §a

270 1487 307 1538 De
324 1488 500 1552 appellatione
517 1492 543 1540 et
558 1490 664 1553 querela
679 1490 806 1542 uullintls
823 1490 850 1541 iu
867 1502 991 1556 processu
1008 1489 1088 1541 atriti.

155 1730 278 1814 Quoad
289 1732 555 1823 appellationem,
573 1732 686 1802 eadem
701 1740 750 1800 est
762 1730 870 1801 civilis
883 1740 915 1800 et
928 1732 1105 1801 criminalis
1121 1754 1250 1825 prooes-

106 1861 166 1907 sus
192 1860 318 1907 norma.
344 1839 439 1909 Unde
463 1861 538 1931 quae
562 1838 648 1908 dieta
672 1848 749 1907 suut
775 1860 875 1931 supra
901 1838 941 1908 de
967 1838 1248 1931 appellationibus,

105 1944 243 2015 relative
266 1947 308 2013 ad
329 1946 513 2015 criminales
535 1968 665 2031 causas,
691 1944 842 2014 civilibus
864 1944 960 2014 etiam
982 1945 1173 2037 applicanda
1194 1966 1252 2014 ve-

107 2052 216 2121 aiunt.

151 2158 241 2227 Idem
257 2158 432 2228 dicendum
445 2158 485 2227 de
498 2158 629 2251 quarela
647 2157 822 2227 nullitatis.
846 2158 941 2241 Quod
961 2158 1154 2245 remedium,
1175 2182 1250 2228 cunr

106 2263 221 2355 magui
235 2266 392 2335 momenti
407 2266 462 2353 sit,
476 2274 573 2357 atque
588 2265 710 2333 cursim
724 2264 895 2333 dumtaxat
908 2286 1008 2354 snpra
1025 2263 1076 2355 (de
1089 2264 1250 2333 criminali

107 2394 259 2461 processu
273 2371 472 2460 disserendo)
488 2371 665 2440 indicatum
680 2370 792 2457 fuerit,
808 2371 861 2441 hie
876 2372 1003 2462 plenius
1018 2369 1249 2462 exponendum

105 2476 275 2547 duximus.
769 2554 771 2559 ,

150 2583 294 2666 Quaene
312 2590 356 2653 1⁸.
372 2624 416 2637 -
430 2584 622 2677 Quotuplica'
632 2584 730 2654 mado
742 2584 1087 2677 continpatsententia
1098 2584 1247 2655 nraellitas.

103 2729 151 2743 -
168 2690 368 2760 «Sententia
383 2691 439 2780 (ait
453 2689 642 2781 Pellegrini,
667 2700 756 2781 parte
774 2694 806 2776 2,
824 2701 899 2757 sect.
919 2692 951 2775 3,
970 2688 1059 2756 subs.
1086 2692 1114 2774 1,
1139 2711 1170 2757 o.
1191 2688 1245 2779 79)

108 2825 126 2864 a
149 2798 241 2866 nulla
262 2798 332 2889 ipso
348 2796 422 2888 jure
440 2797 558 2866 dieitur
581 2796 691 2864 decem
712 2796 817 2867 modis
840 2824 847 2865 :
869 2796 987 2887 primo,
1014 2794 1136 2863 ratione
1156 2796 1249 2886 judi-

107 2932 124 2970 α
148 2905 206 2973 eis.
229 2904 397 2991 Secundo,
422 2904 547 2973 ratione
565 2902 812 2995 jurisdictionis.
831 2901 952 2989 Tertio,
976 2901 1098 2969 ratione
1114 2900 1247 2990 litigan-

106 3040 124 3078 α
149 3014 244 3083 tium.
260 3012 397 3099 Quarto,
419 3011 543 3081 ratione
557 3011 631 3079 loci.
649 3009 784 3096 Quinto,
801 3011 925 3080 ratione
942 3008 1106 3099 temporis.
1131 3007 1245 3097 Sexto,

106 3148 124 3185 a
147 3118 271 3188 ratione
285 3142 405 3188 eausa.
430 3118 589 3209 Septimo,
606 3118 730 3186 ratione
750 3116 951 3209 quantitatis.
969 3116 1103 3203 Octavo,
1122 3116 1247 3187 ratione

101 3252 120 3295 a
148 3226 249 3297 modi.
270 3227 381 3313 Nouo,
404 3226 534 3295 ratione
553 3248 734 3319 processus.
752 3224 896 3312 Decimo,
919 3224 1044 3293 ratione
1066 3224 1244 3295 manifestae

103 3362 123 3401 u
148 3334 340 3425 iniquitatis,
364 3359 382 3398 r>
475 3380 477 3383 ψ

146 3440 314 3510 Sententia
336 3451 384 3508 est
406 3439 497 3507 nulla
519 3439 647 3506 ratione
662 3437 801 3529 jadias,
829 3435 959 3528 quando
983 3436 1086 3528 judex
1112 3446 1160 3506 est
1183 3462 1244 3529 pu-

100 3548 185 3618 blica
206 3547 522 3632 excommunicatum
544 3546 677 3635 quaudo
699 3555 747 3613 est
768 3544 918 3623 inlamis;
940 3543 1072 3635 quaudo
1095 3546 1244 3613 mercede

99 3665 275 3745 corruptus
293 3653 484 3721 seutentiam
505 3651 742 3744 pronuntiavit3
766 3650 897 3741 quando
915 3660 963 3719 est
983 3651 1083 3719 laicus
1101 3660 1132 3719 et
1148 3651 1242 3742 judi-

99 3763 186 3831 cavit
209 3762 244 3830 iu
266 3783 361 3829 eausa
387 3758 620 3843 ecelesiastica3
642 3757 774 3849 quando
801 3766 849 3825 est
870 3756 1042 3825 dumtaxat
1067 3757 1189 3827 arbiter
1211 3768 1243 3826 et

98 3868 325 3961 pronuntiavit
351 3888 450 3958 super
473 3866 536 3935 alia
560 3887 661 3957 qnam
685 3864 747 3931 eibi
771 3864 945 3932 commissa
971 3888 1084 3951 aausa;
1111 3864 1241 3957 quando

97 3984 146 4045 est
170 3975 343 4043 dumtaxat
365 3973 550 4064 delegatus,
575 3981 607 4040 et
633 3970 822 4039 mandatum
850 3993 916 4039 uon
940 3994 1009 4039 sese
1032 3972 1177 4040 extendit
1199 3972 1240 4041 ad

97 4107 170 4153 rem
198 4084 327 4175 deque
352 4079 594 4173 pronuntiavit5
619 4078 752 4171 qnando
775 4079 999 4170 pronuntiavit
1022 4090 1133 4146 eontra
1159 4080 1242 4171 Epi-

98 4210 233 4279 scopum
250 4187 284 4255 in
298 4186 526 4257 criminalibus
541 4185 663 4277 absque
678 4185 809 4277 speciali
825 4184 978 4255 mandato
992 4183 1085 4252 Sedis
1100 4189 1242 4277 Aposto-

97 4299 182 4370 licae.
