3050 4984
276 476 338 538 280
651 495 826 541 renaturus
848 497 887 540 ue
908 496 1041 541 eneruis.

273 614 374 683 clausi
398 638 435 683 uc
454 616 601 706 siginae
619 640 677 683 nec
697 614 845 709 expediri
868 617 1003 684 nuntius
1023 623 1143 707 posset,
1159 617 1215 709 qui
1236 616 1312 685 viva
1336 641 1407 686 voce

273 726 513 793 concessionem
538 726 756 816 apostolorum
775 724 880 815 judici
902 724 950 793 od
972 747 1067 815 quem
1095 726 1285 793 insinuaret.
1318 726 1406 811 (Vide

266 832 423 899 ‘Leurenii
455 835 576 900 Forum
608 832 865 912 ecelesiasticam,
896 832 929 899 in
955 832 1004 900 tit.
1035 836 1089 917 28,
1117 832 1192 899 libri
1219 837 1238 898 2
1268 833 1405 916 Decret,
1482 887 1488 926 q

272 962 304 1029 p.
326 939 435 1027 1031.)
1485 1023 1488 1044 Ι

318 1052 349 1113 3⁰
360 1046 446 1115 Olim
463 1068 590 1116 necesse
601 1057 669 1116 eret
683 1048 844 1138 apostolos
856 1048 922 1140 peti
936 1047 1085 1138 pluribus
1098 1046 1258 1116 distinctis
1269 1050 1404 1117 vicibus.
1485 1049 1488 1058 '

267 1152 332 1221 Sed
352 1152 557 1221 moderatum
574 1154 608 1221 iu
625 1154 685 1224 hoc
701 1154 800 1222 luisse
813 1154 868 1246 jus
882 1176 1071 1240 commuue,
1086 1164 1118 1222 et
1134 1156 1209 1223 sutis
1222 1178 1293 1223 esse
1303 1157 1331 1223 si
1346 1180 1408 1224 uua

215 1312 219 1321 ,
270 1270 423 1329 contextu
443 1261 579 1353 apostoli
606 1270 756 1352 petentur
772 1262 931 1329 instanter
944 1273 976 1328 et
999 1262 1128 1352 sepius,
1146 1270 1270 1331 constat
1290 1286 1333 1330 ex
1355 1263 1408 1331 de-

270 1368 379 1437 cretali
406 1368 563 1450 &camois
581 1368 750 1456 (Clement.
770 1372 802 1452 2,
820 1367 860 1437 de
881 1368 1021 1459 Appell.)
1036 1368 1214 1436 Clementis
1230 1368 1276 1455 V,
1292 1370 1409 1437 tenoris
1488 1367 1489 1372 ’

271 1474 486 1565 hujusmodi:
510 1474 667 1556 (iiramois
690 1475 781 1565 ripor
796 1475 886 1565 juris
906 1487 1070 1565 exposcat,
1089 1497 1164 1543 eum
1185 1477 1243 1565 qui
1265 1478 1409 1567 appellat
1489 1537 1490 1548 .

270 1582 383 1645 debere
394 1590 502 1663 petere
516 1580 675 1663 apostolos
691 1600 834 1664 conpruo
854 1581 921 1645 loco
941 1590 973 1645 et
992 1590 1145 1665 ternpore,
1161 1584 1281 1665 sepias
1298 1594 1330 1647 et
1347 1586 1408 1648 ins·
1485 1624 1490 1649 .

269 1698 375 1751 tanter
389 1708 399 1751 :
412 1706 470 1751 rios
492 1696 601 1751 tamen
614 1690 785 1771 antiquam
807 1698 839 1750 et
858 1706 1063 1751 communem
1086 1689 1328 1754 observantiam
1347 1693 1409 1755 liti-

270 1797 420 1877 qantium
443 1796 546 1877 sequi,
559 1804 589 1858 et
603 1796 791 1877 eeqriitatem
805 1797 910 1876 riqori
927 1797 1081 1879 preferri
1099 1798 1250 1876 volentes,
1268 1799 1408 1863 decerni-
1486 1772 1491 1858 i

270 1923 344 1967 mus
356 1905 513 1984 sufficere,
526 1903 616 1986 quod
622 1922 685 1986 per
694 1902 912 1985 appellantem
924 1903 1026 1967 simul
1035 1923 1101 1967 uno
1114 1914 1263 1969 contecta
1277 1907 1411 1989 apostoli
1488 1929 1492 1990 ξ

272 2013 429 2074 instanter
444 2020 475 2074 et
493 2012 611 2092 sepitis
620 2011 834 2093 postulentur.

318 2123 350 2184 t⁰
360 2119 396 2185 ln
410 2118 524 2185 eedem
538 2128 648 2186 autem
664 2117 814 2186 decretali
827 2118 999 2210 subjicitur
1009 2119 1162 2209 petendos
1172 2143 1240 2189 esse
1252 2124 1408 2213 apostolos

270 2248 413 2317 conpruo
428 2225 497 2293 loco
512 2237 542 2292 et
558 2238 702 2316 tempore
715 2227 800 2293 iutru
813 2225 898 2315 juris
912 2226 1103 2294 terminum.
1124 2227 1173 2294 Ex
1190 2250 1255 2318 quo
1268 2228 1408 2297 docteres

272 2334 472 2402 concludunt
491 2355 557 2399 uon
580 2330 830 2423 petendorum,
849 2332 939 2399 verbi
955 2331 1071 2421 gretie,
1089 2332 1170 2402 dum
1187 2333 1291 2425 judex
1307 2359 1329 2403 a
1349 2360 1408 2428 quo

272 2442 405 2532 equitet,
423 2440 475 2507 vel
489 2440 604 2506 transit
618 2460 676 2531 per
690 2439 791 2522 viem,
809 2460 914 2529 neque
934 2438 976 2505 de
995 2448 1100 2526 nocte,
1115 2462 1219 2532 neque
1235 2443 1299 2511 sub
1314 2444 1408 2511 missa

272 2557 328 2615 erit
342 2545 489 2639 prandio.
510 2546 604 2634 (Vide
626 2544 841 2628 Leureuium,
856 2544 911 2612 cit.
928 2544 1010 2630 loco,
1024 2570 1057 2637 q.
1079 2548 1189 2636 1031.)

318 2656 461 2737 Quusrro
478 2658 524 2720 7².
542 2690 586 2705 -
600 2651 712 2719 iudice
729 2674 750 2717 a
773 2675 838 2742 quo
861 2653 1025 2741 apostolos
1044 2652 1232 2744 derepente,
1248 2680 1294 2723 an
1311 2659 1407 2747 possit

273 2764 391 2854 absque
406 2762 445 2828 iis
459 2760 626 2851 appellans
639 2780 736 2826 suam
743 2760 901 2849 prosequi
913 2758 1191 2849 appellationem?
1202 2801 1247 2813 -
1261 2763 1407 2855 Respon-

272 2871 418 2938 dendum
433 2867 645 2949 affirmative3
662 2874 774 2956 estque
789 2866 924 2933 omnino
937 2876 1075 2933 certum.
1090 2867 1223 2935 Constet
1233 2891 1274 2936 ex
1291 2893 1408 2938 cenom

276 2982 349 3045 Post
364 2974 617 3067 appellationem
630 2972 748 3062 (causae
766 2976 798 3056 2,
815 2996 847 3062 q.
865 2971 911 3058 ill,
925 2972 959 3039 iu
975 2995 1040 3063 quo
1055 2973 1101 3040 sic
1116 2974 1321 3044 decernitur:
1337 2980 1409 3044 Post

274 3083 523 3167 appellationem
549 3081 785 3161 interpositam,
806 3079 919 3142 littera²
943 3078 1061 3142 dundee
1081 3089 1159 3142 sunt
1183 3081 1225 3144 ab
1248 3100 1285 3144 eo
1307 3101 1328 3144 a
1349 3102 1408 3164 qao

275 3191 474 3271 appellatum
497 3198 554 3265 est,
574 3188 621 3249 od
641 3206 715 3250 eum
737 3188 796 3268 qui
819 3186 858 3249 de
881 3186 1097 3269 appellatione
1123 3190 1312 3269 coqnitarus
1332 3198 1408 3253 est:

272 3316 354 3380 quas
368 3296 490 3358 litteras
505 3294 706 3357 dimissorias
718 3294 787 3355 sive
807 3292 967 3374 apostolos
985 3301 1136 3356 uocant...
1156 3292 1288 3374 Sufficit
1305 3304 1407 3359 uetant

273 3406 401 3487 petiisse
420 3405 510 3464 inira
530 3410 654 3483 tempus
677 3400 880 3464 dimissorias
906 3400 1063 3463 instanter
1082 3408 1112 3462 et
1129 3400 1248 3482 saepius
1263 3419 1274 3464 .·
1289 3411 1336 3479 ut,
1356 3402 1410 3465 etsi

274 3530 339 3574 rum
360 3510 509 3590 accipiat,
523 3506 560 3569 id
577 3509 683 3589 ipsum
706 3515 934 3570 contestetur...
950 3506 1098 3587 AEquum
1119 3516 1165 3569 est
1183 3507 1296 3588 iqitur,
1309 3509 1340 3570 si
1355 3526 1409 3589 per

274 3638 349 3681 cerm
371 3616 492 3679 steterit
514 3616 574 3697 qui
594 3614 707 3679 debeat
736 3614 816 3677 dare
840 3614 974 3690 litteras,
998 3614 1172 3695 quominus
1204 3613 1266 3692 det,
1288 3632 1330 3678 ne
1356 3614 1409 3677 tac

274 3723 444 3816 accipienti
472 3734 595 3790 noceat.
624 3723 823 3813 Desumptus
851 3731 961 3789 autem
991 3728 1040 3788 est
1064 3720 1118 3789 ille
1145 3744 1249 3789 canon
1275 3744 1318 3789 es
1341 3722 1408 3813 jure

272 3832 486 3916 lusciniarum,
504 3838 601 3920 prout
620 3829 654 3896 iu
673 3829 775 3919 ipsius
791 3829 921 3897 rubrica
936 3828 1108 3896 indicetur.
1128 3827 1218 3895 Idem
1234 3838 1409 3898 constater

273 3923 476 4009 Clenrcutiuu
491 3942 508 4002 2
526 3934 575 4025 (de
590 3935 880 4027 Appellaticnilus)
892 3936 926 4002 in
940 3958 1005 4027 que
1019 3936 1065 4001 sic
1079 3936 1230 4003 statuitur
1248 3964 1255 4003 :
1276 3936 1375 4019 Quod
1384 3935 1411 4002 si

269 4057 373 4136 judea
395 4058 429 4117 in
450 4054 587 4117 termino
602 4052 649 4114 ad
660 4052 807 4115 dandum
828 4052 987 4136 apostolos
1000 4054 1139 4133 prefixa
1153 4070 1214 4133 per
1227 4070 1314 4129 eum,
1330 4054 1409 4134 ipsos

273 4163 452 4244 appellanti
467 4160 590 4243 petenti
607 4178 671 4221 nan
691 4158 815 4222 dederit
829 4177 841 4222 .·
855 4168 913 4221 aut
930 4162 960 4221 si
981 4159 1061 4221 dum
1077 4167 1264 4241 peterentur
1276 4158 1410 4242 apostoli

160 4264 163 4271 ’
272 4269 472 4351 responderit
477 4288 488 4343 ,·
507 4284 540 4331 sc
559 4266 715 4331 daturum
739 4267 878 4345 eosdem,
894 4266 984 4330 nullo
1006 4266 1143 4330 termino
1165 4266 1229 4330 sibi
1245 4268 1405 4351 prestito:
