3050 4984
535 545 611 594 PARS
632 546 780 595 SECUNDA.

610 820 697 912 §a

403 985 496 1036 Forma
511 984 608 1036 citandi
622 998 697 1037 reum
712 999 761 1051 per
777 985 899 1038 edietum.

127 1153 286 1224 Adhiberi
303 1163 419 1248 potest,
434 1179 495 1249 pro
510 1157 604 1225 varia
617 1155 811 1248 procedendi
827 1157 894 1244 via,
909 1179 976 1226 una
991 1179 1033 1225 ex
1049 1158 1227 1250 praemissis

82 1261 235 1330 formulis
254 1285 358 1355 nsque
375 1262 417 1331 ad
437 1285 549 1350 voces3
566 1263 686 1334 idcirco
705 1277 744 1333 at
766 1263 896 1334 maneri
911 1276 1020 1333 nostro
1042 1265 1227 1356 satisfacia-

81 1391 169 1452 mus,
186 1391 330 1463 qnorum
345 1370 416 1440 loco
431 1371 477 1440 sic
492 1379 632 1463 ponatur
648 1399 656 1439 ε

126 1513 322 1594 «Quoniam
344 1533 420 1579 aero
439 1515 655 1580 excolatione
674 1516 811 1581 ioannis
833 1517 889 1596 Ν.,
914 1517 1015 1581 caria
1039 1517 1228 1602 episcopalis

81 1621 235 1699 cursoris,
255 1621 289 1685 ia
310 1622 390 1686 actr's
410 1623 544 1701 inserta,
564 1631 688 1687 constat
707 1623 840 1704 facilem
863 1641 929 1688 non
953 1623 1031 1688 dari
1051 1643 1225 1703 accessam,

79 1730 151 1792 sive
171 1729 219 1793 ad
231 1746 408 1812 personam
425 1731 577 1814 praedicti
593 1731 735 1797 Anarea
752 1732 810 1811 Ν.,
829 1733 897 1796 siae
915 1731 963 1795 ad
975 1732 1111 1797 dameam
1124 1733 1226 1798 solita

81 1841 184 1922 ipsias
207 1839 418 1906 habitationis
432 1841 535 1924 (stibi
556 1841 630 1906 addi
651 1847 786 1924 possunt
799 1842 941 1907 rationes
961 1861 1020 1907 our
1041 1843 1141 1907 facilis
1161 1861 1226 1908 non

80 1949 125 2013 sit
143 1952 300 2029 accessus)
320 1969 327 2012 :
346 1949 465 2014 idcirco
482 1949 632 2015 camdem
653 1949 821 2014 Aadrcam
835 1950 868 2014 N
870 1997 891 2030 .,
908 1968 969 2032 per
987 1968 1129 2032 praseae
1146 1951 1228 2016 edic·

82 2065 166 2136 tam,
191 2057 295 2122 valois
318 2057 509 2140 episcopalis
528 2058 628 2122 caria
651 2057 850 2140 affiamdam
873 2057 936 2139 (vel
958 2057 1033 2122 alibi
1059 2076 1117 2140 pro
1145 2058 1227 2141 stylo

79 2165 205 2245 cuna),
220 2165 359 2230 citamus
364 2183 378 2247 ;
396 2165 557 2230 monendo
570 2173 608 2230 at
620 2183 732 2231 coram
752 2166 856 2244 nodis,
874 2167 907 2230 in
924 2165 1050 2249 palatio
1065 2166 1123 2230 abi
1133 2168 1226 2232 caria

80 2272 271 2356 episcopalis
296 2272 369 2355 reat
389 2273 479 2353 solet,
505 2274 719 2356 personaliter
742 2281 947 2356 compareat,
974 2275 1063 2338 intra
1082 2275 1226 2356 spatium

79 2398 199 2446 nonan
214 2379 343 2446 mamm
409 2381 587 2464 (etreliqua
600 2385 638 2446 ut
651 2384 780 2464 supra§
795 2383 837 2464 i).
855 2404 870 2442 a

127 2534 249 2603 Poterit
264 2533 366 2603 etiam
387 2532 537 2603 adhiberi
551 2557 690 2626 sequens
712 2534 958 2627 famulaque
982 2534 1096 2604 eadem
1114 2557 1226 2604 rema-

79 2662 160 2709 nere
171 2650 287 2734 potest,
301 2642 372 2712 sive
383 2641 606 2734 inquisitionis
618 2642 777 2735 specialis,
794 2643 863 2711 sive
875 2641 1140 2730 denuntiationis,
1157 2642 1226 2714 sive

79 2749 296 2820 accusationis
309 2748 364 2818 via
374 2749 578 2840 procedatur.

124 2918 140 2951 a
155 2894 215 2959 Die
294 2893 414 2958 mensis
485 2895 569 2958 anni
582 2941 630 2974 ...,
651 2895 717 2958 Nos
731 2895 786 2973 Ν.,
809 2894 955 2961 Vicarias
972 2894 1133 2977 emeratis
1146 2895 1225 2977 Epi·

78 3001 171 3084 scopi
183 3001 215 3065 N
217 3048 238 3079 .,
254 3019 323 3065 aaa
347 3019 421 3066 cam
435 3009 546 3066 nostro
560 3019 725 3066 assessore-
733 3002 773 3083 (si
798 3019 991 3066 assessorem
1009 3002 1137 3082 habeat,
1152 3003 1226 3067 alio·

78 3109 163 3192 quin
184 3109 254 3172 haec
276 3108 377 3172 verba
403 3109 618 3191 omittantur),
644 3116 754 3174 tectore
771 3111 981 3192 praestitiam
1001 3111 1223 3192 praescimus,

77 3217 220 3280 citamus
243 3224 275 3279 et
296 3234 442 3299 expresse
468 3217 685 3297 mandamas;
712 3225 748 3280 at
768 3219 857 3298 infra
878 3218 1139 3302 peremptoriam
1167 3226 1227 3283 ter·

78 3325 209 3387 minam
228 3322 356 3386 dianam
379 3326 526 3406 trr'ainta,
549 3344 570 3386 a
594 3325 817 3408 dispensanti
839 3324 1150 3406 computandorum·
1169 3325 1225 3390 da·

78 3432 191 3494 minas
211 3430 362 3496 Andreas
382 3430 437 3508 Ν.,
464 3432 525 3513 qai
549 3430 668 3496 dicitur
689 3432 830 3516 aticajas
853 3430 962 3496 delicti
982 3431 1035 3498 vel
1057 3434 1224 3500 nonnullo

78 3556 158 3601 rum
171 3537 370 3619 delictorum)
385 3546 509 3615 arcator,
533 3555 649 3620 nempe
662 3540 704 3617 (et
729 3538 773 3601 ibi
795 3537 1020 3620 exprimantur
1039 3539 1173 3620 delicta),
1189 3542 1224 3604 in

77 3653 229 3709 consueto
258 3644 429 3708 nidrrnair's
456 3645 561 3707 nostri
588 3645 656 3708 ioco
684 3654 881 3727 compareat,
906 3645 953 3708 ad
978 3647 1223 3728 informandam

79 3754 220 3829 cariam,
237 3752 284 3815 ad
295 3751 473 3816 ridendam
486 3754 682 3833 juramenta
701 3753 842 3830 tertiam,
860 3753 1112 3835 publicationem
1134 3763 1221 3819 acto·

76 3879 156 3923 reem
167 3859 365 3942 faciendam,
382 3867 413 3922 et
434 3859 550 3922 altimo
569 3857 636 3922 loeo
660 3859 708 3921 ad
719 3859 919 3923 audiendam
940 3862 1133 3925 sententiam
1139 3883 1151 3938 ;
1164 3863 1223 3927 sad

76 3985 179 4052 paena
203 3967 375 4046 confessori
395 3965 515 4043 delicti,
540 3973 572 4028 ct
591 3965 666 4029 aliis
689 3985 709 4029 a
732 3969 813 4048 jare
835 3969 964 4032 stamtis
979 3969 1097 4052 panis.
1112 4004 1151 4014 —
1166 3970 1221 4048 Ν.,
1322 4040 1324 4044 .

77 4075 198 4160 judea.
211 4109 251 4121 -
265 4073 297 4136 N
300 4121 320 4152 .,
332 4091 483 4138 assessor.
495 4109 534 4119 —
548 4071 581 4136 N
582 4121 603 4151 .,
620 4073 799 4137 actuarias.
813 4099 829 4130 »

123 4209 166 4278 Et
174 4207 328 4299 jubeatur
342 4207 461 4301 aliquis
473 4208 575 4277 euriae
591 4207 782 4301 episcopalis
796 4209 931 4279 nuntius
947 4210 998 4280 vel
1014 4231 1128 4279 crrrsm
1140 4211 1222 4282 illud

80 4317 223 4386 edictum
235 4316 270 4384 in
285 4315 395 4408 aliquo
410 4315 480 4386 loeo
496 4316 627 4408 publiea
641 4315 783 4408 affigere.
