3050 4984
276 478 337 547 tot
643 503 819 548 TRACTATUS
842 502 880 547 uu
901 502 1034 548 sentens.

275 622 382 710 datur,
398 622 503 714 quoad
530 622 615 690 viam
630 623 852 715 inquisitionis
866 625 1031 716 praeoipue
1044 622 1182 715 questio
1196 616 1414 713 expendenda

274 730 375 798 vonit.

318 892 358 959 ll.
378 892 518 974 Quando
530 892 719 982 proceditur
725 916 788 983 per
795 895 1016 983 mquiutionr's
1037 895 1138 974 uam,
1153 893 1319 983 ur'sipriau
1332 914 1414 958 oon-
1503 887 1504 890 ’

273 1010 335 1064 stet
357 998 397 1066 do
416 999 617 1090 precedente
628 1001 770 1091 infamia
795 1002 847 1068 uel
859 1000 1013 1091 prunidus
1027 1000 1164 1080 indiciis,
1180 1000 1292 1091 nequit
1301 998 1416 1088 judea
1503 1069 1504 1072 ,

272 1126 365 1171 reum
387 1105 426 1172 de
456 1105 571 1174 delicto
597 1108 809 1197 interrupere.
840 1146 885 1159 -
914 1108 949 1174 ld
979 1106 1088 1174 firmat
1117 1105 1321 1193 Pellegrinus
1350 1104 1415 1171 hoo
1503 1183 1504 1192 ἶ

274 1210 371 1281 modo
400 1238 446 1279 :n
471 1213 565 1295 Quod
591 1215 618 1281 si
644 1215 838 1305 procedatur
852 1236 910 1305 per
925 1214 1182 1305 inquisitionem,
1197 1212 1417 1302 requiruntur
1503 1289 1504 1300 ἵ

277 1342 294 1381 e
319 1318 508 1387 indiciaaut
523 1320 658 1387 iufamia
683 1320 792 1389 delicti
817 1322 850 1387 in
866 1322 972 1411 specie
998 1329 1111 1387 eontra
1125 1318 1415 1386 examinandum:

278 1450 295 1488 a
317 1424 397 1492 alias
413 1447 479 1493 non
492 1426 629 1517 juridice
649 1428 926 1517 interrogaretur3
944 1436 976 1495 et
989 1434 1224 1517 consequenter
1238 1446 1304 1492 non
1319 1433 1418 1492 tene-

277 1555 294 1594 «
316 1542 406 1599 retur
421 1553 497 1599 reus
511 1533 655 1623 seipsum
671 1533 821 1625 prodere,
834 1533 966 1625 quando
977 1532 1130 1602 delictum
1139 1540 1223 1599 esset
1230 1530 1394 1599 oooulturn
1407 1557 1417 1614 ;

276 1663 293 1701 a
316 1638 393 1727 quia
408 1652 519 1707 contra
530 1639 585 1729 jus
598 1651 723 1708 naturae
739 1650 800 1726 est,
817 1641 926 1731 utqui
941 1640 1064 1709 oooulte
1078 1639 1232 1707 delictum
1252 1638 1419 1705 commisit
1503 1697 1504 1702 ,

276 1770 292 1807 a
316 1766 350 1811 se
363 1746 479 1835 prodat
493 1748 633 1839 (sanetus
648 1746 802 1833 Thomas,
819 1752 850 1815 2.
864 1752 897 1829 2,
913 1770 945 1839 q.
962 1752 1017 1832 69,
1030 1769 1061 1814 a.
1076 1748 1151 1836 2)...
1176 1746 1261 1813 Hine
1276 1744 1313 1812 fit
1324 1744 1420 1834 quod

279 1854 469 1922 «constitui
487 1856 530 1943 (1)
559 1877 625 1922 non
641 1853 735 1923 debet
754 1878 842 1939 reus,
867 1856 932 1921 nisi
959 1856 993 1921 iu
1022 1876 1175 1944 processu
1204 1851 1419 1920 informativo
1503 1911 1504 1914 ,

278 1983 294 2021 n
317 1970 440 2027 constet
468 1961 580 2027 saltem
607 1962 814 2052 semi-plene,
842 1962 930 2051 quod
958 1962 1027 2051 ipse
1042 1960 1195 2027 delictum
1218 1958 1259 2026 de
1278 1981 1345 2049 quo
1359 1959 1420 2024 in-

279 2090 295 2129 «
318 2066 458 2157 quiritur
476 2069 687 2151 oonrmiserit;
706 2068 758 2136 vel
774 2068 882 2136 adsint
903 2067 1024 2135 indicia
1039 2066 1281 2159 aequipollentia
1297 2092 1305 2133 :
1321 2065 1420 2133 aliter

279 2198 295 2235 α
315 2170 417 2261 judex
435 2175 611 2242 mortaliter
625 2176 787 2266 peccabit;
804 2183 836 2241 ot
853 2196 927 2243 reus
948 2196 1015 2240 non
1028 2183 1192 2241 teneretur
1205 2172 1418 2262 respondere,

278 2306 295 2343 o
318 2280 473 2369 quianon
489 2282 708 2369 interrogatur
719 2281 805 2371 juris
820 2282 936 2349 ordine
951 2290 1091 2348 servato.
1109 2282 1158 2347 lta
1167 2280 1263 2346 divus
1273 2279 1420 2346 Thomas

279 2410 295 2450 u
319 2395 351 2453 et
373 2387 470 2455 alii...
506 2389 547 2455 Et
574 2390 656 2456 ratio
677 2388 845 2479 potissima
864 2398 924 2473 est,
940 2389 1019 2477 qnia
1036 2387 1154 2455 laceret
1168 2394 1280 2454 contro
1291 2386 1346 2476 jus
1360 2408 1419 2451 oa-

279 2518 295 2555 «
318 2494 471 2561 nonioum
498 2504 530 2563 et
544 2495 651 2580 oivile,
678 2495 711 2561 in
732 2496 852 2585 quibus
867 2504 1012 2576 novetur,
1029 2516 1095 2561 uon
1110 2515 1203 2583 posse
1230 2515 1323 2560 reum
1338 2514 1421 2559 cou-

278 2624 295 2661 r
319 2601 420 2685 stitui,
446 2602 507 2668 nisi
525 2600 782 2693 praecedentibus
807 2601 936 2668 indiciis
959 2601 1012 2668 vel
1036 2600 1284 2692 probationibus
1302 2600 1421 2693 (rapite

280 2732 296 2770 o
323 2709 404 2775 Cum
428 2720 587 2797 oporteat,
616 2709 719 2799 eapite
744 2708 980 2798 inquisitionis,
1010 2715 1041 2773 et
1066 2709 1168 2798 capite
1195 2705 1353 2787 Qualiter,
1377 2704 1423 2774 de

279 2839 296 2875 u
320 2818 448 2895 Accus.;
461 2852 506 2865 —
520 2816 623 2905 capite
642 2816 728 2882 Cum
749 2815 997 2894 monasterium,
1024 2813 1063 2881 de
1088 2815 1233 2904 Conses.,·
1248 2850 1292 2863 -
1313 2812 1422 2901 eapite

281 2948 297 2984 ι(
328 2922 469 3002 Veniens,
487 2920 527 2989 de
540 2922 704 3011 Turribus).
723 2947 740 2985 u

324 3052 340 3090 a
356 3027 405 3095 Ex
422 3027 575 3095 haetenus
590 3026 683 3095 diotis
700 3029 853 3113 infertur,
863 3030 988 3120 primo,
1006 3029 1092 3118 quod
1103 3027 1206 3119 judex
1220 3035 1423 3117 extorquens

280 3158 296 3198 u
320 3140 512 3201 secretuma
536 3132 677 3217 subdito,
703 3142 818 3225 praeter
838 3135 905 3225 jus,
930 3134 1109 3202 mortaliter
1123 3141 1253 3225 peooat;
1269 3141 1301 3199 et
1317 3132 1424 3200 multo

280 3266 297 3304 n
320 3242 453 3330 gravius
466 3262 564 3332 quam
579 3242 607 3308 si
621 3264 760 3332 persona
774 3243 901 3331 privata
915 3243 976 3309 hoo
986 3241 1144 3309 laceret...
1156 3240 1319 3320 Secundo,
1330 3240 1425 3329 quod

261 3350 264 3357 ’
282 3372 298 3409 α
321 3347 349 3413 si
364 3347 515 3415 subditus
526 3348 715 3437 cognoverit
731 3348 927 3438 injustitiam
944 3347 1066 3437 judicis
1082 3348 1116 3414 in
1132 3344 1365 3438 prreoipiendo,
1382 3353 1425 3411 ut

281 3480 297 3519 <r
321 3462 479 3521 secretum
502 3454 653 3523 delictum
676 3464 789 3521 eontra
806 3454 861 3544 jus
882 3454 1015 3536 revelet,
1036 3476 1103 3521 nou
1127 3462 1255 3521 tenetur
1270 3453 1425 3521 subditus

281 3586 298 3625 n
321 3562 390 3652 ipse
403 3560 521 3650 judici,
542 3560 588 3628 sio
614 3583 681 3629 nou
701 3561 846 3649 legitime
864 3560 1079 3651 praeoipienti,
1095 3559 1269 3628 obedire...
1300 3560 1422 3643 Tertio,

281 3694 297 3731 u
320 3667 408 3758 quod
429 3668 456 3733 si
473 3666 576 3756 judex
592 3667 712 3756 injuste
732 3676 891 3734 secretum
912 3667 1066 3735 delictum
1081 3667 1219 3757 alicujus
1234 3675 1424 3757 extorquet,

279 3800 296 3840 «
320 3796 385 3842 nou
404 3781 509 3863 potest
529 3774 564 3839 in
586 3796 624 3840 eo
647 3774 785 3840 ulterius
804 3774 990 3863 prooedere,
1012 3782 1071 3841 aut
1089 3772 1183 3840 illum
1199 3773 1336 3864 punire3
1355 3782 1425 3841 um

279 3908 295 3945 «
320 3882 351 3948 si
366 3881 537 3949 extorserit
561 3880 603 3948 ab
622 3881 760 3969 ipsomet
777 3902 845 3964 reo,
862 3902 960 3971 quam
978 3889 1131 3948 ateste...
1163 3880 1290 3947 Dicitur
1312 3888 1425 3948 autem

279 4015 297 4051 a
320 3988 439 4078 injuste
455 3994 661 4077 extorquere,
685 3987 818 4076 quando
835 3987 953 4072 minas,
977 3988 1044 4055 vim
1069 3996 1125 4054 aut
1139 3996 1300 4055 tormenta
1313 3986 1426 4055 illicite

311 4276 342 4335 lt)
357 4273 430 4337 Apud
441 4272 608 4337 jurisperitos
620 4273 689 4323 idom
706 4277 743 4324 ost
754 4274 878 4322 constitui
898 4286 981 4333 reum,
996 4285 1027 4321 uo
1041 4271 1183 4323 examinari
1197 4285 1243 4322 seu
1257 4271 1424 4335 interrogari.
