3050 4984
313 423 377 490 482
688 439 866 490 messurus
888 441 927 489 ns
947 439 1081 490 moscus.

310 564 450 628 arbitria
472 571 582 629 nostro
604 563 802 648 infliqcndis.
827 565 961 644 Datum,
986 571 1045 628 etc.
1068 597 1107 610 -
1127 563 1183 642 N.,
1205 560 1388 645 Episcopus
1407 560 1446 630 N.

306 705 348 720 ·-
362 672 417 751 N,
432 671 653 737 camellarius.
669 694 684 732 ι
702 706 741 720 -
756 671 795 737 tu
808 675 947 754 ponatur
960 669 1105 753 sigillum
1119 672 1272 736 consueto
1285 669 1363 734 looo.

835 887 925 958 VIII.

495 1081 637 1129 romu
660 1080 878 1128 summotus
899 1080 1096 1128 essentum]
1119 1080 1263 1128 rossum.

352 1281 366 1317 o
391 1257 446 1336 N,
468 1257 646 1340 Episcopus
665 1257 707 1324 Ν.
723 1290 764 1303 -
782 1255 914 1334 Dilecto,
935 1265 994 1320 etc.
1014 1293 1052 1302 —
1072 1255 1221 1321 Probitas
1239 1263 1272 1318 ct
1290 1255 1447 1318 idmseitos

310 1364 495 1448 niaquibus
512 1363 606 1446 opud
624 1364 690 1429 Nos
704 1364 771 1442 fido
790 1363 1027 1427 commendaris
1049 1363 1241 1440 testimonio,
1263 1361 1333 1430 Nos
1354 1361 1447 1452 indu-

307 1481 385 1536 cunt
403 1481 440 1534 ut
462 1471 580 1554 quibus
594 1488 766 1551 possumus
782 1469 951 1550 favoribus
975 1470 1015 1536 Te
1037 1473 1179 1554 pretiose
1194 1488 1445 1553 prosequamur.

308 1579 485 1662 Sperantes
506 1579 607 1659 ipitur
627 1595 667 1640 ca
694 1595 767 1660 qua
792 1577 851 1640 tibi
869 1577 1099 1642 committenda
1117 1584 1193 1641 srmt
1211 1575 1354 1655 fideliter
1373 1595 1444 1638 ece-

307 1698 499 1770 quuturum,
520 1684 640 1748 idcirco
657 1685 869 1765 presentiam
888 1695 995 1748 tenore
1017 1684 1057 1750 Ye
1080 1686 1114 1748 in
1134 1683 1368 1748 cancellarium
1383 1684 1445 1765 epi-

306 1791 468 1875 scopatem
481 1789 653 1854 reuerendi
666 1790 793 1854 damini
803 1791 839 1858 N
839 1839 859 1867 .,
876 1793 995 1855 vicarii
1007 1796 1109 1855 nostri
1119 1792 1250 1873 foronei
1263 1790 1327 1854 Ioci
1338 1790 1396 1868 N„
1411 1809 1446 1852 ac

306 1900 450 1981 cujusvis
476 1899 611 1961 atterius
627 1916 692 1982 pro
714 1903 856 1980 tempore
873 1899 1051 1976 existentis,
1073 1917 1148 1962 cum
1164 1897 1352 1974 bonoribus,
1372 1915 1444 1959 ons·

307 2007 408 2084 ribus,
422 2005 613 2088 priviiepiis'
624 2012 654 2068 ct
677 2005 935 2088 exemptionibus
955 2003 1056 2069 solitis
1076 2013 1109 2069 ct
1123 2005 1293 2082 consuetis,
1308 2003 1357 2066 ad
1373 2022 1444 2066 uos·

308 2120 397 2177 trum
418 2111 653 2194 beneplacitum
671 2113 895 2176 constimimus
915 2122 946 2176 et
966 2112 1158 2196 deputamus
1164 2129 1178 2191 ;
1191 2111 1387 2174 mandantes
1405 2110 1448 2173 ad

306 2238 387 2304 quos
403 2227 534 2302 spectat,
549 2228 587 2281 ut
609 2217 650 2282 Te
669 2219 702 2280 in
721 2218 819 2282 talem
840 2217 981 2282 babeant
999 2229 1030 2282 et
1049 2227 1288 2301 recapnoscant.
1309 2217 1350 2282 In
1366 2237 1445 2301 quo·

304 2345 393 2404 rum,
417 2334 474 2389 etc.
495 2327 629 2402 Datum,
648 2332 708 2388 etc.
721 2359 761 2370 -—
777 2326 831 2404 N.,
855 2325 1034 2408 Episcopus
1048 2327 1090 2394 N.
1104 2327 1213 2404 -N,
1235 2325 1445 2390 carueiiorius

306 2432 510 2516 episcopatis.
526 2457 542 2488 »
558 2467 597 2479 -
612 2431 649 2495 Et
663 2438 802 2514 ponatur
816 2432 960 2513 sigillum
974 2439 1127 2498 consueto
1139 2433 1219 2498 loco.

833 2647 892 2720 IX.

495 2833 638 2882 sonuum
662 2833 880 2881 {immonis
902 2834 1092 2882 PROMOTOMS
1115 2835 1257 2882 Ftscssls.

347 3033 363 3068 r
385 3010 425 3076 N.
453 3008 633 3093 Episcopus
658 3010 701 3076 N.
718 3043 758 3056 --
776 3009 900 3074 Dilecto
927 3011 970 3078 N.
991 3045 1031 3058 -
1045 3009 1247 3088 idoneitatis,
1272 3010 1443 3094 probitatis

303 3125 334 3179 et
356 3117 561 3198 experientia
584 3117 714 3192 merita,
738 3115 856 3198 quibus
885 3116 925 3180 Te
949 3125 1105 3181 ornanum
1127 3117 1360 3200 dionoscimus,
1380 3118 1442 3182 Nos

303 3221 462 3286 inducunt
483 3230 520 3285 nt
532 3241 668 3303 operam
682 3231 774 3286 tuam
795 3223 928 3288 libenter
940 3223 1163 3302 adhibeamus,
1178 3233 1346 3305 sperantes
1360 3224 1444 3306 arcad

303 3347 377 3411 que
394 3329 465 3393 Tibi
485 3330 741 3406 mundabuntur,
756 3338 787 3392 et
806 3330 873 3392 alia
886 3349 960 3412 quc
976 3339 1031 3394 tuo
1044 3331 1175 3394 muneri
1192 3330 1340 3411 inJ'uncta
1359 3341 1441 3406 sunt,

303 3454 398 3499 amnc
408 3436 473 3514 fide
485 3444 517 3499 et
536 3436 668 3500 solertia
681 3438 860 3519 exequeris.
878 3437 918 3501 Tc
933 3438 1033 3519 iyitsu
1043 3447 1293 3519 procuratorem
1303 3439 1442 3516 fiscalem
1499 3509 1500 3534 ἶ

303 3553 423 3608 nostroe
439 3546 550 3618 curin,
570 3544 617 3606 ad
636 3543 871 3625 beneplacitum
886 3551 1043 3618 nostrum,
1063 3563 1140 3608 cum
1160 3543 1350 3624 bonoribus,
1372 3563 1442 3607 orte·

304 3650 407 3728 ribus,
421 3650 688 3732 ecernptionibus,
707 3651 889 3733 priviiepiis
914 3659 944 3712 et
957 3651 1181 3715 emolumentis
1200 3651 1305 3715 solitis
1323 3659 1355 3715 et
1372 3669 1442 3714 can·

304 3759 416 3835 suetis,
431 3760 654 3820 constituimus
675 3765 707 3818 et
720 3756 933 3839 deputamus,
947 3757 1140 3822 mandantes
1160 3757 1313 3822 omnibus
1332 3765 1444 3822 stasne

305 3863 532 3946 jurisdictioni
557 3862 718 3941 subjectis,
739 3865 926 3947 caterisque
956 3863 1003 3930 ad
1022 3883 1102 3946 quos
1121 3872 1255 3948 spectat,
1285 3875 1323 3928 ut
1351 3865 1391 3929 Te
1414 3869 1442 3927 in
1498 3855 1499 3934 b

303 3970 446 4050 fiscalem
465 3978 613 4033 nostrum
633 3971 846 4053 episcopalem
867 3979 1055 4053 apnoscant,
1071 3980 1103 4035 et
1115 3973 1239 4054 quoties
1252 3989 1335 4053 opus
1346 3973 1445 4052 poerit

308 4077 382 4142 Tibi
393 4079 558 4140 assistant.
574 4077 614 4140 ln
629 4093 782 4158 quorum,
797 4087 854 4142 etc.
872 4078 1007 4157 Datum,
1020 4086 1078 4143 etc.
1092 4113 1133 4125 -
1147 4079 1190 4146 N.
1206 4078 1387 4162 Episcopus
1400 4078 1438 4144 N·

305 4217 346 4276 .·.··
360 4185 395 4254 N
394 4231 415 4268 .,
432 4184 657 4249 carueiiarins.
673 4208 689 4240 »
704 4219 743 4231 -
757 4184 796 4248 Et
806 4191 944 4266 ponatur
958 4185 1102 4266 sigillum
1118 4192 1271 4252 consueto
1285 4188 1364 4252 loco.
