3050 4984
671 449 848 497 antestans
872 449 910 494 nu
931 443 1065 495 tuntum.

744 767 886 839 CAPUT
909 767 997 838 ivl.

445 927 548 1007 roms
571 959 732 1007 nnnmmsnr
754 959 788 1006 ns
810 957 888 1006 aare
911 959 1083 1006 emanantes
1104 954 1301 1005 emamus.

346 1187 360 1226 a
384 1163 653 1247 comparentibus
674 1163 807 1230 domino
821 1163 864 1226 Ν.
887 1180 954 1240 reo,
972 1163 1033 1246 qui
1049 1181 1164 1247 supra,
1185 1169 1218 1226 et
1235 1161 1377 1224 aarum
1398 1161 1449 1236 li„

302 1272 373 1354 ejus
381 1280 524 1354 patrono
536 1271 577 1352 (si
598 1287 654 1352 per
675 1272 762 1334 viem
776 1270 989 1334 aecusationis
1009 1269 1062 1334 vel
1081 1267 1278 1352 emptionis
1296 1269 1451 1350 prooem·

303 1385 369 1456 tnr,
386 1378 460 1443 eddi
485 1378 589 1456 debet,
611 1395 734 1442 necnon
762 1377 895 1444 aomina
922 1377 1255 1455 aremarensi
1282 1386 1451 1460 exceptore

303 1493 415 1551 eontra
434 1485 610 1568 praefatum
633 1484 753 1566 reum),
768 1483 964 1548 reuerendus
976 1484 1021 1551 N.
1044 1483 1188 1548 Virorius
1206 1483 1378 1565 penerolis
1391 1485 1451 1561 (liat

303 1594 348 1657 ibi
366 1597 546 1674 opportuna
565 1593 712 1668 mutatio,
734 1592 762 1655 si
777 1591 900 1674 judicet
921 1591 989 1672 ipso
1014 1590 1190 1673 Episcopus
1206 1588 1258 1654 ael
1276 1591 1384 1672 alins)
1395 1609 1450 1672 pro

303 1699 463 1765 tribunali
486 1697 611 1778 sedens,
646 1698 720 1762 tulit
747 1699 942 1763 sententiam
968 1697 1201 1762 absolutorium
1222 1697 1387 1780 pudiea
1410 1699 1453 1759 ru·

305 1806 369 1888 (vel
381 1805 675 1871 condemnatoriam
689 1806 724 1870 in
739 1805 929 1888 praedictam
942 1823 1048 1884 reum,
1062 1805 1114 1870 vel
1128 1804 1367 1871 anmlntoriam
1380 1822 1452 1887 pra

305 1913 379 1978 dieti
402 1913 450 1979 roi
474 1917 506 1978 et
526 1911 821 1978 condemnatoriam
845 1911 1213 1996 predicamentum,
1236 1914 1330 1991 ete.];
1356 1929 1452 1994 quarn

305 2038 380 2086 eum
393 2019 547 2084 vocaliter
566 2020 820 2100 pronuntiasset,
840 2020 924 2084 milti
943 2019 1092 2083 arnano
1106 2020 1262 2101 scriptam
1281 2019 1451 2100 masiano

306 2129 365 2206 ait,
386 2125 548 2193 mandans
573 2133 611 2188 ut
629 2143 703 2190 earn
729 2127 766 2190 in
786 2135 862 2192 acta
884 2126 1067 2208 radiperem
1089 2126 1157 2189 :in
1182 2124 1277 2205 cujus
1304 2125 1453 2190 maruan

306 2235 537 2310 eoeartianem,
553 2231 674 2299 dictam
689 2235 881 2299 sententiam
902 2235 938 2297 in
955 2234 1038 2298 ortis
1057 2234 1190 2315 reposui
1193 2251 1209 2314 ,·
1221 2241 1254 2297 et
1276 2234 1399 2317 incipit
1410 2281 1451 2312 ...‚

307 2351 337 2408 et
364 2341 482 2408 desinit
511 2388 558 2418 ...‚
580 2349 610 2403 et
639 2349 685 2406 est
707 2341 827 2406 tenoris
857 2342 1032 2424 sequentis,
1056 2339 1205 2406 videlieet
1223 2363 1236 2401 .-
1256 2343 1305 2419 (et
1325 2341 1375 2404 ibi
1396 2342 1454 2406 leta

309 2450 467 2516 sententia
498 2447 720 2526 describatur).
748 2447 805 2514 Aa
828 2448 922 2530 eujus
952 2449 1184 2531 suprascripta
1211 2450 1383 2513 sesanna
1405 2468 1455 2512 au

310 2559 542 2623 tlrenticitatem
570 2555 777 2619 abundanter
802 2555 1021 2638 probandam,
1052 2555 1179 2620 domini
1203 2555 1246 2622 N.
1274 2564 1308 2618 et
1333 2557 1395 2636 Ν.,
1421 2555 1454 2618 lt

309 2665 369 2729 laoc
393 2665 511 2746 repeti,
536 2661 805 2745 subscripserunt.
829 2666 913 2728 Aeta
938 2671 1016 2726 sunt
1041 2661 1110 2727 nae
1136 2661 1189 2726 elie
1270 2665 1398 2728 mauu

308 2790 433 2837 anno...
452 2806 490 2816 -
508 2769 581 2852 Epo
602 2769 658 2849 Ν.,
694 2769 840 2835 Vieorius
861 2770 1037 2853 pererratis.
1062 2805 1103 2818 —
1124 2771 1197 2854 Epa
1220 2769 1265 2840 Ν.
1284 2771 1454 2853 fulitestis.

310 2918 350 2968 ‚-
363 2881 437 2964 Epo
452 2881 494 2949 N.
505 2880 560 2962 sui
574 2880 673 2944 testis.
690 2914 731 2928 -
743 2879 817 2963 Epo
832 2880 889 2960 N„
905 2880 1082 2944 amanus.
1100 2903 1116 2940 a

750 3172 893 3246 CAPUT
914 3177 1022 3251 nvn.

468 3371 573 3420 noan
594 3366 780 3418 Atratinum
802 3371 824 3418 Δ
845 3371 1013 3418 §mmm
1035 3371 1307 3424 mmmcmnata.

358 3575 592 3662 Prnnotondo.
610 3613 654 3628 -
673 3571 864 3646 Tridentino
880 3575 1027 3668 synodus
1054 3575 1147 3669 (sess
1174 3583 1233 3667 23,
1254 3601 1328 3672 cap.
1362 3583 1399 3669 1,
1425 3579 1458 3648 le

314 3686 398 3779 lies.)
412 3686 467 3777 jus
481 3692 576 3754 antea
588 3685 707 3774 vigens
719 3684 827 3775 quoad
840 3683 1089 3776 appellationem
1104 3685 1306 3756 asententlis
1323 3687 1459 3757 interlo-

315 3794 448 3864 entoriis
465 3792 663 3860 immutavit.
690 3789 865 3860 Prohibuit
886 3813 1017 3882 nempe,
1042 3815 1083 3861 ne
1103 3792 1140 3862 in
1159 3802 1328 3885 posterum
1351 3795 1460 3865 fierent

316 3903 351 3970 in
381 3901 487 3970 causis
511 3897 734 3968 criminalibus
759 3897 920 3990 ejusmodi
944 3899 1190 3990 appellationes.
1212 3903 1339 3972 Atvero
1361 3902 1459 3974 ndnit

316 4011 400 4076 hane
415 4006 563 4097 regulam
580 4007 624 4074 ita
637 4028 705 4074 esse
721 4004 919 4096 generalem,
937 4016 974 4073 nt
991 4006 1098 4076 nullas
1117 4016 1283 4100 pateretur
1297 4011 1458 4102 exceptio

314 4135 389 4200 nes;
406 4112 463 4180 sed
477 4111 712 4180 restrictionem
728 4113 879 4203 apposuit
894 4111 955 4181 hoe
972 4113 1071 4182 modo
1090 4115 1189 4184 :Nisi
1207 4139 1393 4207 poaamen
1401 4137 1458 4208 pa

315 4219 520 4322 definitivam
534 4218 729 4288 sententiam
752 4221 915 4310 reparari,
934 4222 986 4289 uel
1002 4221 1044 4289 ab
1060 4223 1133 4313 ipso
1152 4221 1326 4316 defirutioa
1347 4225 1457 4318 apptlss
