3050 4984
548 477 624 524 1116
650 478 796 526 accusor.
1223 462 1241 524 u

159 623 186 688 5.
200 619 315 688 llilites
332 645 343 686 :
360 617 421 686 nisi
434 617 515 687 forte
531 619 602 711 ejus
616 617 680 686 siut
694 617 900 706 conditionis,
915 627 953 688 ut
966 617 1134 686 servitium
1153 619 1246 686 mili-

120 735 179 796 1616
194 728 272 796 sinat
288 749 343 796 cos
358 727 553 796 accusatoris
570 725 676 796 officio
697 735 782 795 recta
799 726 906 817 fungi.
929 726 1243 818 (Schmulzgrucber,

118 834 199 920 ibit,
214 857 247 901 n.
268 835 336 923 46.)

157 945 182 1008 t.
196 941 410 1034 Muqr'stratas
418 941 582 1032 pracipui
597 965 607 1009 .·
621 963 662 1010 nc
676 963 790 1010 corum
801 940 944 1033 potentia
954 949 1123 1010 accusatus
1135 941 1246 1033 oppri-

118 1057 219 1116 matur.
238 1047 555 1140 (Schmalzgrucber‚
573 1049 607 1116 in
620 1049 669 1118 tit.
688 1052 719 1135 1,
732 1047 809 1116 libri
828 1049 1002 1135 luceret,
1018 1071 1052 1117 n.
1068 1049 1136 1138 17.)
1152 1045 1246 1130 Quod

116 1153 348 1245 intelligendum
359 1155 489 1224 videtur
497 1163 567 1224 tum
582 1154 622 1224 de
637 1153 1246 1246 111316116111111666661161111116,11111116

116 1261 344 1352 magisuatibns
358 1262 426 1332 sive
442 1263 666 1356 superioribus
680 1262 913 1332 ecclesiasticis.

150 1373 178 1437 1.
194 1369 257 1452 Qui
269 1369 338 1463 jam
351 1369 387 1438 in
400 1370 528 1439 duabus
541 1370 613 1438 aliis
624 1370 729 1439 causis
743 1369 967 1440 criminalibus
981 1379 1137 1464 unquam
1150 1392 1247 1439 accu-

112 1483 221 1544 saturus
234 1477 373 1546 instant.

149 1587 175 1652 1.
193 1583 258 1665 Qui
275 1583 443 1652 subornati
459 1583 578 1653 falsum
596 1583 817 1654 testimonium
833 1583 1001 1653 dixerunt.

147 1695 175 1757 9.
194 1691 301 1780 Egcni
315 1691 355 1759 dc
370 1713 511 1782 quorum
526 1691 663 1761 honusta
677 1691 923 1761 conversations
941 1713 1009 1760 uon
1021 1699 1157 1761 cunstat.

147 1799 195 1864 111.
211 1797 356 1884 Furium,
375 1807 482 1866 menta
496 1799 581 1889 capti
596 1805 628 1866 61
643 1797 785 1890 prodigi.

146 1905 195 1971 11.
216 1901 434 1992 Sardi-muti,
455 1905 512 1995 qui
530 1903 628 1974 simul
647 1904 819 1976 sufficienti
838 1905 1050 1974 instructions
1065 1903 1249 1974 destituun-

107 2019 163 2077 tur.

145 2121 194 2185 12.
213 2117 510 2187 Eacummunicuti
522 2119 858 2188 excommunicatione
872 2117 1004 2210 majora.

144 2228 195 2294 ts.
221 2225 329 2292 Filius
353 2225 466 2317 nequit
488 2247 638 2294 accusare
662 2234 787 2318 patrem
812 2253 821 2293 ι
843 2248 903 2292 nec
925 2225 1104 2317 discipulus
1127 2225 1249 2312 magis-

104 2338 184 2400 trum
204 2359 211 2400 :
230 2355 293 2401 nac
307 2332 408 2400 111161
423 2331 569 2402 tratrem.

145 2443 196 2510 11.
220 2439 423 2509 Generaliter
444 2461 595 2509 accusare
614 2448 782 2532 nequeunt
802 2440 860 2534 qui
875 2463 893 2506 a
910 2438 1044 2508 ferendo
1063 2437 1249 2507 testimonio

102 2555 263 2616 arcentur.

141 2659 193 2724 15.
218 2653 419 2722 Familiares
444 2663 610 2746 nequeunt
638 2678 713 2724 cum
742 2677 894 2724 accusato
917 2655 1012 2747 cujus
1038 2654 1249 2723 familiaritati

101 2759 320 2830 adhaeserunt.
339 2761 473 2830 Constat
488 2760 559 2852 lege
576 2763 703 2854 Siquis
724 2763 792 2854 (20,
811 2786 840 2830 c.
859 2761 975 2830 deliis
993 2762 1052 2854 qui
1067 2762 1245 2852 accusare).

101 2867 321 2961 Excipiuntur
336 2867 512 2937 familiares
528 2869 678 2960 Episcopi
694 2878 726 2937 61
744 2869 884 2938 aliorum
904 2869 1123 2937 Praelatorum
1145 2895 1152 2936 :
1171 2892 1248 2936 num

101 2977 141 3062 hi,
158 2978 185 3045 si
202 2976 310 3044 velint
324 2999 473 3044 accusare
488 2975 685 3069 Episcopum
698 2977 751 3044 vel
767 2977 945 3045 Praelatum
957 2999 1067 3061 auum,
1083 2987 1250 3068 nequeunt

100 3083 134 3150 ah
159 3107 198 3152 eo
228 3083 394 3175 Episcopo
424 3091 478 3151 aut
508 3082 647 3151 Praelato
674 3082 838 3174 impediri.
870 3083 1003 3150 Constat
1026 3085 1130 3174 capite
1153 3083 1250 3153 Nulli

102 3195 108 3276 ζ
113 3195 138 3276 5,
162 3189 254 3258 tituli
279 3193 311 3274 1,
331 3189 405 3257 libri
424 3193 440 3256 5
459 3189 689 3280 Decretalium)
710 3215 717 3256 :
740 3189 862 3258 «Licet
881 3189 1035 3280 repellere
1056 3189 1128 3258 illos
1146 3199 1249 3282 possit

98 3323 112 3361 a
130 3296 249 3388 judex.
270 3321 289 3360 c
313 3295 629 3385 (Schmalzgruehar,
651 3297 685 3364 in
703 3297 750 3363 tit.
771 3300 804 3382 1,
825 3296 902 3364 libri
920 3296 1096 3384 inerret,
1117 3319 1151 3364 n.
1178 3299 1244 3387 51.)

132 3409 184 3474 16.
198 3403 363 3473 Inimicus
374 3410 430 3470 aut
440 3402 621 3470 inimicitiae
633 3404 751 3472 merito
761 3413 930 3496 suspectus
940 3425 1134 3494 crgarcum.
1151 3405 1248 3473 «Ta-

98 3537 111 3572 ι
129 3510 169 3579 116
183 3533 260 3580 6666
274 3509 492 3601 praesumitur
503 3535 509 3576 :
519 3509 645 3600 prima,
657 3519 826 3578 accusatus
842 3519 987 3603 respectu
998 3510 1139 3603 ejusqui
1150 3511 1246 3580 illum

98 3618 320 3696 «accusavit3
345 3639 419 3684 nam
441 3617 506 3704 hic,
526 3618 590 3684 nisi
613 3641 706 3686 suam
728 3619 780 3687 vel
803 3641 938 3688 suorum
956 3619 1111 3709 injuriam
1134 3642 1246 3712 prosc·

98 3753 111 3786 6
132 3737 272 3817 quatur,
292 3745 478 3793 rcaccusarc
494 3733 713 3794 accusatorem
728 3747 826 3792 suum
838 3748 904 3793 non
918 3725 1118 3817 permittitur
1129 3726 1163 3792 in
1175 3727 1246 3817 pari

97 3833 181 3901 «val
202 3832 338 3901 minore
353 3830 502 3918 crimine,
520 3831 594 3899 licat
615 3831 717 3922 possit
737 3831 777 3900 de
797 3832 919 3922 majore
935 3832 1019 3922 (lege
1040 3831 1137 3900 Prius
1160 3836 1192 3918 1,
1214 3843 1246 3899 61

98 3967 110 4002 r
131 3941 201 4031 lega
218 3937 387 4030 Nepaada
408 3943 463 4024 19,
478 3961 506 4006 c.
529 3937 569 4006 cle
587 3939 647 4006 His
664 3940 723 4029 qui
734 3941 896 4029 accusare)
909 3965 918 4024 3
932 3939 1083 4020 secunda,
1100 3939 1157 4030 qui
1170 3938 1246 4006 tulit

97 4079 109 4110 ι
129 4046 360 4118 testimonium
375 4047 409 4114 in
425 4069 522 4114 causa
535 4045 698 4115 criminali
717 4056 866 4138 respectu
884 4047 1031 4137 ejusdcm
1045 4068 1165 4132 causa,
1181 4047 1246 4114 nisi

96 4183 109 4218 1
129 4166 263 4226 coactus
282 4153 392 4222 tulerit
411 4153 525 4245 (capita
544 4155 627 4222 Cium
649 4157 688 4222 P.
719 4158 771 4240 tu,
794 4152 834 4223 de
853 4153 1151 4242 Accrcsatioailus);
1166 4154 1244 4244 quia

97 4291 110 4328 r
129 4287 169 4334 ex
183 4264 246 4333 tali
264 4261 450 4332 testimonio
464 4261 680 4356 praesumitur
695 4261 774 4332 oriri
792 4261 963 4330 inimicitia
977 4261 1064 4328 inter
1083 4269 1196 4329 testam
1214 4270 1246 4331 ct
