3050 4984
304 498 365 562 428
679 518 856 565 mscrsrus
877 518 917 565 na
937 516 1070 565 suorum.

305 665 322 704 a
344 638 488 708 decnum
501 644 549 709 aet
568 638 671 731 capita
694 639 838 709 Litteras
852 640 921 732 (13,
938 640 990 709 tit.
1020 642 1073 725 13,
1100 638 1211 709 librit
1235 638 1396 731 bearet),
1414 645 1446 709 et

305 772 322 810 a
345 746 447 837 capite
460 747 669 839 laqaa'sitimi
693 750 748 833 ts,
766 746 806 816 de
822 746 994 817 Sententia
1008 744 1197 837 eaeomm),
1212 744 1308 816 debet
1332 746 1445 837 potius

302 878 320 918 a
342 852 687 922 excommunicationis
699 853 893 922 mamutium
906 852 1075 923 humiliter
1085 853 1258 939 sustinere,
1269 874 1372 946 mam
1385 876 1445 946 per

303 984 322 1025 a
342 959 470 1028 mrnale
483 959 715 1029 commercium
728 968 897 1050 peccatum
911 959 1042 1051 operari
1055 960 1199 1029 mortale.

347 1089 364 1130 a
383 1064 480 1149 Quod
489 1065 520 1134 si
532 1088 608 1135 aero
620 1089 687 1134 uon
700 1066 744 1134 sit
764 1078 852 1135 certa
865 1066 906 1135 de
919 1066 1164 1158 impedimento,
1180 1065 1237 1135 sed
1251 1086 1293 1134 ex
1309 1066 1445 1158 conjec-

303 1198 320 1238 α
342 1172 425 1241 turis
439 1172 546 1242 solum
561 1171 643 1241 illud
657 1171 768 1242 credat
782 1173 925 1259 subesse,
943 1171 1122 1241 videndum
1134 1180 1182 1241 est
1196 1194 1238 1241 an
1253 1194 1295 1241 ex
1310 1172 1444 1243 levibus

301 1304 319 1345 a
341 1279 447 1349 solum
462 1279 654 1371 conjecturis
672 1279 706 1347 id
720 1279 842 1368 medat,
859 1279 911 1349 vel
928 1288 1039 1349 utrum
1046 1302 1088 1349 ex
1105 1278 1271 1369 gravibus.
1286 1278 1324 1348 Si
1335 1302 1379 1349 ex
1394 1280 1444 1349 le-

302 1414 320 1453 «
342 1386 451 1474 ubres,
468 1386 585 1479 poterit
606 1395 711 1457 totum
728 1386 811 1457 illud
835 1386 973 1457 dubium
988 1409 1031 1457 ex
1053 1386 1189 1457 consilio
1204 1385 1376 1457 Ordinarii
1391 1388 1443 1456 vel
1514 1426 1515 1475 ,

301 1518 318 1559 a
341 1492 528 1563 mnfesmrii
541 1493 714 1586 deponere,
731 1502 762 1563 et
776 1494 861 1563 licite
876 1493 1010 1564 reddere
1023 1503 1055 1562 et
1068 1502 1176 1586 petere
1189 1492 1337 1563 debitum
1355 1517 1444 1563 cou-
1514 1482 1515 1535 t

302 1626 320 1667 a
340 1600 462 1693 jugale.
480 1599 519 1669 Si
542 1623 583 1669 ex
600 1601 768 1691 gravibus,
788 1609 891 1693 potest
905 1599 1040 1693 quidem
1067 1599 1202 1669 reddere
1220 1600 1382 1689 debitum,
1401 1625 1443 1671 ne

300 1733 318 1774 a
341 1707 494 1777 maritum
506 1707 541 1776 in
556 1708 642 1778 bona
655 1707 720 1777 fide
733 1718 766 1778 et
780 1708 981 1801 possessione
992 1707 1183 1777 existentem
1196 1707 1273 1799 jure
1286 1730 1348 1777 suo
1364 1710 1442 1799 pri-
1514 1700 1515 1729 '

301 1842 319 1881 a
341 1824 414 1902 vet3
433 1814 489 1885 sed
502 1836 569 1885 non
583 1823 685 1907 potest
698 1816 843 1907 exigere,
858 1814 936 1907 quia
949 1815 985 1883 in
996 1814 1096 1884 dubio
1107 1814 1247 1905 practico
1261 1836 1359 1905 agere
1373 1838 1442 1885 non
1514 1832 1515 1901 ,

302 1946 319 1986 a
342 1921 427 2003 licet,
444 1920 525 1989 etin
538 1944 576 1990 eo
596 1921 697 1991 tutior
711 1944 786 2013 pars
799 1930 848 1990 est
860 1919 1009 2011 eligenda
1025 1919 1138 2013 (capite
1153 1920 1380 2012 lnquruttaais
1394 1922 1442 1989 ci·
1514 1910 1515 1937 ³

302 2054 319 2095 a
342 2029 418 2119 tato)
437 2055 445 2096 ε
463 2028 551 2119 quod
563 2050 677 2099 verum
690 2036 739 2098 est
752 2028 865 2097 saltem
879 2035 1053 2121 antequam
1068 2028 1177 2097 debito
1189 2027 1287 2099 modo
1301 2028 1338 2097 in
1350 2029 1442 2099 reri-

300 2144 437 2205 atatem
451 2134 816 2227 impedimentilatentis
830 2134 1081 2225 indagaverit.»
1514 2116 1515 2145 ³

341 2244 485 2327 Qunsrro
500 2247 547 2311 7².
575 2282 620 2296 —
642 2243 685 2311 Si
697 2255 926 2312 consummato
951 2242 1176 2325 matrimonio,
1195 2265 1284 2313 usar
1296 2246 1442 2335 propria

297 2350 502 2421 authoritate
527 2349 667 2433 recedat,
684 2350 840 2441 objiciens
862 2350 980 2418 mariti
1006 2348 1220 2431 adulterium,
1239 2362 1271 2418 et
1297 2352 1442 2421 mantra
1514 2346 1515 2389 ³

291 2471 388 2551 petat
403 2480 436 2526 se
451 2458 630 2526 restituito
654 2457 852 2549 possessione
870 2460 947 2549 conj
949 2456 1033 2550 apis,
1052 2480 1097 2525 aa
1117 2454 1229 2548 judee
1242 2457 1329 2526 banc
1343 2460 1443 2527 resti·

296 2566 456 2634 tutionem
469 2564 635 2633 &cernae
649 2563 763 2633 debeat
771 2568 786 2631 l
795 2602 839 2617 -
850 2564 912 2634 Vel
928 2563 1126 2633 adulterium
1142 2571 1191 2633 est
1205 2564 1375 2633 notorium
1388 2566 1443 2634 vel
1514 2556 1515 2611 ἶ

294 2693 360 2739 non
378 2698 386 2739 ι
408 2674 440 2737 1⁰
464 2671 492 2738 si
510 2670 707 2739 adulterium
720 2671 884 2739 notorium
911 2672 965 2759 sit,
982 2692 1048 2740 non
1061 2678 1109 2739 est
1122 2670 1326 2739 decernenda
1341 2674 1442 2741 resti-
1514 2690 1515 2763 3

296 2777 391 2866 tutio,
410 2777 474 2845 nisi
498 2776 694 2847 adulterium
710 2778 924 2847 commisisset
945 2778 1042 2847 etiam
1058 2800 1155 2847 uxor.
1185 2778 1320 2847 Constat
1334 2782 1442 2872 capite

294 2883 498 2975 Sipnificasti
514 2884 559 2974 (l,
576 2883 616 2953 de
636 2884 796 2974 maort),
812 2885 918 2975 capite
940 2888 997 2954 Ea
1011 2884 1128 2955 litteris
1150 2886 1194 2976 (5,
1220 2883 1261 2953 ele
1276 2886 1441 2977 maort),

294 3001 327 3061 et
339 2992 442 3084 capite
452 2991 677 3062 Intelleximus
694 2993 738 3083 (6,
754 2991 946 3084 delatuit).
966 2997 999 3061 2·
1013 2992 1049 3063 Si
1062 2990 1260 3060 adulterium
1275 2992 1316 3061 ab
1333 3015 1443 3064 uxore
1514 2990 1515 3005 ¹

294 3098 454 3189 objectum
469 3098 635 3168 notorium
650 3121 715 3168 non
739 3099 793 3187 sit,
809 3100 917 3169 statim
932 3100 1025 3192 plene
1044 3097 1248 3168 decernenda
1272 3107 1320 3167 est
1341 3101 1443 3169 resti-
1514 3146 1515 3149 =

293 3206 388 3294 tutio,
405 3206 502 3274 etiam
518 3206 626 3297 quoad
648 3214 770 3293 torum,
788 3206 978 3298 priusquam
995 3206 1201 3298 probationes
1222 3205 1263 3275 de
1276 3206 1443 3278 adulterio

292 3312 486 3401 audiantur,
504 3312 712 3406 proceditque
727 3312 789 3381 hoc
811 3313 936 3383 etiamsi
959 3336 1045 3382 uxor
1064 3312 1263 3412 adulterium
1277 3315 1444 3407 objiciens

293 3428 421 3513 paratas
434 3419 567 3489 haberet
577 3421 796 3512 probationes,
811 3429 842 3489 et
853 3420 1076 3491 incontinenti
1089 3420 1245 3490 exhibere
1258 3430 1379 3513 posset.
1393 3426 1445 3493 Ita

293 3528 440 3597 doctores
454 3528 682 3596 communiter.
700 3528 798 3621 (Vide
813 3527 1117 3619 Schmalxgrueber,
1136 3528 1170 3596 in
1185 3528 1236 3597 tit.
1255 3532 1309 3617 13,
1321 3529 1407 3601 libri
1422 3537 1443 3601 2

293 3635 436 3722 Deerat,
452 3655 486 3701 n.
506 3635 573 3725 65.)

335 3740 478 3825 Qunsrro
494 3743 541 3809 8².
557 3780 602 3793 -
612 3742 653 3810 Si
665 3764 752 3811 uuor
764 3743 936 3825 recesserit,
952 3754 1066 3811 votum
1075 3754 1247 3834 perpetua
1266 3744 1444 3815 comiteu-

292 3849 348 3918 tia
369 3860 489 3916 mutuo
504 3870 658 3917 corneasu
684 3848 838 3917 emnsum
857 3848 1024 3940 objiciens,
1041 3862 1072 3917 et
1087 3850 1230 3919 maritus
1253 3850 1443 3921 restitutio-

293 3978 369 4023 aem
379 3966 484 4047 petat,
499 3978 544 4023 aa
556 3955 600 4023 sit
614 3954 1007 4025 damnanatione?
1021 3994 1065 4009 -
1075 3955 1233 4025 Nonnulli
1247 3964 1365 4049 putant
1377 3958 1442 4028 boc

291 4082 369 4130 casu
383 4084 533 4147 uxorem,
550 4061 579 4129 si
593 4060 784 4151 religionem
799 4063 945 4153 ingressu
969 4063 1022 4151 sit,
1039 4086 1105 4131 non
1121 4086 1190 4132 esse
1207 4064 1325 4133 marito
1339 4066 1442 4133 resti-

294 4168 460 4237 tuendam.
475 4167 540 4238 Sed
554 4169 762 4238 communius
770 4169 815 4237 ite
824 4168 1037 4259 distinguitur
1047 4197 1054 4237 :
1065 4169 1192 4239 restitui
1203 4172 1319 4262 nequit
1327 4172 1442 4262 quoad

292 4283 413 4364 torum,
431 4284 603 4372 antequam
619 4276 791 4369 probatum
819 4277 861 4349 sit
874 4276 1027 4349 emissum
1052 4285 1165 4351 mutuo
1192 4300 1351 4351 consensu
1373 4303 1440 4351 vo-
