3050 4984
271 454 333 521 170
645 480 821 527 insertans
844 482 882 527 ns
904 482 1037 527 tuorcns.

264 597 306 665 ad
320 600 440 690 justam
456 599 675 670 defensionem
688 609 764 670 sunt
781 602 969 672 necessariae
989 630 996 670 :
1015 610 1146 681 etatem
1161 604 1268 695 adjus
1293 606 1413 696 positi-

267 730 346 774 vum
363 708 534 798 pertinere.
556 708 653 797 (Vide
676 707 844 777 laudatum
871 709 1173 799 Schmalzgrueber,
1203 713 1297 781 citato
1323 712 1411 799 loco,

270 836 303 881 n.
323 817 389 882 let
406 815 452 904 8.)

311 921 453 1002 Qumno
467 925 514 990 2².
532 961 576 973 -
593 924 779 1014 Ouotnpleae
793 922 1021 1015 distinpuatar
1036 926 1204 1017 acceptio?
1216 965 1260 977 -
1275 928 1300 993 1.
1318 927 1414 995 luris

264 1026 457 1096 lastinianei
484 1028 578 1120 periti
607 1030 829 1121 multipliciter
860 1032 1084 1122 exceptionem
1114 1030 1261 1101 dividere
1292 1032 1413 1121 solent,

266 1158 382 1227 nempe
412 1162 419 1203 :
450 1141 481 1203 t·
507 1137 542 1205 in
556 1138 777 1220 nominatam,
796 1139 849 1206 cui
866 1161 984 1206 nomon
1001 1138 1132 1231 aliquod
1145 1162 1165 1207 a
1176 1139 1250 1230 jure
1267 1140 1414 1209 inditum

266 1251 331 1328 est;
357 1251 389 1311 et
401 1244 657 1327 innominatum,
673 1268 748 1336 quae
773 1253 860 1313 certo
876 1245 1009 1313 nomine
1026 1246 1060 1313 in
1073 1244 1148 1337 jure
1162 1246 1330 1335 designata
1345 1269 1418 1315 non

265 1349 441 1441 reperitnr;
459 1355 492 1418 2ο
506 1350 540 1418 iu
562 1351 680 1433 anites,
703 1375 780 1443 qnae
794 1351 922 1442 legibus
950 1351 1275 1422 constitutionihnsve
1290 1353 1419 1444 prinei-

266 1479 346 1547 pum
357 1456 519 1543 inductae3
536 1466 569 1525 et
576 1458 767 1549 pretorius,
785 1482 860 1549 quae
875 1483 896 1526 a
911 1466 1048 1550 praetore
1061 1458 1102 1528 ob
1115 1460 1296 1527 naturalem
1309 1462 1419 1551 aeqni-

268 1570 364 1631 tatem
392 1586 571 1652 concessae;
604 1568 637 1631 3⁰
660 1564 695 1633 in
721 1566 834 1648 reales,
858 1588 933 1657 qnae
961 1566 1009 1634 rei
1029 1588 1207 1635 seneansae
1223 1565 1414 1653 udhaerent3

263 1672 546 1762 personalesque
557 1695 705 1764 personae
716 1673 837 1741 intuitu
852 1673 985 1741 luerunt
994 1680 1135 1761 statutae,
1145 1682 1177 1740 et
1189 1673 1323 1756 mistas,
1335 1696 1417 1764 qnae

266 1802 307 1847 ex
323 1788 461 1870 utroque
476 1780 598 1848 motivo
613 1781 730 1860 simnl;
748 1786 782 1847 4⁰
799 1781 831 1848 in
848 1779 1023 1849 dilatorias
1036 1788 1068 1848 et
1074 1781 1326 1873 peremptorias.

311 1887 351 1953 ll.
369 1887 407 1953 ln
423 1887 493 1956 loro
507 1896 615 1954 antem
629 1888 856 1974 ecclesiastico,
874 1888 999 1955 nltimae
1017 1886 1171 1955 divisioni
1196 1910 1271 1978 qna
1294 1888 1418 1979 princi-

269 2016 332 2083 pna
347 2001 379 2061 et
392 1994 604 2062 celeberrima
619 2002 679 2081 est,
696 1995 859 2087 precipue
875 1994 1064 2064 attenditur.

310 2100 366 2167 lll.
384 2102 617 2191 Peremptoriae
631 2103 837 2191 exceptiones
852 2111 1023 2188 vocantur,
1041 2122 1115 2192 qnae
1124 2100 1180 2192 jus
1193 2100 1311 2169 actonis
1327 2102 1421 2191 peri-

270 2215 362 2275 munt
382 2217 413 2275 et
434 2231 563 2299 semper
581 2208 610 2275 ei
636 2208 775 2275 obstant.
807 2209 867 2276 Hae
888 2208 1026 2297 triplicis
1055 2207 1184 2296 generis
1214 2217 1301 2275 sunt.
1327 2207 1419 2275 Nam

272 2319 304 2381 t⁰
319 2336 431 2382 earnm
451 2315 604 2404 quaedam
620 2315 793 2382 ostendunt
808 2316 965 2382 actionem
987 2336 1155 2404 nunqnam
1173 2314 1273 2382 luisse
1288 2320 1418 2398 ortam3

272 2431 307 2488 nt
323 2421 350 2487 si
364 2420 438 2509 quis
453 2420 594 2510 excipiat
609 2443 674 2487 non
690 2420 860 2506 donatum,
876 2442 942 2487 non
958 2428 1172 2507 contractum,
1191 2442 1257 2488 uon
1271 2419 1420 2508 legatum

270 2527 381 2610 fnisse,
398 2525 486 2616 qnod
501 2528 582 2594 alter
604 2527 774 2613 donatum,
794 2527 948 2616 legatum,
977 2536 1053 2613 etc,
1072 2526 1161 2593 dicit.
1182 2531 1216 2593 2⁰
1231 2526 1315 2593 Alie
1332 2548 1420 2593 con-

269 2634 405 2701 tendunt
429 2632 604 2717 actionem,
626 2656 700 2724 quae
715 2634 930 2724 competebat,
959 2633 1058 2701 fnisse
1074 2631 1269 2710 extinctnm3
1288 2642 1325 2699 ut
1339 2642 1422 2699 sunt

270 2740 474 2831 exceptiones
491 2740 537 2806 rei
552 2739 719 2831 judicatae,
738 2740 975 2828 transactionis,
1001 2740 1234 2832 jurisjurandi,
1266 2761 1421 2829 compro-

272 2848 377 2933 missi,
394 2846 576 2932 solutionis,
591 2847 675 2938 pacti
690 2846 730 2914 de
747 2870 812 2915 non
829 2848 980 2937 petendo,
994 2847 1261 2939 prescriptionis,
1274 2855 1305 2915 et
1321 2846 1422 2913 simi-

270 2954 329 3041 les,
348 2976 423 3045 quoe
437 2953 592 3021 dicuntur
614 2953 681 3021 titis
692 2953 809 3043 finita.
830 2957 862 3021 3ο
879 2954 964 3021 Alie
987 2960 1169 3045 opponunt,
1184 2952 1343 3021 actionem
1358 2974 1422 3021 seu

269 3061 324 3152 jus
338 3060 456 3150 agendi
470 3069 649 3151 competere
665 3060 797 3151 quidem
813 3060 1021 3140 adversario;
1037 3062 1094 3129 sed
1107 3060 1191 3129 illud
1206 3058 1283 3129 elidi
1295 3082 1331 3127 uc
1354 3082 1423 3150 pe-

272 3167 347 3235 rimi
362 3191 466 3259 posse‚
484 3191 521 3237 oc
545 3167 679 3258 proinde
694 3190 762 3235 csse
777 3168 926 3236 inefficax
939 3198 947 3246 ;
963 3167 1146 3258 cujusmodi
1162 3178 1239 3235 snut
1254 3167 1425 3258 exceptio·
1522 3192 1523 3199 ¹

276 3297 333 3342 nes
349 3274 427 3359 doli,
445 3283 563 3360 metus,
579 3274 712 3361 erroris,
729 3284 790 3343 etc.

319 3381 376 3451 IV.
396 3381 607 3472 Exceptiones
628 3379 793 3449 dilatoriae
818 3381 971 3449 dicuntur
999 3380 1064 3449 illm
1087 3405 1160 3473 quar
1177 3380 1336 3449 actionem
1351 3402 1425 3450 non

268 3488 402 3557 omnino
418 3488 582 3579 perimunt
607 3511 666 3555 seu
680 3487 809 3577 tollunt,
827 3488 882 3555 sed
905 3496 1030 3557 tanturn
1047 3487 1200 3556 differunt
1211 3487 1252 3555 ad
1269 3496 1417 3579 tempus.

274 3597 382 3685 Atque
409 3594 478 3662 istae
505 3595 602 3662 etiam
628 3601 705 3661 sunt
732 3592 855 3663 diversi
872 3596 1024 3683 generis:
1048 3598 1079 3661 1⁰
1107 3594 1225 3686 aliquae
1242 3593 1428 3684 respiciunt

271 3725 446 3796 personam
456 3702 593 3793 judicis,
622 3701 741 3792 quibus
766 3724 881 3793 nempe
896 3702 1102 3770 contenditur
1117 3725 1193 3770 enm
1206 3724 1274 3770 esse
1289 3724 1427 3792 suspec—
1522 3684 1523 3719 ³

277 3819 347 3879 tnm
361 3810 413 3878 vel
437 3808 522 3900 juris
538 3807 738 3899 imperitum,
762 3808 815 3877 vel
838 3809 1121 3899 incompetentem,
1147 3810 1197 3877 vel
1212 3831 1304 3877 reum
1321 3807 1429 3877 luisse

278 3917 345 4007 jam
362 3917 403 3984 ab
427 3916 491 3984 alio
503 3915 611 4007 judice
627 3925 844 4005 praeventnm,
869 3924 929 3983 etc.
956 3920 990 3984 2⁰
1015 3916 1099 3984 Aliae
1115 3915 1294 4006 respiciunt
1308 3938 1430 4005 perso·
1522 3932 1523 3937 ’

279 4047 358 4092 nam
374 4022 492 4091 actoris
519 4023 570 4090 vel
585 4022 688 4112 ipsius
712 4023 943 4113 procuratoris,
962 4023 1052 4091 verbi
1069 4023 1187 4113 gratie,
1205 4022 1292 4113 quod
1309 4022 1350 4089 sit
1365 4044 1430 4089 ex-

282 4130 552 4216 communicatus,
569 4126 657 4221 quod
672 4128 749 4195 licet
764 4130 870 4197 minor
885 4129 954 4196 sine
968 4139 1117 4199 curatore
1132 4130 1164 4197 in
1175 4127 1335 4220 judicium
1362 4150 1431 4196 ve-

281 4237 362 4324 niat,
377 4236 463 4326 qnod
476 4235 679 4327 procuratori
694 4235 884 4304 mandatnm
899 4235 994 4324 desit,
1010 4244 1070 4305 etc.
1101 4240 1132 4304 3⁰
1146 4236 1232 4303 Alite
1249 4234 1432 4326 respiciunt
