3050 4984
690 494 866 543 rntcrtrus
887 495 926 542 DE
948 495 1082 542 tumens.

725 749 870 822 CAPUT
891 749 1064 822 XXXVII.

314 946 417 994 FORM
440 945 594 993 sternunt:
616 945 824 992 nsrmrrorus
836 945 979 1008 ΤΕΒΤΙΠΙ,
1000 945 1062 991 CII!
1084 943 1240 992 AMICUM
1261 940 1457 989 ammonu-

379 1063 489 1128 ΤΟΗΠΕ,
515 1062 633 1109 tirmior«
651 1062 837 1110 neronom!
862 1063 975 1110 ΟΟΡΙΔΙ
998 1061 1144 1110 UUSEODI
1167 1059 1392 1108 mutuom.

258 1237 261 1242 ’
356 1251 481 1316 «Anno
553 1265 661 1312 meone
738 1248 792 1312 die
807 1295 857 1326 ...,
872 1247 1133 1331 comparentibus
1147 1265 1260 1312 coram
1279 1243 1460 1310 reverende

314 1359 370 1436 N„
391 1356 517 1422 Vicorio
539 1354 696 1438 penerali,
712 1354 844 1418 domino
867 1335 1003 1433 N.‚'reo,
1022 1373 1146 1419 necnon
1163 1355 1295 1418 domino
1314 1353 1374 1433 N„
1390 1355 1461 1436 ejus

311 1474 469 1548 patrono,·
485 1465 624 1548 itemque
639 1461 770 1526 testibus
782 1466 861 1545 jam
883 1463 919 1525 in
931 1481 1032 1526 eausa
1047 1461 1184 1545 prefati
1199 1462 1241 1530 N.
1264 1464 1316 1524 rei
1334 1461 1461 1524 wami-

312 1574 399 1636 notis
423 1591 434 1635 :
454 1579 587 1636 varanes
607 1571 674 1651 suit
693 1568 846 1633 dominus
865 1569 922 1649 Ν.,
941 1588 1027 1634 unus
1046 1588 1087 1633 ee
1113 1568 1211 1633 dietis
1231 1567 1379 1647 testibus,
1405 1568 1462 1651 oui

310 1680 455 1762 prestito
481 1681 671 1762 juramento
698 1677 791 1740 solito
815 1677 855 1742 de
882 1678 1018 1742 ueritate
1038 1677 1185 1755 dicenda,
1207 1676 1359 1758 primum
1382 1693 1460 1738 ena-

314 1787 458 1850 minutus
478 1786 546 1866 suit
562 1801 659 1868 super
677 1783 824 1848 articulis
846 1785 1105 1868 interropatoriis
1123 1804 1144 1848 a
1165 1784 1297 1849 domino
1326 1785 1358 1846 N
1363 1833 1387 1862 .,
1416 1783 1463 1846 rei

307 1901 463 1978 patrono,
477 1892 652 1975 propositis
664 1907 807 1973 nempe:

311 2086 316 2092 Ι
360 2004 632 2092 utrumquem
648 2003 712 2067 ...i
736 1997 911 2090 Respondit
992 2004 1026 2068 2·
1052 2013 1140 2068 ete...
1172 2001 1218 2091 (et
1230 2000 1278 2068 ibi
1293 2011 1461 2092 ponantur

306 2129 427 2179 omnes
442 2106 722 2196 interrogationes,
739 2127 822 2196 ques
845 2113 1002 2197 petronus
1016 2106 1065 2176 rei
1091 2105 1268 2198 postulavit
1293 2107 1375 2178 huie
1391 2109 1461 2179 testi

311 2215 464 2309 proponi,
480 2235 555 2282 eum
569 2211 718 2305 ejusdem
734 2213 825 2282 testis
840 2213 881 2282 nd
898 2213 1030 2304 singule
1044 2215 1232 2306 responsis).

354 2333 467 2398 Postea
500 2330 605 2394 eidem
639 2331 711 2394 testi
745 2331 864 2393 iterum
897 2331 1066 2413 proposito
1088 2339 1169 2394 sunt
1192 2333 1461 2415 irrterwpatorra,

315 2441 431 2526 quibus
453 2444 530 2522 jam
550 2440 710 2522 inprime
734 2439 885 2502 oramine
905 2437 1133 2521 responderat‚·
1157 2439 1276 2521 quibus
1292 2443 1463 2523 respondit

315 2557 352 2612 ut
364 2548 512 2632 sequitur
518 2566 529 2619 ;
547 2543 719 2608 videlicet:

358 2663 389 2719 t⁰
409 2656 633 2734 Interropaius
650 2651 709 2715 ...t
727 2651 902 2734 Respondit
981 2657 1015 2716 2⁰
1033 2661 1117 2716 ete...
1134 2653 1258 2733 Quibus
1275 2653 1413 2734 moitis,
1426 2658 1463 2719 de

315 2761 471 2829 mandato
494 2757 662 2823 reverendi
685 2757 807 2824 Viturii
825 2759 998 2841 peneralis,
1013 2759 1098 2824 dieto
1122 2762 1196 2823 testi
1213 2777 1312 2824 suam
1341 2762 1464 2844 deposi-

318 2874 436 2936 tionem
456 2869 538 2951 le9i;
552 2875 583 2932 et
602 2885 676 2931 curn
697 2866 915 2950 interropotus
931 2867 1057 2947 sitisset,
1072 2885 1154 2930 num
1174 2867 1250 2930 truie
1268 2869 1466 2950 depositioni

316 2979 411 3042 vellet
438 2975 620 3058 quidquam
641 2981 771 3038 mutare
790 2973 843 3037 vet
860 2973 993 3053 addere,
1008 2983 1040 3038 et
1061 2974 1277 3056 respondisset
1295 2975 1389 3040 eunii
1405 2977 1467 3042 sibi

317 3103 484 3152 occurrere
498 3081 685 3147 addendum
695 3082 748 3146 uel
755 3082 963 3161 mutandum,
976 3086 1092 3164 jussus
1104 3091 1151 3146 est
1158 3083 1371 3149 subscribere.
1384 3089 1465 3151 Acta

316 3203 393 3262 sunt
418 3193 485 3256 here
516 3189 568 3254 die
660 3189 779 3253 merses
873 3207 997 3254 anun„
1026 3225 1064 3236 -
1090 3190 1166 3273 epo
1192 3191 1248 3269 N„
1278 3193 1380 3268 testis,
1412 3195 1464 3258 do

303 3339 306 3346 ·
313 3303 415 3388 posui
425 3307 463 3365 ut
477 3316 589 3382 supra.
608 3331 648 3346 -·
661 3297 735 3378 Epo
748 3297 803 3376 N,
825 3296 975 3364 Virurins
992 3298 1165 3380 poneretis.
1183 3335 1222 3346 -
1235 3298 1311 3381 Epo
1329 3301 1392 3381 N„
1413 3323 1465 3368 ac-

319 3411 457 3476 tuorius.

360 3521 476 3585 Postea
495 3521 628 3581 uocatus
639 3513 707 3595 suit
725 3512 877 3578 dominus
897 3514 954 3593 N„
968 3515 1051 3579 alter
1075 3518 1174 3596 testis,
1193 3518 1250 3581 eui
1260 3520 1399 3601 pariter
1417 3520 1466 3584 de·

320 3633 424 3696 lutum
440 3627 508 3708 fuit
525 3624 563 3688 de
585 3622 722 3687 ueritate
741 3621 880 3685 dicendo
897 3625 1139 3705 juramentum,
1155 3625 1246 3707 quod
1256 3628 1351 3691 tortis
1371 3647 1466 3692 ermr-

320 3739 414 3824 peliis
428 3733 492 3816 (vel
506 3733 590 3796 tacto
606 3733 731 3812 pectore
753 3728 780 3792 si
795 3731 961 3811 presbyter
979 3731 1030 3810 sit)
1045 3732 1200 3813 prestitit
1214 3737 1256 3812 (et
1278 3735 1327 3798 sie
1339 3737 1466 3802 exami-

321 3857 441 3918 nentur
455 3861 571 3912 omnes
586 3845 693 3924 testes,
713 3836 825 3927 primo
843 3859 941 3928 super
955 3839 1213 3930 interrogatoriis
1227 3841 1393 3931 articulis,
1410 3867 1465 3938 pro

322 3963 411 4052 parte
441 3949 486 4018 rei
514 3944 700 4040 propositis,
717 3951 748 4012 et
775 3943 914 4013 secundo
938 3947 1113 4037 repetendo
1134 3948 1409 4040 interrogationes
1433 3953 1465 4020 in

321 4064 431 4157 primo
446 4053 596 4126 examine
607 4051 676 4143 jem
691 4050 802 4140 inens,
817 4060 849 4122 et
865 4053 1088 4124 concludendo
1103 4056 1365 4150 uniuscnjusque
1390 4083 1465 4130 exa-

323 4193 400 4240 men
411 4187 486 4235 enm
501 4161 642 4231 formula
660 4158 786 4244 Quibus
798 4159 930 4242 habitis,
947 4169 1023 4249 ete„
1039 4184 1139 4254 snpra
1153 4163 1282 4256 posite).

366 4273 466 4368 Copia
480 4279 589 4338 eutem
605 4266 766 4362 ejusmodi
781 4267 941 4337 examinis
954 4269 1087 4337 consedi
1111 4271 1172 4340 hoe
1197 4272 1295 4340 modo
1318 4276 1438 4365 poterit
1454 4301 1461 4336 z
