3050 4984
274 427 335 493 tto
649 446 825 493 immarus
848 444 885 487 ou
907 440 1039 487 consuis.

268 578 339 637 tum
355 568 397 637 ab
412 568 483 658 ipso
497 577 695 654 accusatore,
710 577 782 637 tum
798 565 896 634 etiam
911 586 930 631 a
945 568 1130 655 promotore
1144 561 1247 633 fiscali
1260 560 1416 655 superio-

267 677 313 744 ris
327 674 428 744 curiae
447 675 680 743 ecclesiasticae.

310 782 348 852 si
373 805 453 851 vero
476 783 578 874 judex
605 784 746 873 reperiat
768 790 987 851 accusatorem
1002 804 1071 851 esse
1088 782 1128 850 de
1145 804 1282 851 numero
1298 804 1416 852 eorum

264 912 346 981 quos
365 891 420 959 lex
438 889 651 958 ecclesiastica
679 890 720 959 ab
736 890 918 958 accusando
934 888 1071 979 repellit,
1099 888 1151 958 vel
1179 888 1328 958 libellum
1345 912 1414 959 non

265 1019 335 1066 esse
359 996 467 1089 quoad
482 995 705 1065 substantialia
728 996 835 1065 debite
850 996 1083 1087 conscriptum,
1100 997 1337 1065 accusationem
1352 996 1416 1064 de-

267 1105 320 1172 bet
333 1104 477 1195 rejicere.
506 1104 579 1173 Jam
594 1113 704 1171 autem
719 1126 821 1194 supra
834 1101 1004 1189 duximus,
1021 1104 1101 1172 dum
1115 1102 1301 1195 proceditur
1313 1126 1417 1173 accu-

267 1212 401 1280 sationis
414 1211 481 1297 via,
498 1211 616 1279 debere
629 1221 849 1279 accusatorem
867 1233 951 1279 onus
974 1208 1136 1303 probandi
1156 1210 1220 1278 sibi
1234 1234 1415 1299 assumere,

266 1319 346 1386 etin
361 1339 492 1409 poenam
511 1316 798 1401 calumniatorum,
815 1317 843 1383 si
859 1316 940 1384 forte
955 1315 996 1382 de
1012 1313 1176 1383 calumnia
1188 1316 1416 1401 convincatur,

266 1424 482 1493 subscribere.
498 1424 708 1516 Caetcraquas
718 1424 760 1491 ad
777 1432 898 1491 rectam
910 1421 1011 1490 libelli
1027 1422 1236 1513 scriptionem
1253 1423 1419 1513 pertinent

267 1530 367 1601 babes
378 1531 440 1600 sub
455 1532 603 1623 sequenti
616 1530 732 1621 capite.

312 1639 353 1707 ll.
371 1638 406 1707 Si
422 1638 616 1730 procedatur
631 1638 885 1707 denuntiationis
899 1636 967 1719 oio,
988 1636 1164 1706 exordium
1179 1637 1303 1728 pariter
1318 1636 1420 1706 babet

269 1768 367 1813 causa
381 1769 422 1814 ex
436 1744 598 1813 oblatione
611 1744 724 1813 libelli.
741 1744 958 1812 Denuntiator
973 1765 1090 1834 nempe
1108 1743 1186 1831 (sive
1197 1743 1344 1835 privatus
1360 1744 1418 1812 ille
1516 1744 1517 1831 l

268 1853 324 1939 sit,
339 1851 408 1920 sire
420 1851 611 1943 publicuset
623 1875 663 1920 ex
674 1850 781 1920 officio
793 1873 904 1939 agens,
921 1848 1021 1935 idest,
1033 1860 1200 1940 promotor
1216 1849 1345 1941 fiscalis)
1355 1852 1416 1919 de·
1516 1838 1517 1933 i

270 1959 508 2028 nuntiatorium
523 1959 683 2045 libellum,
711 1958 763 2027 vel
790 1957 922 2049 propria
941 1979 1041 2025 manu
1068 1956 1240 2047 scriptum,
1266 1958 1316 2025 vel
1343 1958 1418 2047 ipso

269 2066 409 2134 dictante
425 2090 483 2158 per
500 2090 617 2135 manus
632 2064 751 2135 notarii
774 2086 832 2132 seu
854 2063 1051 2151 cancellarii,
1067 2064 1286 2154 subscriptum
1306 2072 1419 2133 nmen
1516 2072 1517 2151 t

268 2174 310 2241 ab
325 2173 409 2265 ipso,
423 2172 528 2265 judici
544 2174 688 2243 exhibet.
1516 2240 1517 2275 r

314 2282 354 2348 Et
370 2279 465 2350 debet
478 2280 686 2350 denuntiator
701 2281 825 2371 (utpote
837 2279 895 2371 qui
912 2301 994 2348 onus
1007 2279 1168 2370 probandi
1183 2301 1250 2348 non
1264 2281 1414 2369 assumit)
1516 2282 1517 2369 p

269 2387 376 2456 media
388 2388 491 2478 judici
504 2386 659 2474 indicare,
677 2387 797 2479 quibus
814 2389 842 2455 is
856 2387 1028 2455 veritatem
1043 2386 1225 2455 denuntiati
1234 2386 1343 2455 delicti
1357 2387 1417 2455 de·
1516 2376 1517 2437 i

268 2504 376 2585 tegere
402 2506 515 2587 queat3
544 2519 582 2563 ac
609 2494 744 2587 proinde
760 2495 871 2563 libello
887 2495 1080 2563 idoneorum
1096 2496 1227 2564 testium
1244 2494 1296 2563 vel
1312 2495 1418 2563 doen·
1516 2500 1517 2583 ]

267 2609 464 2684 mentorum,
482 2625 499 2670 e
517 2604 636 2693 quibus
650 2602 800 2692 probatio
815 2603 888 2669 erui
902 2609 1012 2692 queat,
1029 2602 1211 2669 indiculum
1226 2609 1415 2688 annectere;
1516 2598 1517 2685 l

267 2709 324 2799 qui
339 2708 505 2776 indiculus
527 2708 740 2777 directorium
758 2708 964 2800 probationis
991 2708 1101 2776 vocari
1116 2709 1208 2776 solet.
1237 2708 1419 2777 Accusator

267 2824 376 2884 autem
390 2838 457 2884 non
471 2826 600 2884 tenetur
614 2816 776 2907 ejusmodi
787 2816 994 2908 probationis
1008 2815 1220 2884 directorium
1235 2814 1345 2884 libello
1355 2838 1418 2884 suo
1516 2808 1517 2857 Ὗ

268 2944 442 3013 apponere.
458 2923 509 2990 Ex
523 2944 562 2991 eo
575 2922 665 3013 quod
684 2922 772 2990 enim
788 2922 947 3014 probandi
964 2943 1048 2991 crtus
1061 2922 1124 2990 sibi
1139 2930 1295 3007 assumat,
1317 2944 1418 3012 penes
1516 3000 1517 3005 ἵ

269 3029 377 3119 ipsum
393 3039 550 3115 remanet,
581 3039 653 3120 post
680 3029 769 3098 litem
796 3038 1018 3114 contestatam,
1037 3038 1069 3097 et
1096 3050 1162 3096 non
1188 3038 1294 3114 antea,
1320 3038 1418 3097 testes
1516 3028 1517 3093 3

270 3136 448 3225 producere
464 3145 496 3204 et
509 3135 663 3204 delictum
678 3136 826 3228 probare.
844 3136 880 3205 Si
895 3158 973 3205 vero
999 3137 1034 3203 in
1050 3134 1218 3227 probando
1234 3134 1363 3204 deficiat
1385 3148 1418 3204 at
1516 3130 1517 3207 Ῐ

269 3240 441 3309 calomnia
460 3244 685 3329 convincatur,
709 3265 840 3333 poenam
855 3243 1130 3313 calumniatorum
1143 3242 1275 3311 subibit.
1295 3242 1383 3310 Dum
1400 3268 1418 3311 e
1516 3234 1517 3305 ἶ

269 3356 382 3443 contra
395 3347 615 3436 denuntiator,
632 3349 782 3417 indicatis
794 3348 900 3440 judici
915 3350 1146 3441 probationum
1163 3346 1292 3433 mediis,
1310 3358 1416 3419 totum

270 3454 414 3524 officium
428 3478 525 3525 suum
540 3454 781 3547 quodammodo
797 3454 951 3548 explevit.
1516 3524 1517 3549 ,

312 3558 421 3627 ludex
444 3581 535 3650 ergo,
562 3560 705 3650 inspecto
726 3558 981 3627 denuntiationis
1002 3558 1124 3647 libello,
1151 3560 1338 3653 expendere
1355 3561 1420 3630 de·

272 3665 338 3752 bet,
366 3688 430 3734 non
445 3674 573 3733 tantum
602 3687 644 3732 an
666 3663 873 3734 denuntiator
900 3666 941 3732 ait
956 3664 1135 3755 legitimus,
1165 3676 1197 3734 et
1223 3666 1353 3735 libellus
1382 3670 1418 3736 in

272 3772 378 3841 torma
390 3772 536 3861 legitima
565 3770 671 3863 quoad
688 3770 902 3839 substantiam
917 3771 1132 3862 conscriptus,
1150 3772 1206 3841 sed
1222 3773 1358 3865 insuper
1374 3796 1418 3841 an

272 3886 421 3969 porrecta
448 3877 675 3970 probationum
703 3876 811 3945 media
825 3878 940 3967 gravia
955 3878 1033 3965 sint,
1060 3879 1112 3947 vel
1131 3877 1260 3948 frivola.
1277 3878 1313 3948 Si
1327 3879 1417 3948 enim
1516 3882 1517 3925 ἶ

273 3984 399 4054 deficiat
422 3984 669 4069 denuntiatoris,
698 3996 753 4052 aut
778 3983 892 4052 formae
918 3984 953 4051 in
978 3983 1087 4053 libello
1114 3984 1284 4072 adhibite,
1305 3986 1416 4075 legiti-
1516 4010 1517 4049 3

275 4092 381 4179 mites,
398 4091 450 4160 vel
464 4092 493 4159 si
507 4091 593 4159 levia
607 4091 672 4158 sint
686 4090 834 4158 criminis
849 4089 980 4171 indicia,
996 4092 1274 4161 denuntiationem
1285 4092 1418 4183 rejicere
1516 4138 1517 4173 1

275 4197 380 4279 debet,
394 4197 453 4282 §in
469 4219 547 4280 vero
558 4218 663 4301 meus,
679 4194 762 4265 redit
777 4196 914 4301 questio
929 4218 1030 4303 supra
1045 4196 1188 4289 discussa
1211 4196 1364 4303 (metiens
1381 4200 1415 4299 3ἔ
1516 4202 1517 4265 f
