3050 4984
536 493 610 540 raas
633 493 779 540 seruum.
1188 476 1228 542 15

90 613 190 681 multis
206 613 396 702 regionibus
407 613 511 706 judici
525 615 739 684 ecclesiastico
755 637 822 684 non
837 624 1013 707 praestatur
1028 641 1048 684 a
1062 618 1231 704 gubnroiis

89 721 316 812 temporalibus
331 723 490 790 auxilium
513 723 640 792 brachii
665 723 848 810 saecularis;
874 723 920 792 ita
941 733 979 792 nt
1000 725 1150 817 Episcopi
1173 749 1232 794 nec

91 852 141 917 pm
161 829 330 920 propriam
352 829 512 898 familiam
537 839 697 900 armatam
724 855 790 922 qua
816 838 937 916 carent,
961 854 1021 900 nec
1046 832 1232 902 interventu

90 936 306 1026 apparitorum
320 937 510 1006 auxiliantis
524 939 692 1029 potestatis
717 939 898 1026 amentatis,
915 939 1041 1030 possint
1063 948 1231 1009 accusatos

91 1065 195 1133 capere
214 1051 250 1110 et
263 1043 305 1112 ad
322 1045 577 1135 comparendum
598 1045 718 1114 invitos
733 1046 874 1115 trahere.

629 1340 686 1410 VI.

364 1493 476 1557 Effectus
491 1493 660 1544 accuratioris
673 1491 759 1558 quoad
773 1496 953 1544 accmtorem.

132 1678 161 1740 1·
179 1673 279 1742 Facta
301 1671 338 1740 iu
363 1673 488 1742 crimen
511 1671 760 1762 subscriptione,
786 1671 881 1740 debet
907 1681 1073 1742 accusatm
1093 1673 1177 1743 sicut
1201 1685 1233 1744 et

92 1803 161 1849 rens
185 1779 334 1850 custodia
356 1781 506 1866 detineri,
531 1781 634 1848 donec
661 1778 795 1846 liniatur
818 1779 1000 1869 judicinm3
1024 1790 1073 1867 nt,
1096 1781 1124 1848 si
1151 1781 1234 1850 forte

90 1887 166 1956 falso
187 1909 356 1956 accusasse
381 1886 656 1979 deprehendatur,
674 1908 783 1977 poeuae
809 1885 942 1953 talionis
955 1885 1149 1977 subjiciatur
1166 1915 1174 1955 :
1191 1889 1237 1956 ita

90 1995 223 2063 elimes
242 1994 319 2086 jure
341 1995 490 2063 Romano
506 2002 538 2061 et
553 1993 720 2061 canonico.
739 1991 816 2079 Sed,
833 2001 871 2060 nt
892 1992 1018 2062 dicetur
1032 1995 1066 2060 in
1088 1996 1236 2087 sequenti

90 2102 306 2192 paragrapho,
324 2111 355 2169 et
370 2101 552 2192 subscripto
566 2111 598 2168 et
618 2123 714 2190 poena
736 2100 866 2168 talionis
888 2112 919 2166 et
938 2101 1148 2170 incarceratis
1164 2100 1236 2170 baec

90 2211 295 2295 accusatoris,
314 2209 349 2277 in
364 2209 610 2278 desuetudinem
626 2208 788 2276 abierunt.

131 2321 164 2384 2⁰
181 2317 360 2386 Accusator
381 2317 577 2384 intentatum
597 2315 723 2384 crimen
749 2317 888 2406 probare
913 2323 1054 2384 tenetur.
1075 2317 1145 2384 «ln
1168 2340 1234 2408 qna

94 2451 109 2488 ιι
131 2422 323 2515 probatione
338 2423 365 2490 si
381 2421 546 2507 deiecerit,
562 2430 594 2490 et
609 2429 843 2513 consequenter
857 2431 977 2492 umere
997 2421 1140 2512 litigasse
1152 2445 1235 2492 cou-

96 2531 239 2598 avictns
263 2529 374 2615 inerit,
399 2530 561 2598 tenebitur
584 2529 625 2596 ad
658 2529 850 2597 reficiendas
875 2528 981 2597 litisa
1004 2552 1039 2597 se
1067 2529 1234 2598 intentatae

97 2665 112 2704 ιι
133 2660 303 2729 expensas.
323 2663 341 2702 a
359 2635 674 2726 (Schmalzgrueber,
694 2635 728 2703 in
751 2637 885 2705 titulum
901 2641 934 2723 1,
951 2637 1027 2704 libri
1044 2642 1062 2702 5
1083 2636 1236 2707 Decreta-

94 2744 184 2829 linm,
198 2767 233 2812 n.
255 2741 345 2833 115.)

135 2853 269 2936 Ateste,
285 2851 372 2918 aubi
388 2851 582 2940 compererit
591 2849 694 2939 judex
708 2858 929 2918 accusatorem
942 2851 1031 2942 justa
1042 2875 1140 2920 causa
1153 2849 1233 2922 duc-

99 2987 113 3024 ι
134 2967 203 3026 tum
220 2957 411 3049 processisse
425 2957 466 3024 ad
483 2959 720 3024 accusationem
735 2957 810 3025 falsi
830 2957 989 3043 criminis,
1004 2981 1079 3026 cum
1102 2982 1167 3027 uon
1182 2983 1236 3027 so-

99 3093 114 3130 ιι
134 3066 203 3134 lum
218 3089 238 3133 a
252 3086 350 3156 poena
364 3063 504 3149 talionis,
519 3065 575 3130 sed
592 3063 790 3154 injuriarum
804 3066 901 3132 etiam
916 3066 1040 3133 actione
1056 3067 1237 3136 immunem

100 3201 113 3238 ι
135 3173 378 3265 pronuntiabit;
397 3173 474 3262 quia
498 3169 574 3240 huic
591 3171 680 3240 locus
701 3193 768 3238 nou
789 3180 850 3258 est,
869 3173 925 3240 ubi
945 3172 1041 3241 dolus
1060 3183 1092 3241 et
1104 3175 1237 3243 animus

100 3307 114 3347 ι,
135 3303 257 3372 pravus
273 3279 387 3355 defuit.
406 3277 491 3359 Quin
507 3278 609 3369 aliqui
631 3278 728 3346 etiam
752 3288 873 3366 negant
896 3279 993 3347 talem
1008 3279 1045 3347 iu
1059 3303 1235 3371 expensam

101 3415 114 3453 a
135 3386 345 3456 condemnari
371 3409 464 3476 posse
484 3384 592 3476 :qnod
610 3408 726 3455 verum
749 3394 810 3472 est,
827 3386 855 3453 si
873 3387 956 3455 ratio
976 3408 1042 3478 qua
1063 3387 1180 3456 ductus
1194 3389 1236 3456 ad

102 3494 355 3564 recensendum
381 3502 442 3578 est,
460 3491 611 3560 eumdem
639 3517 704 3562 non
725 3503 893 3564 tantuma
914 3493 1002 3579 dolo,
1024 3493 1080 3562 sed
1099 3497 1238 3564 etiams

102 3631 116 3666 a
136 3602 232 3694 culpa
245 3607 394 3684 excuset3
412 3621 488 3666 uam
510 3599 537 3667 si
558 3599 600 3666 ab
616 3599 677 3668 ista
693 3623 759 3670 non
775 3611 920 3685 excuset,
934 3601 968 3667 in
983 3622 1143 3690 expensas
1157 3623 1237 3670 coa-

101 3736 114 3774 ι
134 3708 355 3793 damnabitur,
365 3705 452 3798 qnod
464 3706 639 3774 temeritate
651 3717 836 3776 nouvaccet
846 3707 1046 3776 accusatio.»
1059 3707 1238 3798 (Solemnia-

99 3818 244 3906 grueber,
261 3817 295 3884 in
312 3816 360 3883 tit.
380 3819 412 3900 2,
430 3813 506 3882 libri
525 3818 542 3880 5
560 3814 702 3902 Deerat,
721 3839 756 3884 n.
775 3818 842 3905 10.)

138 3931 169 3992 3⁰
185 3925 220 3992 Si
236 3931 361 3992 constet
375 3933 592 3991 accusatorem
609 3923 744 3993 scienter
760 3934 793 3992 et
805 3947 846 3991 ea
865 3924 987 3992 malitia
1001 3924 1235 3994 calumniatum

99 4055 171 4120 esse,
202 4033 231 4100 ei
260 4029 453 4122 applicanda
481 4039 527 4098 est
557 4053 653 4121 prena
681 4031 823 4119 talionis,
849 4031 882 4098 id
911 4041 970 4118 est,
997 4032 1108 4098 eadem
1139 4056 1236 4123 quam

101 4141 202 4208 subire
224 4139 388 4206 debuisset
408 4160 495 4223 rens,
511 4138 540 4204 si
561 4139 684 4206 crimen
702 4139 815 4207 fuisset
837 4140 1022 4230 probatum,
1040 4140 1091 4206 vel
1107 4139 1235 4210 similis.

104 4247 333 4339 applicandam
365 4255 441 4312 tunc
467 4268 594 4335 poenam
629 4247 756 4313 talionis
786 4269 826 4314 ex
855 4247 930 4337 jure
958 4247 1128 4333 canonico,
1160 4249 1238 4318 olim
