3050 4984
553 530 628 576 raas
650 530 793 576 suenni.
1177 506 1236 571 197

104 650 324 741 apellationis
350 674 448 721 causa
474 654 672 744 (quanquam
699 653 733 719 in
760 648 933 742 principali
956 650 1104 741 juratum
1129 648 1237 739 luerit)

104 785 120 821 a
142 759 292 850 praestari
315 758 469 850 jubemus
483 759 655 827 calumniae
668 758 904 848 juramentum.
933 756 1073 825 Elidem
1090 757 1122 823 in
1144 758 1241 847 jura-

104 891 119 929 «
142 874 251 933 mento
266 865 306 933 de
316 867 450 934 veritate
466 865 602 935 dicenda
615 866 769 934 volumus
782 864 960 932 observari.
977 889 993 927 »

142 972 200 1040 VI.
216 971 355 1054 Quando
363 995 455 1063 pers,
466 974 546 1063 jam
556 972 706 1063 praestito
715 972 912 1061 juramento
925 970 1243 1061 colomniae,procrt-

101 1091 244 1145 rotorcm
268 1077 330 1145 sibi
356 1079 534 1159 substituit,
566 1080 743 1146 istenetur
770 1078 871 1145 etiam
898 1076 983 1145 idem
1007 1077 1241 1166 juramentum

97 1197 267 1275 prestare.
282 1224 327 1237 -
341 1185 502 1275 Expressa
515 1185 547 1253 id
561 1184 704 1253 decrevit
718 1183 905 1253 Bouliacius
921 1184 996 1251 Vlll
1011 1183 1113 1271 capite
1128 1186 1165 1251 lu
1180 1207 1243 1274 op-

100 1290 293 1381 pcllotiunir
312 1294 357 1382 (2,
376 1292 425 1358 tit.
444 1296 475 1377 t,
493 1291 551 1359 lib.
568 1295 600 1379 2,
616 1292 649 1360 in
667 1291 710 1380 6).

142 1398 219 1466 VII.
247 1401 357 1466 Potest
378 1398 511 1490 litiqonc
529 1421 590 1489 prr
605 1410 858 1490 procuratorem
880 1408 1040 1487 proestare
1062 1398 1245 1487 jacomam

103 1518 175 1571 tum
189 1504 377 1586 columnia,
394 1504 490 1572 modo
506 1505 684 1596 eispeciole
698 1503 818 1572 adhoc
834 1502 1032 1571 mandatum
1047 1502 1183 1570 tribuat.
1199 1542 1244 1555 -
1322 1504 1326 1511 ’

102 1611 264 1701 Expressa
286 1610 431 1680 decisum
453 1611 487 1679 id
511 1612 573 1680 luit
596 1634 616 1679 a
642 1610 807 1680 Bonifatio
824 1611 901 1679 VIII
925 1610 1039 1702 (capite
1060 1614 1091 1696 3,
1112 1609 1187 1678 libri
1210 1616 1243 1699 2,

103 1718 150 1785 rit.
170 1723 203 1806 t,
220 1719 255 1785 in
271 1719 316 1808 6).

145 1825 235 1893 VIII.
264 1825 371 1895 tuder
386 1828 510 1918 quotics
524 1826 587 1894 siti
605 1825 734 1894 videtur
743 1836 853 1917 potest
876 1824 1003 1915 occipere
1013 1826 1246 1914 juramentum

103 1932 251 2014 malitia,
268 1933 399 2001 etiamsi
404 1935 485 2023 jam
499 1933 653 2001 emusum
665 1932 768 2023 fucrit
775 1933 1011 2022 jurameutum
1027 1930 1247 1999 calumniaret

99 2040 332 2128 juramentum
347 2040 505 2107 veritatis.
524 2078 568 2091 -
587 2039 748 2129 Expresso
762 2038 928 2106 decretum
944 2061 963 2105 a
983 2036 1152 2106 Bonifatio
1170 2039 1248 2108 VIII

16 2173 17 2176 ¹
107 2146 719 2237 (capion,tit.t‚tih.2,ino‚§2).

147 2255 291 2336 Qonsuo
313 2258 360 2321 2².
387 2292 431 2305 —
457 2257 484 2322 Α
505 2254 620 2345 quibus
642 2255 877 2343 juramentum
901 2252 1077 2319 calomnia
1095 2253 1252 2342 prestari

105 2361 296 2430 debeott-
318 2361 345 2429 I.
372 2362 429 2429 Est
454 2360 568 2450 regula
582 2360 743 2450 generalis
758 2358 921 2449 ejusmodi
942 2360 1163 2450 juramentum
1179 2382 1248 2428 esse

16 2479 17 2516 ἐ
104 2469 328 2559 praestandum
350 2467 530 2559 aquolibct
544 2476 651 2535 actore
675 2478 707 2534 et
724 2489 797 2545 reo;
824 2476 858 2534 ut
872 2473 959 2555 patet
973 2488 1012 2533 ex
1030 2466 1160 2557 juribus
1174 2489 1248 2558 quae

16 2619 17 2669 3
105 2576 182 2644 dicti
204 2575 383 2666 juramenti
399 2575 640 2666 praestationem
663 2574 852 2641 decernunt.
869 2572 922 2639 Ab
936 2573 996 2640 hac
1012 2582 1120 2641 umen
1134 2574 1249 2664 regula

105 2682 249 2772 generali
262 2681 446 2774 excipiendi
461 2690 538 2749 suut
556 2708 563 2748 :

16 2791 17 2798 ’
148 2790 275 2871 Primo,
293 2788 476 2880 principes3
492 2788 569 2878 quia
584 2808 699 2854 corum
715 2783 859 2874 dignitas
872 2785 1018 2853 excludit
1032 2786 1248 2877 suspicionem

16 2891 17 2976 f
106 2894 292 2963 tuumne.

148 3001 311 3083 Secundo,
340 3008 530 3093 procurator
554 3022 611 3068 scu
636 3006 802 3090 promotor
826 2997 944 3065 fiscalis
951 3022 960 3084 ;
990 3023 1008 3061 c
1026 3020 1090 3065 non
1117 2998 1249 3090 quidem

16 3115 17 3186 ἶ
111 3135 126 3171 a
149 3107 276 3197 dejure
300 3106 465 3175 communi
494 3105 538 3195 (iu
566 3106 627 3173 hoc
648 3102 736 3171 enim
751 3103 814 3195 ipsi
826 3102 1049 3193 juramentum
1065 3104 1153 3173 istud
1170 3129 1250 3174 nus-

110 3240 126 3277 «
148 3214 238 3306 piam
251 3214 425 3282 remissum
438 3210 631 3303 reperiturl;
645 3210 701 3278 scd
715 3210 755 3278 de
771 3210 1017 3279 consuetudine.
1035 3236 1051 3275 o
1069 3212 1249 3301 (Schmalz-

107 3320 260 3410 grucber‚
277 3320 313 3387 in
327 3321 376 3387 tit.
394 3324 427 3405 7,
444 3319 551 3386 librit
570 3319 681 3405 Dect„
698 3341 731 3384 n.
750 3318 799 3407 7.)

154 3428 272 3508 Tertio,
292 3426 398 3495 clerici
417 3427 474 3517 qui
489 3434 592 3515 agunt
607 3447 716 3493 coram
730 3425 862 3516 proprio
879 3447 938 3492 suo
956 3423 1066 3515 judice
1081 3427 1250 3496 ecclesias-

16 3565 17 3630 3
108 3537 183 3621 lico,
210 3542 243 3602 et
271 3532 310 3601 de
338 3556 436 3602 causa
465 3534 674 3601 ecclesiarum
695 3554 850 3617 suarum3
880 3542 957 3600 tunc
989 3532 1108 3601 scilicet
1133 3534 1251 3604 sufficit

16 3647 17 3704 Ξ
110 3665 163 3710 eos
185 3642 296 3733 jurare
322 3664 381 3733 per
404 3640 577 3731 syndicum
594 3640 646 3708 vel
671 3648 916 3732 procuratorem
946 3667 953 3706 :
980 3662 1072 3708 secus
1098 3641 1126 3707 si
1154 3651 1253 3731 agant

16 3739 17 3750 ’
112 3748 145 3814 in
175 3748 316 3839 propriis
344 3748 411 3815 suis
441 3747 558 3815 causis.
588 3744 684 3838 (Vide
707 3746 1012 3835 Schinalzgrueber‚
1043 3746 1115 3815 Ioco
1143 3748 1251 3837 citato,

114 3876 144 3919 n.
164 3854 210 3943 8.)

158 3963 296 4045 Quarto,
314 3960 492 4052 Episcopus
511 3987 518 4026 :
537 3960 564 4026 is
581 3960 668 4028 enirn
692 3968 796 4052 potest
817 3983 874 4052 per
900 3968 1142 4053 procuratorem
1160 3963 1254 4052 jura·

116 4076 256 4137 mentum
272 4068 429 4136 emittere.
448 4067 484 4136 Si
501 4076 608 4135 tamen
621 4067 718 4135 vellet
734 4090 791 4159 per
807 4069 951 4161 scipsum
964 4068 1106 4159 litigare,
1125 4068 1256 4140 deberet

116 4172 322 4261 personaliter
341 4173 563 4264 juramentum
587 4172 762 4240 calumnia
786 4172 892 4241 edere.
921 4170 1017 4265 (Vide
1037 4172 1069 4239 id
1091 4172 1255 4244 firmatum

16 4343 17 4356 p
117 4279 200 4369 apud
217 4278 522 4370 schmalzgrueber,
536 4279 632 4352 citato
645 4278 742 4368 loco.)
