3050 4984
566 530 640 576 rins
663 532 807 577 smenon.
1190 510 1252 577 229

121 676 137 713 o
161 649 206 717 tio
222 650 353 741 proprie
371 649 467 737 dicte,
490 672 547 719 sen
568 648 608 719 de
627 650 751 738 futuro,
772 659 804 719 et
822 660 931 719 actum
951 650 1119 742 suspendit
1138 650 1179 721 ad
1201 654 1259 721 fu-

122 765 269 825 otnrum
297 764 466 845 eventnm;
493 780 559 827 non
582 767 691 827 antmn
714 757 856 826 conditio
878 756 918 826 de
940 760 1116 850 praeterito,
1144 761 1196 828 vel
1215 760 1256 829 de

122 892 137 927 o
159 865 323 957 praesenti.
348 865 418 935 lmo
443 886 502 934 uec
525 867 653 957 qumvis
675 864 819 933 conditio
840 863 881 933 de
905 866 1016 936 futoro
1039 868 1129 935 obest
1152 869 1258 937 volori

121 998 138 1037 c
160 972 342 1061 seutentiae,
363 972 419 1041 sed
442 982 568 1042 tentum
590 973 770 1041 extrinseca
794 999 802 1039 ε
825 995 901 1040 nam
919 974 982 1041 sub
1001 974 1185 1044 conditione
1205 978 1258 1044 in-

120 1106 138 1143 «
161 1080 298 1149 trinseca
315 1090 348 1150 et
368 1080 549 1149 necessaria
568 1080 647 1149 terri
669 1087 776 1173 potest
792 1080 963 1165 sententia,
982 1087 1020 1149 ut
1036 1080 1065 1148 si
1082 1081 1184 1171 judex
1205 1083 1258 1151 di-

120 1213 136 1251 «
159 1196 210 1255 cat
228 1214 235 1254 :
253 1190 368 1279 Delero
384 1188 445 1256 tibi
452 1189 474 1279 j
476 1200 699 1269 uramentum,
718 1200 760 1269 et,
774 1187 1016 1278 sipraestiten‘s,
1032 1188 1201 1257 absolvam
1213 1201 1256 1271 tc,

120 1320 136 1357 o
160 1295 212 1363 vel
224 1295 368 1363 absoluo.

161 1406 191 1471 3.
222 1430 238 1467 o
263 1402 362 1472 Obcst
382 1402 523 1473 conditio
546 1402 653 1471 solnm
676 1404 711 1470 in
731 1402 889 1471 sententia
909 1402 1090 1488 definitiva,
1114 1425 1180 1472 non
1196 1428 1260 1473 su-

119 1538 135 1575 c
159 1519 224 1577 tem
244 1511 279 1577 in
294 1510 576 1579 interlocutorio...
599 1510 669 1579 lmo
691 1509 788 1578 ctiam
808 1509 843 1577 in
865 1509 1035 1578 definitiva
1052 1510 1109 1578 illa
1129 1518 1258 1580 tantum

119 1643 135 1681 c
159 1617 301 1687 conditio
316 1617 458 1687 valorem
475 1617 643 1687 sententiae
660 1616 754 1702 tollit,
779 1639 854 1708 qum
877 1616 1139 1685 incertitudinem
1155 1628 1187 1685 et
1200 1620 1263 1687 ob-

120 1726 346 1793 oscudtstem
372 1725 498 1794 inducit
523 1752 530 1792 :
554 1725 582 1793 si
604 1724 665 1793 hoe
689 1746 755 1793 non
778 1724 847 1811 fiet,
873 1725 970 1793 etiem
993 1725 1054 1793 sub
1077 1724 1262 1794 conditione

118 1858 135 1897 c
159 1833 342 1901 extrinsece
361 1832 449 1901 etde
471 1832 583 1901 futuro
603 1831 667 1900 late
691 1831 789 1917 volet,
812 1831 964 1923 quemvis
985 1831 1027 1899 ab
1047 1854 1085 1901 ea
1105 1833 1262 1923 appellari

120 1968 135 2005 o
158 1942 307 2033 possit.»

159 2049 304 2130 Qnmrro
329 2054 374 2115 5⁸.
401 2086 445 2101 —
470 2051 520 2115 Ao
539 2060 570 2114 ct
588 2070 652 2139 quo
673 2068 766 2115 serso
787 2047 946 2115 sententio
964 2046 1070 2115 libello
1090 2050 1264 2139 conformis

116 2178 180 2224 esse
193 2156 305 2225 debeat
316 2160 331 2221 ?
341 2194 386 2207 -
399 2160 428 2221 t.
450 2182 467 2220 o
480 2154 580 2223 Debet
593 2176 662 2223 esse
671 2154 849 2223 conformis
865 2153 988 2241 libello,
998 2163 1035 2222 ut
1046 2154 1210 2244 colligitur
1221 2178 1264 2225 ex

119 2289 136 2327 o
159 2264 264 2355 capite
281 2262 433 2345 Qualiter
450 2262 516 2351 (tl,
537 2262 621 2329 circa
635 2260 748 2341 finem,
759 2260 799 2328 de
814 2262 958 2350 Aecus.);
973 2284 1015 2329 ex
1029 2262 1262 2331 Clementinet

13 2379 14 2383 ’
121 2398 136 2435 c
163 2372 196 2462 (ξ
217 2374 349 2451 Verum,
370 2370 409 2438 de
433 2370 610 2437 Verborum
630 2368 879 2460 siqnificarione)
891 2395 901 2455 ;
924 2392 966 2436 cx
989 2370 1059 2459 lege
1084 2373 1125 2437 Ut
1141 2370 1263 2459 modos

121 2506 137 2542 ι(
164 2480 233 2569 (18,
244 2476 278 2545 ff.
293 2479 466 2547 common.
479 2476 676 2566 dividend).
694 2504 708 2539 o
724 2477 771 2543 lta
781 2474 1072 2564 Schmolzgroeber
1085 2476 1130 2565 (in
1143 2475 1192 2544 tit.
1206 2482 1261 2565 27,

119 2583 227 2652 libria
242 2584 353 2670 Decr.,
365 2606 399 2653 n.
417 2584 484 2673 37).

163 2697 196 2759 2.
214 2691 266 2759 Ad
281 2691 510 2783 questionem,
527 2690 697 2775 Quomodo
712 2689 872 2758 sententia
884 2689 998 2758 debeat
1014 2712 1077 2758 esse
1091 2693 1265 2783 conformis

119 2799 239 2882 libello,
262 2796 436 2888 respondet
458 2798 568 2889 (ibid,
589 2821 623 2865 n.
647 2798 700 2888 ld)
721 2797 838 2865 citatus
852 2805 989 2865 auctor:
1013 2796 1184 2866 «Certum
1201 2809 1261 2888 est,

122 2932 140 2969 o
164 2906 249 2997 qnod
268 2928 333 2974 nou
349 2926 477 2997 semper
497 2905 610 2974 debeat
629 2928 698 2973 esse
713 2904 891 2974 conformis
905 2904 1106 2972 conclusioni
1127 2912 1158 2973 et
1176 2906 1266 2997 peti-

122 3040 140 3079 α
164 3014 245 3081 tioni
266 3014 405 3100 actoris3
422 3011 566 3105 alioquin
582 3012 688 3081 omnis
708 3014 866 3079 sententis
888 3010 1020 3079 deberet
1033 3009 1264 3081 condemnato-

124 3148 142 3185 c
165 3123 213 3189 ria
227 3144 308 3208 esse,
325 3144 384 3189 nec
399 3142 544 3211 unquam
560 3141 636 3187 reus
647 3118 773 3187 absolvi
785 3126 904 3209 posset,
922 3140 997 3186 cum
1013 3140 1141 3209 semper
1156 3120 1190 3187 in
1205 3144 1265 3190 suo
1370 3150 1375 3161 ·

124 3255 142 3293 c
166 3228 273 3297 libello
292 3236 381 3297 actor
400 3236 487 3320 petat
506 3224 716 3295 condemnari
738 3248 843 3293 reum.
871 3224 1009 3306 Quando
1031 3246 1110 3315 ergo
1132 3226 1263 3315 dicitur,

125 3360 143 3399 o
167 3336 250 3426 qnod
272 3334 430 3403 sententia
450 3334 563 3402 debeat
584 3356 653 3401 esse
673 3331 854 3402 conformis
873 3331 995 3419 libello,
1016 3332 1264 3423 intelligendum

126 3470 145 3507 o
169 3448 224 3530 cst,
240 3442 327 3535 quod
345 3442 458 3511 debent
469 3462 536 3509 esse
549 3439 724 3509 conformis
738 3438 852 3531 quood
861 3438 998 3507 modum
1007 3438 1146 3509 dicendi.
1164 3442 1266 3511 Debet

124 3576 143 3613 c
166 3559 268 3618 etitem
292 3548 468 3618 conformis
491 3570 559 3615 esse
579 3549 614 3614 in
637 3546 741 3615 tribus
767 3574 773 3613 :
801 3546 837 3613 in
851 3567 888 3613 rc
913 3566 986 3637 qua
1004 3545 1141 3636 petitor.
1170 3547 1265 3616 Unde

125 3684 144 3721 c
171 3657 341 3748 imperator
361 3656 444 3747 (lege
461 3654 563 3742 finali,
586 3676 614 3722 c.
640 3653 680 3721 dc
703 3652 955 3721 Fideicommiss.
980 3652 1101 3743 libert.)
1127 3653 1264 3723 stultum

124 3790 143 3828 c
171 3764 304 3855 appellat
317 3762 460 3856 jndicem
481 3763 552 3854 qui,
572 3784 647 3829 curu
671 3784 723 3829 res
744 3760 779 3828 in
801 3759 910 3827 libello
924 3760 1046 3850 petitur
1065 3767 1098 3826 et
1117 3763 1266 3851 praestari

123 3896 142 3936 ι
171 3880 281 3961 potest,
308 3892 401 3941 reum
419 3868 613 3939 condemnat
633 3870 667 3935 in
692 3868 938 3936 estimationem
963 3868 1021 3936 rei.
1051 3870 1084 3933 2·
1107 3869 1147 3935 lo
1164 3890 1266 3937 coccea

123 4004 143 4043 o
164 3978 296 4068 petendi
311 4006 322 4045 .·
336 3986 373 4047 ut
388 3977 416 4046 si
435 3998 487 4044 res
502 3998 543 4043 ex
559 3998 656 4043 causa
671 3974 866 4061 donationis,
886 3972 1092 4059 venditionis,
1109 3983 1185 4061 etc,
1202 3997 1266 4065 pe-

124 4110 144 4151 c
174 4092 266 4174 tatur,
284 4108 350 4155 non
365 4107 407 4153 ex
421 4083 485 4152 elia
499 4081 713 4174 adjudicetur.
732 4081 1128 4173 3⁰1teniqoeinacti0ne;
1142 4088 1179 4148 ut
1194 4104 1266 4151 eam

125 4216 145 4255 e
173 4212 245 4280 quse
262 4191 410 4259 instituta
429 4200 476 4259 est
489 4189 591 4282 judex
614 4196 781 4280 sequatur,
798 4196 866 4257 esto
885 4194 974 4256 actor
993 4186 1090 4256 ulium
1110 4186 1268 4278 pinguio-

126 4326 145 4364 «
172 4318 239 4367 rem
255 4297 429 4369 habuisset.
448 4297 534 4366 Sunt
547 4306 655 4365 tamen
676 4295 786 4389 plures
802 4318 895 4367 casus
908 4295 943 4363 in
956 4294 1076 4385 quibm
1087 4293 1189 4386 judex
1207 4295 1268 4370 de
