3050 4984
556 496 631 543 raus
653 496 796 543 munna.
1177 474 1241 539 eet

96 614 160 709 qni
198 624 413 710 opportunam
452 639 512 709 pro
558 640 647 685 nunc
689 617 947 687 immutationem
990 615 1163 701 sustinent,
1209 638 1243 682 se

96 748 228 793 errasse
258 746 433 815 agnoscere
461 724 637 793 debebunt.
665 724 812 806 Onerum
841 744 901 815 ego
931 723 1122 813 opinionum
1153 721 1244 790 valo·

97 854 174 901 rem
200 832 385 925 expendere
408 831 594 901 nullatenus
618 831 718 917 volui,
740 831 797 899 sed
823 839 950 899 mutum
972 830 1138 916 adnotare,
1161 829 1240 922 quid

97 941 287 1007 necesario
311 938 488 1008 tenendum
515 939 569 1023 sit,
594 936 716 1029 quidve
738 937 780 1004 sit
807 936 918 1005 liberae
944 936 1124 1026 opinationi
1147 935 1242 1004 relic-

99 1054 189 1115 tum.

495 1529 748 1611 SUBSECTIO
786 1532 851 1613 IV.

100 1749 216 1799 NORHA
244 1747 418 1799 PROCESSUS
445 1748 629 1799 emutatus
654 1749 777 1801 conius
808 1748 999 1801 menuctus
1025 1749 1245 1813 ΡΒΛῊΤΑΤῈΜ,

199 1855 415 1916 meminoris
432 1854 491 1907 SEU
506 1857 615 1906 SANCl'l
632 1856 744 1906 ermen
760 1856 984 1907 'l'ltlllUNALlllUS
1005 1857 1151 1907 PROPRIA.

148 2150 224 2218 Nun
240 2151 403 2221 existimet
415 2151 515 2219 lector
529 2175 589 2219 nos
603 2152 655 2220 hic
669 2149 709 2219 de
730 2173 765 2218 re
782 2158 909 2219 mortua
927 2161 959 2219 et
980 2151 1020 2218 de
1042 2151 1146 2219 medio
1167 2152 1245 2219 sub-

101 2256 171 2325 lata
184 2258 446 2349 disceptationem
461 2258 639 2327 instituere.
655 2258 722 2325 Etsi
741 2258 828 2326 enim
846 2256 945 2326 Sedes
960 2259 1144 2349 Apostolica
1158 2257 1246 2349 jam-

104 2364 233 2433 dudum
248 2364 379 2433 desierit
397 2364 672 2434 extruordinarios
692 2364 765 2433 illos
775 2364 912 2455 judiees,
929 2365 1133 2456 inquisitores
1152 2366 1246 2433 stric-

104 2472 183 2541 tiori
209 2472 351 2564 quodam
376 2496 474 2541 seusu
497 2484 711 2566 nuncupatos,
737 2496 795 2565 per
817 2472 1002 2565 provincius
1024 2472 1163 2561 mittere,
1188 2476 1245 2563 qui

103 2577 269 2646 haeretice
291 2580 460 2670 pravitatis
483 2604 555 2649 reos
577 2582 779 2672 perquirant,
805 2588 836 2647 et
855 2580 951 2671 juxta
974 2580 1113 2649 formam
1137 2580 1244 2672 quoad

104 2686 269 2776 ejusmodi
292 2686 476 2755 criminales
501 2710 613 2756 causas
641 2686 864 2778 praescriptam
886 2686 1046 2776 judiceut;
1067 2698 1100 2753 at
1123 2710 1245 2779 nequa-

104 2816 206 2884 quam
222 2793 338 2861 sublati
354 2795 517 2887 Episcopi,
534 2796 591 2887 qui
612 2818 653 2861 ex
674 2794 743 2885 ipsa
767 2816 825 2861 sua
845 2793 1010 2862 ordinaria
1020 2792 1246 2884 jurisdictione

104 2909 183 2968 sunt
195 2902 404 2991 inquisitores
421 2903 499 2989 uati,
517 2902 638 2993 quique
655 2924 720 2969 non
733 2909 860 2968 mutum
880 2909 1026 2991 possunt,
1050 2900 1105 2969 sed
1128 2899 1245 2969 debent

106 3008 247 3097 (utmox
263 3008 460 3099 ostendetur)
478 3008 672 3100 peculiarem
695 3006 784 3074 illum
805 3029 973 3098 processus
988 3029 1148 3095 normam,
1170 3031 1244 3099 quae

105 3114 205 3204 alege
219 3114 430 3183 ecclesiastica
444 3137 503 3206 pro
516 3112 702 3183 coercendis
717 3124 829 3181 contra
841 3114 938 3180 sidem
953 3111 1077 3182 delictis
1092 3114 1245 3183 determi-

107 3233 182 3289 nata
195 3230 255 3307 est,
272 3221 447 3289 hodiedum
461 3222 643 3290 observare.
663 3222 746 3288 Hinc
762 3222 796 3287 in
808 3219 1009 3311 exponendis
1019 3222 1120 3290 variis
1136 3236 1248 3290 eatre-

108 3328 269 3397 ordinarii
275 3352 442 3420 processes
457 3328 637 3397 criminalis
652 3328 831 3419 speciebus,
846 3327 1030 3396 nullatenus
1042 3329 1096 3397 illa
1111 3338 1247 3422 praeter-

109 3436 192 3503 mitti
217 3435 341 3524 debuit,
369 3459 466 3528 quam
493 3436 604 3506 Sancti
629 3434 734 3504 Officii
761 3433 977 3503 tribunalibus
1001 3434 1166 3527 propriam
1189 3435 1246 3527 jus

110 3542 358 3612 ecclesiasticum
369 3542 455 3611 lecit.
