3050 4984
568 465 642 511 stes
665 466 809 513 SECUNDA.

646 756 724 847 gr.

386 928 453 988 outo
467 926 519 979 sint
529 928 682 993 positiones,
696 926 801 979 sitienti
813 930 840 977 et
854 926 978 992 cspituls.

162 1129 193 1195 1.
220 1125 342 1195 Positio
357 1124 514 1195 definitur
537 1125 794 1219 cSpcculctore,
827 1125 970 1195 «brevis
996 1126 1172 1195 verborum
1188 1126 1256 1196 lor·

122 1259 138 1297 s
161 1232 263 1318 mule,
280 1226 422 1303 mentem
443 1232 593 1324 ponentis
616 1233 797 1321 confluens,
821 1233 862 1302 sd
881 1233 1053 1302 veritatem
1067 1233 1256 1303 eliciendam

122 1369 138 1407 α
161 1352 325 1435 conceptu.
343 1369 361 1408 n
384 1342 433 1434 (ln
457 1342 586 1411 rubrica
601 1339 641 1409 de
655 1341 888 1423 Positions'dus,
906 1340 927 1431 ᾖ
945 1344 977 1427 1,
993 1363 1026 1411 n.
1047 1338 1092 1429 l.)
1111 1340 1258 1409 APelle·

115 1450 212 1539 grino
234 1449 428 1518 describitur
455 1477 462 1516 :
496 1448 643 1517 «Brevis
660 1448 816 1535 uenatio,
833 1448 910 1516 lecti
933 1446 1049 1515 scriem
1075 1448 1255 1535 continens,

120 1584 137 1619 u
158 1556 200 1624 ud
214 1556 407 1625 eliciendum
424 1558 590 1625 ventutem
608 1564 772 1646 concepte.
788 1581 806 1619 s
824 1556 956 1646 (Promis
975 1554 1095 1637 Vicar„
1112 1562 1204 1647 perte
1222 1558 1255 1641 2,

114 1672 193 1733 sect.
212 1668 246 1753 2,
262 1664 401 1733 subscct.
426 1668 459 1752 l,
477 1686 510 1731 n.
535 1663 580 1753 9.)
599 1662 726 1731 Clarius
743 1661 1062 1752 Scbmslzgrueber:
1084 1661 1259 1731 «Positio-

119 1798 135 1837 α
159 1793 214 1839 nes
229 1770 384 1840 dicuntur
406 1772 522 1839 breves
535 1768 687 1863 quedem
702 1769 906 1837 narrationes
920 1790 976 1837 seu
993 1769 1184 1838 assertiones
1199 1768 1258 1837 uli·

117 1908 134 1945 c
157 1879 255 1972 cujus
271 1879 358 1967 lecti,
380 1879 421 1947 ed
448 1900 580 1948 csuscm
603 1885 845 1946 controversam
861 1876 1063 1968 pertinentis,
1081 1898 1180 1969 super
1193 1899 1259 1969 quo

114 2014 132 2053 c
156 1988 280 2079 petitur
292 1987 333 2055 sb
348 1986 533 2055 adversario
548 1984 756 2077 responderi3
772 1983 871 2076 idque
893 1984 967 2053 ideo
982 1992 1019 2051 ut
1038 2006 1174 2075 ponens,
1190 1986 1258 2052 sive

114 2120 132 2158 c
157 2102 260 2179 ector,
278 2094 320 2163 ab
334 2116 432 2163 onere
447 2092 620 2186 probandi,
635 2114 693 2184 per
708 2089 943 2160 confessionem
959 2090 1151 2178 adversarii,
1174 2092 1259 2159 rele-

113 2226 133 2267 α
157 2210 265 2269 vetur.
284 2200 334 2269 nx
351 2200 401 2269 bis
413 2199 639 2292 positionibus,
656 2198 793 2267 articuli
805 2196 1066 2290 appellentureae
1082 2199 1257 2289 positiones

116 2334 134 2374 ι
158 2330 244 2400 quus
266 2330 342 2377 reus
365 2316 473 2399 neget,
493 2315 526 2374 st
543 2314 777 2399 consequenter
796 2313 888 2374 ector
902 2305 1041 2397 prcbsre
1057 2304 1153 2373 debet
1168 2333 1176 2373 ε
1191 2328 1258 2374 cae·

114 2442 133 2481 e
158 2424 240 2483 terae
248 2415 438 2508 simpliciter
451 2434 571 2483 nomen
579 2414 776 2506 positionum
791 2412 980 2481 obtinent.»
994 2410 1257 2503 (Schmulzgrue-

109 2524 190 2607 ber,
206 2521 241 2591 in
256 2524 305 2592 tit.
321 2527 352 2609 5,
370 2522 446 2591 libri
461 2526 480 2589 2
496 2522 607 2607 Beer,
625 2542 659 2589 n.
678 2524 723 2612 l.)

159 2630 341 2699 Positiones
364 2652 443 2721 ergo
464 2629 546 2698 nihil
569 2628 656 2698 cnud
678 2637 754 2697 sunt
778 2649 877 2720 qusm
900 2635 1022 2697 esserto
1035 2627 1201 2719 quedem,
1217 2630 1257 2697 ub

109 2760 186 2808 uno
208 2739 354 2829 litigante
379 2738 555 2829 proposita,
578 2737 613 2804 in
639 2736 726 2803 hunc
745 2734 845 2805 finem
862 2744 897 2804 ut
912 2736 993 2804 ulter
1008 2734 1143 2825 litigans
1158 2734 1255 2821 dicut,

108 2870 156 2915 an
174 2854 281 2937 neget,
307 2869 349 2915 sn
372 2867 451 2913 vcro
464 2847 657 2913 confitentur
682 2866 798 2911 verum
813 2866 882 2911 esse
908 2842 995 2935 quod
1011 2843 1177 2911 asseritur.
1206 2842 1257 2910 Ex

108 2974 184 3045 qus
207 2953 337 3022 notione
358 2954 435 3020 setis
460 2960 546 3043 putet
560 2972 658 3042 quem
673 2949 770 3019 utiles
786 2949 853 3017 sint
866 2949 1027 3041 ejusmodi
1048 2948 1222 3041 positiones
1249 2979 1256 3017 :

109 3084 206 3146 num,
233 3061 323 3129 verbi
341 3061 459 3151 gratis,
477 3061 506 3127 si
522 3068 624 3146 actor,
641 3059 693 3127 vel
708 3067 877 3151 promotor
890 3056 1010 3127 tiscslis
1025 3068 1186 3149 proponat
1200 3057 1259 3127 de-

108 3192 188 3238 cem
208 3168 395 3260 hujusmodi
416 3167 603 3259 positiones,
627 3175 658 3236 et
680 3188 756 3235 rsus
774 3167 913 3235 letentur
926 3174 1048 3257 septem
1065 3188 1135 3235 esse
1149 3188 1259 3251 verus,

108 3288 144 3346 et
169 3285 236 3343 tres
258 3275 429 3344 dumtaxat
451 3274 545 3343 falses
568 3275 752 3359 contendet,
775 3273 844 3365 jem
860 3294 927 3341 non
946 3295 1030 3365 opus
1045 3274 1107 3341 erit
1121 3273 1260 3366 probsre

113 3385 184 3454 nisi
197 3394 264 3451 tres
287 3383 359 3452 illus
384 3390 534 3473 negetss3
550 3389 672 3473 septem
686 3403 766 3451 vero
780 3380 854 3450 sliae
880 3382 915 3450 iu
939 3390 1006 3450 toto
1019 3402 1173 3472 processu
1186 3391 1258 3448 tun·

112 3514 218 3585 quum
245 3499 340 3560 certe
363 3512 404 3558 ex
431 3489 501 3581 ipse
523 3488 583 3557 lici
610 3490 812 3560 confessione
843 3488 1060 3557 habebuntur.
1092 3486 1188 3570 Quod
1217 3488 1259 3555 sd

111 3599 254 3669 celerem
285 3618 390 3667 neusse
421 3594 659 3687 expeditionem
689 3603 849 3687 quantum
879 3595 1035 3683 conferet,
1067 3616 1163 3663 nemo
1192 3615 1258 3663 non

114 3706 219 3775 videt.

161 3818 197 3879 2.
223 3812 361 3882 Articuli
374 3818 451 3880 sunt
476 3834 513 3881 ee
526 3818 659 3897 asserta,
677 3830 819 3900 quorum
842 3807 1014 3878 veritatem
1028 3830 1063 3877 se
1079 3808 1162 3877 velle
1183 3828 1259 3899 pro·

113 3921 210 4007 bare,
221 3940 280 4010 per
296 3926 389 3987 testes
404 3928 461 3987 eut
474 3919 701 4003 instrumenta,
717 3917 824 4009 judici
838 3914 978 3984 declaret
988 3924 1089 4003 ector,
1103 3924 1159 3983 eut
1171 3936 1259 3983 reus.

116 4055 135 4094 n
162 4024 333 4095 Articulus
354 4026 409 4116 (uit
431 4024 620 4115 pellegrini,
645 4025 765 4093 Praxo
787 4023 1002 4105 Vicoriorum,
1025 4030 1118 4114 perte
1139 4026 1172 4109 2,
1190 4041 1261 4089 sec-

117 4162 135 4201 u
161 4133 251 4202 tione
270 4136 303 4219 2,
322 4132 522 4201 subsectione
539 4136 570 4220 l,
594 4154 628 4199 n.
646 4131 699 4221 tc)
714 4140 761 4199 est
785 4152 860 4223 pers
876 4130 1077 4215 intentionis,
1092 4128 1261 4197 continens

117 4270 136 4311 s
163 4240 199 4309 id
215 4239 301 4333 quod
317 4240 391 4331 quis
407 4240 543 4330 probare
557 4240 696 4307 intendit
712 4260 770 4328 per
783 4247 879 4306 testes
890 4248 946 4306 sut
960 4259 1018 4329 per
1032 4235 1222 4329 scripturus.
1241 4264 1257 4303 »
