3050 4984
259 464 321 532 282
634 490 809 537 raimerus
831 492 869 535 oe
891 490 1024 537 tauteus.

257 609 487 682 Deeretalium.
510 638 527 676 o
542 612 638 681 Ratio
653 618 713 697 est,
729 612 807 703 quia
817 621 943 681 conant
956 634 1050 680 raum
1065 611 1106 679 da
1121 611 1259 679 erimine
1272 608 1401 679 notorio

262 744 280 781 a
303 716 569 805 condemnatum,
580 719 607 786 si
619 718 772 811 appellet,
785 728 914 787 tantum
923 719 1086 810 appellare
1098 718 1401 811 poeuaediffeoeudae

262 850 279 887 a
303 846 415 903 eausa;
441 824 528 916 quod
544 825 673 894 admitti
691 847 757 895 non
775 826 881 909 debet,
899 848 976 894 aum
992 828 1039 916 (ut
1053 826 1157 916 capita
1173 827 1257 895 Cam
1268 825 1403 913 speciali

262 957 278 995 a
303 935 356 1017 et,
372 931 411 999 de
426 932 716 1022 Appellationidns‚
733 932 879 1020 dieitur),
896 932 1124 1024 appellationis
1134 930 1317 1000 remedium
1338 954 1402 999 reon

260 1063 276 1101 a
298 1038 341 1106 sit
356 1038 402 1107 od
411 1038 625 1129 defensionem
649 1040 848 1130 iniquitatis,
861 1038 919 1107 sed
937 1038 983 1107 ad
997 1037 1192 1128 praesidinm
1207 1038 1404 1107 innocentie

261 1172 277 1209 a
301 1146 502 1215 institutam.

306 1278 322 1317 a
341 1252 526 1342 Excipitur,
546 1254 610 1321 nisi
626 1254 659 1320 iu
676 1252 891 1345 appellatione
910 1254 1116 1343 exprimatur
1130 1252 1279 1341 legitima
1292 1274 1402 1336 causa,

262 1386 278 1423 a
302 1381 360 1448 per
374 1382 475 1449 quam
489 1358 648 1429 delictum
664 1361 832 1428 notorium
847 1360 958 1450 aliquo
973 1359 1073 1427 modo
1087 1358 1300 1444 defendatur,
1325 1368 1363 1427 ut
1378 1358 1404 1425 si

261 1492 278 1529 o
301 1466 376 1557 quis
390 1466 533 1557 aliquem
548 1466 664 1535 oecidit
679 1468 713 1533 iu
727 1474 901 1556 mnspactu
915 1465 1042 1557 populi,
1060 1466 1117 1533 sed
1131 1464 1248 1553 alleget
1260 1465 1358 1533 illum
1371 1490 1404 1533 ae

214 1612 216 1617 ,
262 1599 279 1635 «
302 1572 455 1641 occidisse
479 1573 588 1642 adsui
609 1573 845 1641 defensionem.
873 1572 967 1641 Tune
981 1574 1068 1640 euim
1084 1572 1217 1640 admitti
1232 1573 1406 1663 appellatio

264 1706 279 1741 ι(
304 1679 409 1747 debet.
429 1706 444 1744 u
467 1680 786 1770 (Schmalzgrueber,
803 1681 837 1748 in
853 1682 903 1748 tit.
921 1683 977 1765 28,
992 1679 1070 1747 libri
1087 1682 1106 1747 2
1122 1679 1263 1764 Deerat,
1281 1701 1317 1746 n.
1334 1680 1403 1766 21.)

304 1785 449 1867 Ounsno
475 1789 543 1853 10².
560 1824 604 1837 -
624 1788 674 1853 An
689 1785 786 1855 detur
799 1786 979 1878 appellatio
999 1786 1158 1853 incensis
1171 1785 1353 1854 minoribns
1375 1798 1405 1853 et

260 1892 455 1960 leuioribus?
469 1930 514 1944 -
533 1892 754 1983 «Respondeo
775 1920 782 1959 :
798 1892 833 1960 in
849 1894 955 1960 causis
971 1892 1158 1959 minoribus
1168 1902 1200 1959 et
1214 1891 1403 1976 lemuribus,
1495 1915 1496 1918 ¹

265 2026 280 2063 a
305 1999 374 2065 imo
387 1998 547 2086 minimis,
562 2022 627 2066 non
644 2000 755 2067 minus
771 2022 872 2089 quam
889 2001 923 2065 in
938 1998 1132 2089 maioribus,
1147 1998 1244 2066 datur
1259 1998 1406 2087 appella-

263 2132 279 2169 «
305 2106 359 2174 tio.
379 2132 396 2169 t>
418 2106 623 2193 (Laurenius,
639 2108 762 2173 Forum
780 2106 1042 2186 ecclesiasticam,
1058 2106 1093 2171 in
1103 2107 1150 2173 tit.
1165 2108 1222 2190 28,
1233 2105 1290 2172 lib.
1308 2105 1405 2173 aba

259 2222 354 2296 eret,
384 2235 415 2301 q.
438 2212 548 2301 1102.)
575 2211 609 2278 ld
628 2234 745 2303 nempe
760 2234 913 2301 expressa
938 2212 1076 2279 saucivit
1091 2211 1279 2305 Alexander
1294 2212 1341 2279 ΙΙΙ
1355 2212 1406 2279 bis

259 2318 369 2386 verbis
388 2346 395 2385 :
414 2323 461 2386 De
474 2318 762 2408 appellationibus,
775 2341 840 2408 pro
851 2319 957 2385 causis
972 2318 1116 2385 minimis
1125 2318 1336 2407 interpositis,
1352 2340 1405 2386 ao-

259 2427 369 2495 latnas
385 2439 414 2493 te
431 2437 548 2505 lenae,
567 2424 655 2515 qaod
670 2426 714 2491 eis
731 2426 805 2515 [pro
819 2447 1025 2516 quacumque
1040 2425 1103 2492 levi
1116 2447 1217 2492 caieta
1229 2425 1328 2514 siant)
1343 2448 1407 2493 non

261 2534 373 2601 minas
385 2544 442 2611 ert,
457 2554 560 2621 qaam
572 2534 669 2623 sipro
682 2532 867 2621 majoribus
873 2534 1000 2623 fieren,
1011 2531 1222 2622 deserendam
1231 2537 1339 2622 tcaput
1354 2536 1406 2617 il,

260 2641 348 2708 tituli
364 2643 418 2724 28,
436 2638 512 2705 libri
529 2638 714 2726 2Deeret.).
730 2639 838 2724 Unde,
857 2640 949 2707 verbi
959 2639 1076 2727 gratia,
1092 2639 1119 2705 si
1134 2638 1314 2729 Episcopus
1329 2639 1407 2729 (sive

260 2745 445 2836 injudicio,
463 2746 531 2811 sive
547 2745 830 2835 extrajodieium)
849 2746 1016 2835 praecipiat
1039 2744 1138 2812 alicui
1161 2745 1290 2828 elerico,
1315 2756 1350 2813 ut
1374 2747 1407 2812 iu

260 2852 322 2940 aliq
328 2875 369 2919 ua
383 2850 533 2939 religiosa
548 2850 646 2919 domo
653 2851 818 2919 exercitiis
833 2851 1057 2941 spiritualibus
1073 2861 1174 2936 vaeet,
1188 2851 1240 2920 vel
1253 2852 1406 2919 eumdem

262 2957 388 3048 publiea
405 2955 592 3046 redarguat,
606 2958 657 3025 vel
668 2956 834 3046 quodlibet
844 2957 933 3025 aliud
950 2958 1405 3047 (quamvislevelgravameu,

263 3064 361 3132 verbo
379 3071 436 3130 aut
449 3063 545 3147 laeto,
562 3063 669 3130 eidem
688 3063 818 3147 inierat,
836 3071 940 3153 potest
955 3062 984 3128 is
995 3063 1037 3131 ad
1050 3062 1336 3152 Metropolitanum
1348 3087 1408 3153 ap-

261 3170 399 3261 pellare;
417 3168 574 3259 debetque
586 3168 689 3259 judex
704 3168 973 3259 Metropolitanus
980 3168 1145 3259 ejusmodi
1156 3169 1405 3258 appellationem

261 3277 422 3365 recipere3
440 3298 541 3363 quam
555 3275 711 3365 sijustam
723 3276 875 3365 reperiat,
889 3276 1134 3343 convenientem
1145 3275 1228 3343 illati
1241 3276 1406 3365 gravami-

261 3385 312 3448 nis
328 3382 565 3471 reparationem
582 3381 742 3449 sententia
758 3404 817 3450 sua
832 3380 981 3470 injunget
999 3408 1006 3449 ε
1026 3380 1189 3449 sufficiens
1203 3390 1313 3449 autem
1336 3382 1408 3472 ple-

262 3510 403 3577 rumque
414 3488 476 3555 erit
491 3489 651 3577 reparatio
670 3487 723 3575 (ob
737 3489 939 3578 suppositam
951 3510 1057 3556 aausae
1070 3488 1247 3576 levitatem)
1265 3489 1294 3555 si
1305 3488 1407 3578 juder

261 3593 528 3683 Metropolitanus
545 3594 734 3683 pronuntiet
750 3594 949 3683 Episcopum
965 3595 1106 3662 indebita
1120 3596 1236 3683 egisse.
1257 3595 1299 3663 Et
1313 3604 1408 3663 note·

262 3708 328 3784 tur,
344 3698 445 3767 semel
461 3698 628 3788 interjecta
643 3700 729 3767 diota
743 3700 971 3790 appellatione,
988 3700 1181 3789 regulariter
1190 3701 1346 3793 suspendi
1360 3702 1406 3769 ei-

262 3806 383 3873 leatum
398 3803 618 3895 dispositiorus
629 3806 832 3897 episcopalis,
848 3828 943 3897 aqua
957 3807 1019 3874 fuit
1028 3807 1175 3895 legitime
1187 3808 1404 3898 appellatum;

261 3912 307 3980 ita
322 3923 371 3997 ut,
389 3910 481 3979 verbi
497 3910 617 3998 gratia,
637 3934 703 3979 non
716 3922 866 3981 teneatur
880 3913 1016 3981 clericus
1031 3934 1145 3981 vacare
1160 3914 1324 3982 exercitiis
1340 3916 1407 4007 spi·

261 4016 446 4103 ritualibus,
459 4018 555 4108 juxta
573 4017 809 4107 injunctionem
826 4018 994 4109 Episcopi;
1013 4040 1071 4086 nec
1088 4019 1190 4108 possit
1214 4019 1406 4114 Episcopus,

260 4124 475 4214 appellatione
491 4122 664 4214 pendente,
677 4123 777 4214 hrtjus
791 4126 842 4192 sui
858 4125 1117 4217 praeceptisque
1132 4125 1334 4216 appellatum
1349 4140 1405 4214 est,

262 4227 526 4321 adimpletionem
545 4252 674 4321 urgere.

1498 4117 1499 4194 l

1498 4245 1500 4312 l
