3050 4984
601 484 677 533 rsus
697 484 844 533 muron.
1225 460 1288 528 359

144 628 222 675 sum
245 607 386 697 privatio
407 606 496 676 illius
517 606 618 697 parb's
637 606 806 675 fructuum
830 604 994 691 beneficii,
1013 628 1087 697 ques
1111 608 1289 675 necessaris

26 695 28 756 s
144 722 196 781 est
213 714 255 781 ad
278 713 527 783 sustentandum
544 736 622 781 oum
643 712 702 804 qui
724 713 759 780 in
782 710 887 781 officio
907 711 1113 781 substituitur
1139 736 1146 776 :
1175 722 1207 781 et
1228 714 1290 782 boc

144 842 244 889 nemo
265 830 372 909 negat.
390 820 475 890 Cum
497 829 615 911 nempe
636 818 832 889 beneficium
854 817 950 886 detur
973 827 1104 909 propter
1129 820 1289 907 officium,

144 926 355 996 beneficiatus
369 929 411 997 ub
425 927 592 1019 implendo
603 925 709 996 officio
718 947 779 994 suo
795 924 984 1017 impeditus,
1004 933 1131 994 tenetur
1144 926 1289 1017 aliquem

145 1032 209 1102 sibi
220 1035 426 1120 substituere,
444 1042 476 1102 et
495 1033 676 1101 necessaria
688 1032 719 1101 ei
731 1031 868 1101 solvere.
887 1031 972 1113 Quid
993 1040 1102 1100 autem
1117 1032 1226 1101 decent
1248 1056 1292 1101 ex

143 1142 304 1210 fructibus
318 1140 465 1211 beneficii
479 1140 652 1232 praelavari
666 1161 727 1229 pro
741 1139 914 1207 substituto
935 1138 1003 1207 sive
1017 1162 1198 1225 oeconomo,
1214 1162 1291 1231 per-

144 1248 227 1317 tinet
239 1249 281 1317 ad
293 1248 492 1340 Episcopum
508 1249 696 1333 decerncc03
719 1246 809 1315 salvo
825 1254 949 1333 tamen,
968 1247 1003 1315 in
1023 1269 1100 1316 casn
1122 1249 1292 1337 gravemi-

143 1355 211 1439 nis,
225 1357 256 1423 ci
278 1356 336 1447 qui
357 1377 533 1446 suspensus
554 1363 615 1440 est,
631 1353 856 1445 appellationis
872 1354 913 1421 ad
933 1354 1217 1446 Metropolitanum
1239 1356 1291 1425 vel

144 1484 299 1531 recursus
312 1463 354 1530 ad
370 1462 490 1531 Sedem
505 1461 727 1553 Apostolieam
741 1459 898 1529 remedio.

191 1568 248 1638 Vl.
264 1569 301 1637 ln
315 1568 420 1639 Gallia
434 1567 535 1637 edidit
549 1568 714 1637 secularis
726 1576 866 1657 potestas
886 1568 1042 1637 nonnulla
1055 1567 1194 1653 decreto,
1211 1570 1290 1661 qui-

143 1676 209 1745 bus
235 1676 406 1761 statuitur,
435 1697 605 1744 oeoonomo
633 1697 691 1743 seu
718 1675 788 1743 vice
818 1674 958 1765 parocho
987 1674 1193 1745 tribuendam
1221 1698 1290 1745 esse

143 1792 266 1851 certum
293 1782 472 1873 quamdam
496 1791 623 1873 partem
644 1781 821 1873 pensionis,
841 1804 860 1849 a
885 1781 1044 1871 gubernio
1068 1782 1151 1851 solvi
1169 1783 1287 1852 solito.

143 1890 231 1958 Cum
247 1897 357 1959 autom
373 1888 534 1980 ejrumodi
548 1888 719 1979 pensiones
729 1910 861 1973 annum,
874 1910 948 1978 quse
963 1911 982 1955 a
995 1888 1155 1977 gubernio
1168 1888 1291 1959 Gallico

142 1998 182 2064 in
198 1996 276 2065 cleri
291 1996 558 2065 sustentationem
578 1994 762 2081 solvuntur,
779 1996 939 2063 rationem
963 1995 1101 2064 babeant
1118 1996 1290 2066 beneficio-

143 2124 223 2171 rum
241 2112 273 2171 et
293 2104 455 2173 bonorum
477 2103 765 2171 ecclesiasticorum
791 2103 838 2190 (ut
861 2104 1072 2192 probavimus
1094 2104 1129 2171 in
1155 2111 1292 2173 tractatu

143 2210 186 2278 dc
215 2209 409 2301 Capitulis),
433 2231 498 2278 uon
529 2211 634 2301 potuit
664 2208 829 2278 saecularis
859 2219 1014 2299 potestus,
1047 2212 1168 2300 absque
1196 2211 1290 2281 Sedis

142 2316 340 2407 Apostolicss
359 2338 505 2403 assensu,
524 2315 565 2384 de
583 2316 748 2406 praedictis
772 2315 917 2405 legitime
938 2314 1120 2385 decernere.
1142 2318 1290 2388 Caetero-

142 2423 275 2513 quinio
290 2445 324 2491 se
346 2431 497 2514 spectatu
521 2422 712 2514 hujusmodi
732 2423 951 2491 ordinationes
963 2432 1012 2491 sat
1032 2446 1136 2516 aequm
1158 2448 1218 2515 pro
1231 2448 1290 2495 os-

143 2552 245 2599 suum
259 2528 468 2618 generalitate
482 2528 586 2599 videri
600 2537 747 2621 possunt.

606 2902 750 2972 CAPUT
779 2904 821 2973 V.

142 3123 215 3177 omn
244 3122 429 3168 camonlcus
457 3123 583 3177 omsoun
610 3122 727 3168 DEBEAT
755 3124 815 3169 AUT
845 3125 941 3170 tuclus
970 3124 1070 3171 Possm
1098 3126 1222 3174 sennen
1252 3131 1289 3175 ΕΤ

186 3230 361 3288 summo,
389 3230 429 3274 DE
455 3230 643 3276 tmonucn
671 3231 731 3275 HAG
760 3231 780 3275 A
810 3230 998 3277 Tltlllllll'l'lllls
1023 3233 1167 3279 PATRIBUS
1194 3236 1290 3282 nlsct-

187 3336 288 3399 etms,
317 3336 531 3382 nutscortnmlt
558 3336 690 3382 SGlLle'l'
718 3339 759 3383 EX
787 3336 964 3384 turonum
993 3340 1188 3387 CONSCIENTIA
1217 3344 1289 3389 SEN-

186 3444 372 3491 termam.

186 3700 309 3770 Cautus
325 3720 396 3767 esse
422 3698 517 3769 debet
538 3700 693 3791 scriptor,
716 3699 797 3769 dum
820 3724 938 3771 novum
965 3702 1055 3772 illum
1081 3704 1288 3797 disciplinam

141 3830 183 3877 ex
197 3807 325 3907 decreto
344 3805 536 3877 Tridentino
550 3806 733 3892 inductam,
754 3830 832 3875 cum
857 3809 1025 3896 anteriori,
1047 3834 1120 3901 quae
1140 3836 1197 3905 per
1224 3826 1290 3883 tota

140 3913 388 4007 quatuordecim
414 3914 534 3981 saeculs
559 3914 761 4001 obtinuerat,
788 3916 975 4001 conferens,
1006 3918 1173 4009 utriusque
1199 3922 1289 3989 utili-

140 4028 221 4089 tates
246 4042 373 4088 necnon
396 4020 610 4089 incommoda
637 4021 738 4089 veluti
766 4021 855 4090 lance
882 4024 1070 4112 perpendit,
1097 4026 1195 4095 unius
1219 4053 1288 4120 prae

140 4126 241 4195 altera
261 4126 486 4195 excellentiam
508 4126 757 4196 inclamaturus.
776 4128 812 4197 Si
833 4130 922 4196 enim
943 4129 1045 4198 nimis
1068 4153 1147 4219 erga
1166 4134 1287 4205 ulteru-

142 4244 228 4305 trsm
244 4232 460 4305 admiratione
476 4243 731 4329 praeoccupetur,
748 4234 930 4327 periculum
944 4247 991 4310 est
1008 4259 1049 4309 ne
1060 4236 1186 4311 debitos
1196 4266 1291 4315 eroo-

1518 3992 1521 4032 1

1508 4136 1519 4238 t

1508 4272 1518 4425 l
