3050 4984
262 415 324 479 208
635 432 811 477 narrares
833 432 871 476 nn
894 431 1027 477 tuncrus.

260 554 344 623 Hinc
359 553 457 621 semel
474 552 647 645 propositis
663 560 693 619 et
706 576 725 619 a
738 550 849 643 judice
864 551 1035 642 acceptatis
1058 550 1218 633 articulis,
1244 569 1342 639 super
1367 548 1412 615 iis

260 670 370 755 postea
395 662 559 729 debebunt
573 660 614 729 ab
629 661 822 729 articulaute
835 660 986 753 produci,
1002 670 1068 727 eta
1089 659 1201 750 judice
1223 658 1412 726 examinari

260 777 356 837 testes
370 776 401 835 et
414 768 643 835 instrumenta.

307 878 337 941 3.
356 873 535 942 Positienes
550 895 625 965 quae
649 873 690 942 ab
716 872 854 941 adversa
868 880 959 963 parte
973 879 1146 961 negantur,
1165 870 1226 939 hoc
1239 871 1311 962 ipso
1326 892 1413 937 eva-

261 980 345 1049 dunt
356 980 501 1066 articuli3
520 980 599 1071 quia
614 980 673 1049 hcc
687 980 758 1071 ipso
774 979 861 1071 quod
878 988 1050 1069 negentur,
1067 986 1213 1046 remanet
1223 1000 1336 1045 earum
1348 999 1412 1046 ve-

260 1087 340 1155 ritas
356 1086 524 1177 probanda
537 1109 596 1177 per
607 1095 702 1154 testes
716 1094 774 1155 aut
789 1087 1014 1154 instrumenta.

1517 1131 1519 1194 l

307 1198 338 1261 t.
366 1193 521 1261 Formula
546 1194 709 1261 scribendi
733 1193 909 1285 positiones
931 1201 979 1260 cst
1002 1193 1228 1284 hujuscemodi
1264 1218 1271 1259 :
1303 1191 1414 1259 Titius
1517 1197 1519 1275 l

261 1314 353 1371 octor
373 1300 434 1391 (vel
457 1299 543 1391 reus)
560 1301 656 1391 ponit
681 1304 692 1366 l
716 1352 768 1387 ...,
786 1304 806 1367 2
822 1352 876 1384 ...,
895 1309 972 1384 etc,
988 1313 1021 1371 ct
1040 1301 1187 1391 postulat
1205 1300 1417 1389 interroparr'
1517 1295 1519 1378 ᾖ

258 1421 392 1499 portem
406 1406 590 1488 aduersam,
619 1429 663 1473 au
679 1408 876 1497 confiteatur
905 1430 1013 1487 necne
1044 1429 1122 1474 vera
1146 1428 1210 1473 esse
1233 1404 1413 1496 premissa
1517 1443 1519 1466 t

262 1526 396 1582 assata.
413 1510 688 1604 Respondendunr
705 1522 815 1581 autem
830 1522 878 1581 est
891 1511 1251 1603 singulispositionibns
1262 1534 1412 1603 perver-
1517 1521 1518 1592 ἕ

263 1622 341 1690 burn
358 1619 452 1689 credo
467 1619 518 1686 vel
533 1642 600 1687 non
616 1619 721 1687 credo

310 1734 340 1795 5.
363 1724 518 1794 Formula
533 1724 698 1793 scribendi
721 1727 875 1795 articulos
898 1736 946 1794 cst
966 1726 1219 1817 hujuscemodi:
1242 1726 1345 1793 Titius
1517 1729 1518 1762 l

259 1834 402 1927 probare
415 1830 552 1900 intendit
569 1836 583 1899 t
605 1884 659 1919 ...,
676 1836 695 1899 2
708 1883 761 1919 ...,
774 1842 835 1903 etc.
849 1836 896 1903 Et
906 1833 1067 1925 prodocet
1080 1833 1193 1925 quood
1208 1837 1239 1917 t,
1257 1844 1349 1901 testes
1359 1836 1407 1903 N.
1517 1861 1518 1868 ¹

263 1954 294 2009 ct
304 1943 338 2011 N
339 1965 364 2023 .,·
371 1938 512 2031 quoodt
527 1952 558 2005 et
573 1943 604 2023 5,
620 1952 713 2008 testes
721 1942 764 2009 N.
780 1953 811 2007 ct
822 1943 857 2010 N
857 1992 879 2021 .,
890 1962 1013 2009 necnon
1026 1940 1091 2007 trio
1099 1940 1331 2021 instrumento,
1340 1949 1406 2009 etc.
1517 1935 1518 1960 ³

312 2072 330 2113 a
344 2048 391 2114 De
404 2046 478 2138 jure
492 2048 671 2133 communi,
688 2047 732 2114 ait
751 2046 969 2137 Pellegrinus,
987 2047 1144 2115 articulus
1158 2045 1266 2115 differt
1280 2068 1300 2114 a
1314 2048 1413 2136 posi-
1517 2029 1518 2054 ³

266 2179 284 2219 a
307 2154 414 2240 tione;
441 2153 518 2245 quia
533 2153 648 2245 positio
672 2154 802 2244 respicit
818 2155 921 2222 solnm
939 2154 1176 2223 confessionem
1190 2153 1304 2244 partis,
1322 2161 1353 2221 et
1370 2154 1411 2222 fit
1517 2141 1518 2218 ζ

268 2261 524 2354 «perverbum
549 2262 655 2352 ponit,
685 2260 725 2329 nd
756 2262 818 2331 hoc
840 2272 876 2328 ut
901 2284 1026 2353 ponens
1051 2262 1213 2330 relevetur
1236 2262 1278 2328 ab
1306 2283 1409 2330 onerc
1517 2341 1518 2344 Ἴ

268 2394 285 2435 a
308 2368 479 2461 probandi,
508 2369 535 2435 si
561 2390 637 2460 pars
658 2366 862 2437 confiteatur.
884 2368 975 2459 (Cap.
997 2368 1197 2451 Statuimas,
1214 2368 1254 2436 de
1270 2370 1408 2457 Confes-
1517 2373 1518 2380 ’

268 2502 285 2542 a
307 2476 405 2555 sione,
423 2476 459 2541 in
476 2475 520 2564 6.)
538 2474 707 2542 Articulus
720 2496 799 2542 vero
816 2473 853 2542 fit
866 2496 924 2565 per
939 2475 1076 2543 verbnm
1092 2474 1237 2542 Probare
1250 2473 1404 2556 intendit,
1517 2547 1518 2572 ,

269 2611 286 2650 a
309 2594 340 2651 ct
358 2581 488 2673 respicit
513 2580 719 2671 probationes
734 2580 898 2650 iaciendas
912 2603 969 2673 per
986 2589 1080 2649 testes
1095 2583 1147 2651 vel
1162 2583 1352 2672 scripturas,
1372 2584 1407 2649 in

268 2716 286 2757 a
308 2710 462 2779 casuque
476 2686 652 2778 positiones
666 2694 839 2775 negentur.
858 2714 875 2751 a
898 2688 1051 2776 (Portet,
1067 2698 1143 2755 sect.
1162 2692 1195 2774 2,
1211 2689 1350 2756 subscct.
1370 2692 1405 2775 t,
1517 2717 1518 2728 =

265 2818 300 2863 n.
318 2798 385 2885 12.)

200 2958 201 2961 ,
313 2907 342 2969 6.
370 2902 471 2991 longi
486 2901 637 2969 inunum
661 2908 797 2991 possunt
820 2900 948 2968 articuli
963 2910 996 2968 et
1021 2902 1211 2991 positiones,
1227 2902 1316 2991 quod
1332 2899 1406 2970 fieri

264 3010 345 3078 solet
361 3008 419 3076 hac
435 3008 597 3075 formula:
617 3007 720 3075 Titios
786 3007 898 3098 ponit,
916 3021 957 3089 ct,
983 3020 1145 3100 quatenus
1160 3021 1304 3099 nepetae,
1319 3030 1407 3098 pro-

266 3118 342 3185 bare
356 3113 524 3185 inconditi
548 3164 599 3200 ...,
616 3117 636 3179 2
654 3165 707 3198 ...,
725 3126 786 3183 etc.
805 3141 822 3178 a
838 3114 1029 3183 Communis
1043 3114 1183 3207 practica
1197 3123 1258 3199 eat,
1273 3114 1319 3181 ait
1330 3113 1406 3181 Pel-

269 3223 455 3313 ‹tlcgrinus
482 3221 561 3312 [loco
586 3220 656 3305 cit,
681 3242 714 3288 n.
736 3222 802 3310 ¹3),
827 3222 914 3312 quod
931 3220 1078 3290 advocati
1102 3245 1159 3289 scu
1180 3227 1407 3312 procuratores

270 3358 287 3397 «
310 3330 431 3398 iaciunt
445 3327 597 3395 articulos
612 3349 669 3418 per
688 3328 798 3413 verba,
816 3328 895 3395 item
913 3328 1011 3419 ponit
1031 3340 1061 3395 ct
1086 3327 1228 3419 probare
1249 3325 1403 3395 intendit.

270 3464 287 3505 a
310 3437 390 3518 Quae
418 3433 517 3501 verba
532 3432 666 3518 iaciunt,
692 3442 728 3500 ut
748 3434 776 3501 si
801 3456 877 3525 pars
897 3432 1088 3502 confiteatur
1108 3433 1141 3500 id
1161 3434 1247 3524 quod
1262 3442 1311 3500 est
1325 3434 1406 3501 arti-

269 3572 286 3613 e
309 3544 466 3627 colatum,
493 3540 572 3607 tales
586 3540 716 3609 articuli
741 3540 914 3608 succedant
940 3541 1011 3609 loco
1027 3540 1225 3631 positionum
1255 3566 1262 3606 :
1283 3542 1408 3608 sivero

270 3682 286 3719 a
309 3650 489 3741 negaverit,
503 3656 580 3715 tunc
594 3646 772 3716 succedunt
786 3648 857 3716 loco
870 3647 1096 3733 articulorum,
1110 3654 1142 3714 et
1153 3669 1251 3738 super
1265 3647 1311 3714 eis
1326 3669 1389 3715 exe
1403 3690 1408 3696 -

265 3763 433 3831 minantur
449 3762 554 3823 testes.
574 3780 590 3817 n
607 3753 744 3835 erandc
755 3754 913 3846 praedicto
925 3753 1021 3822 modo
1036 3754 1136 3821 simul
1147 3752 1335 3844 junguntur
1347 3776 1407 3844 po-

266 3869 398 3939 sitiones
411 3872 442 3931 et
456 3861 596 3947 articuli,
609 3883 674 3929 non
685 3884 760 3930 raro
775 3862 843 3929 solo
856 3861 986 3929 nomine
1001 3861 1408 3942 terriculamentum

266 3978 334 4044 solo
344 3970 476 4041 nominc
486 3968 688 4059 positionum
701 3976 944 4061 nuncupantur,
961 3968 1143 4059 presertim
1157 3966 1244 4058 apud
1258 3976 1408 4035 auctores
1517 3963 1518 3966 ’

266 4083 324 4174 qui
339 4080 447 4148 minus
462 4083 611 4145 accurato
626 4075 781 4165 loquendi
796 4076 892 4145 modo
904 4076 951 4144 uti
966 4075 1080 4144 solent.

313 4194 344 4258 7.
364 4188 401 4255 In
417 4181 578 4253 criminali
594 4204 758 4274 processu,
774 4184 914 4278 articuli,
930 4182 1143 4273 positionibus
1158 4183 1292 4274 praefato
1310 4184 1408 4256 modu
