<?xml version="1.0" encoding="UTF-8"?>
<!DOCTYPE html PUBLIC "-//W3C//DTD XHTML 1.0 Transitional//EN"
    "http://www.w3.org/TR/xhtml1/DTD/xhtml1-transitional.dtd">
<html xmlns="http://www.w3.org/1999/xhtml" xml:lang="en" lang="en">
 <head>
  <title>
</title>
<meta http-equiv="Content-Type" content="text/html;charset=utf-8" />
  <meta name='ocr-system' content='tesseract 3.04.00' />
  <meta name='ocr-capabilities' content='ocr_page ocr_carea ocr_par ocr_line ocrx_word'/>
</head>
<body>
  <div class='ocr_page' id='page_1' title='image "./tractatusdejudi00goog_0145.png"; bbox 0 0 3050 4984; ppageno 0'>
   <div class='ocr_carea' id='block_1_1' title="bbox 583 448 1273 531">
    <p class='ocr_par' dir='ltr' id='par_1_1' title="bbox 583 448 1273 531">
     <span class='ocr_line' id='line_1_1' title="bbox 583 448 1273 531; baseline -0.003 -2"><span class='ocrx_word' id='word_1_1' title='bbox 583 448 659 529; x_wconf 72' lang='lat' dir='ltr'>raas</span> <span class='ocrx_word' id='word_1_2' title='bbox 681 482 828 531; x_wconf 73' lang='lat' dir='ltr'>secusne.</span> <span class='ocrx_word' id='word_1_3' title='bbox 1212 456 1273 528; x_wconf 82' lang='grc'>137</span> 
     </span>
    </p>
   </div>
   <div class='ocr_carea' id='block_1_2' title="bbox 128 588 1272 806">
    <p class='ocr_par' dir='ltr' id='par_1_2' title="bbox 128 588 1272 806">
     <span class='ocr_line' id='line_1_2' title="bbox 128 588 1270 694; baseline 0.005 -25"><span class='ocrx_word' id='word_1_4' title='bbox 128 588 197 692; x_wconf 73' lang='lat' dir='ltr'>jam</span> <span class='ocrx_word' id='word_1_5' title='bbox 212 624 366 694; x_wconf 75' lang='lat' dir='ltr'><strong>expresse</strong></span> <span class='ocrx_word' id='word_1_6' title='bbox 381 616 533 674; x_wconf 79' lang='lat' dir='ltr'><strong>sanxerat</strong></span> <span class='ocrx_word' id='word_1_7' title='bbox 554 606 764 678; x_wconf 75' lang='lat' dir='ltr'>Innocentius</span> <span class='ocrx_word' id='word_1_8' title='bbox 780 608 824 677; x_wconf 89' lang='lat'>111</span> <span class='ocrx_word' id='word_1_9' title='bbox 842 635 849 675; x_wconf 92' lang='lat'><strong>:</strong></span> <span class='ocrx_word' id='word_1_10' title='bbox 877 634 893 674; x_wconf 79' lang='lat' dir='ltr'>a</span> <span class='ocrx_word' id='word_1_11' title='bbox 917 608 1008 677; x_wconf 89' lang='lat' dir='ltr'>Siout</span> <span class='ocrx_word' id='word_1_12' title='bbox 1022 606 1270 691; x_wconf 89' lang='lat' dir='ltr'>accusationem,</span> 
     </span>
     <span class='ocr_line' id='line_1_3' title="bbox 133 709 1272 806; baseline 0.005 -31"><span class='ocrx_word' id='word_1_13' title='bbox 133 734 150 773; x_wconf 76' lang='lat' dir='ltr'>a</span> <span class='ocrx_word' id='word_1_14' title='bbox 174 709 295 801; x_wconf 85' lang='lat' dir='ltr'>inquit,</span> <span class='ocrx_word' id='word_1_15' title='bbox 311 710 456 802; x_wconf 75' lang='lat' dir='ltr'>legitime</span> <span class='ocrx_word' id='word_1_16' title='bbox 480 712 574 782; x_wconf 87' lang='lat' dir='ltr'>debat</span> <span class='ocrx_word' id='word_1_17' title='bbox 596 716 780 806; x_wconf 75' lang='lat' dir='ltr'>praeoedere</span> <span class='ocrx_word' id='word_1_18' title='bbox 795 714 976 806; x_wconf 78' lang='lat' dir='ltr'>inscriptio,</span> <span class='ocrx_word' id='word_1_19' title='bbox 992 714 1081 783; x_wconf 90' lang='lat' dir='ltr'>sicet</span> <span class='ocrx_word' id='word_1_20' title='bbox 1095 713 1272 782; x_wconf 88' lang='lat' dir='ltr'>denuntia-</span> 
     </span>
    </p>
   </div>
   <div class='ocr_carea' id='block_1_3' title="bbox 14 813 1272 912">
    <p class='ocr_par' dir='ltr' id='par_1_3' title="bbox 14 813 1272 912">
     <span class='ocr_line' id='line_1_4' title="bbox 14 813 1272 912; baseline 0.008 -33"><span class='ocrx_word' id='word_1_21' title='bbox 14 813 15 818; x_wconf 74' lang='grc'>’</span> <span class='ocrx_word' id='word_1_22' title='bbox 133 844 151 880; x_wconf 77' lang='lat' dir='ltr'>a</span> <span class='ocrx_word' id='word_1_23' title='bbox 175 815 296 886; x_wconf 89' lang='lat' dir='ltr'>tionem</span> <span class='ocrx_word' id='word_1_24' title='bbox 312 817 505 888; x_wconf 85' lang='lat' dir='ltr'>charitativa</span> <span class='ocrx_word' id='word_1_25' title='bbox 529 821 675 906; x_wconf 92' lang='lat' dir='ltr'>monitio,</span> <span class='ocrx_word' id='word_1_26' title='bbox 699 829 731 889; x_wconf 91' lang='lat' dir='ltr'>et</span> <span class='ocrx_word' id='word_1_27' title='bbox 757 820 999 912; x_wconf 76' lang='lat' dir='ltr'>inquisitionem</span> <span class='ocrx_word' id='word_1_28' title='bbox 1023 820 1166 888; x_wconf 78' lang='lat' dir='ltr'>clamosa</span> <span class='ocrx_word' id='word_1_29' title='bbox 1195 822 1272 889; x_wconf 71' lang='lat' dir='ltr'>irci-</span> 
     </span>
    </p>
   </div>
   <div class='ocr_carea' id='block_1_4' title="bbox 129 925 1273 1234">
    <p class='ocr_par' dir='ltr' id='par_1_4' title="bbox 129 925 1273 1234">
     <span class='ocr_line' id='line_1_5' title="bbox 133 925 1271 1020; baseline 0.005 -31"><span class='ocrx_word' id='word_1_30' title='bbox 133 953 150 989; x_wconf 77' lang='lat' dir='ltr'>a</span> <span class='ocrx_word' id='word_1_31' title='bbox 169 925 287 993; x_wconf 81' lang='lat' dir='ltr'>nuntio</span> <span class='ocrx_word' id='word_1_32' title='bbox 300 928 494 1017; x_wconf 78' lang='lat' dir='ltr'>praevenire.</span> <span class='ocrx_word' id='word_1_33' title='bbox 510 954 527 991; x_wconf 75' lang='lat' dir='ltr'>a</span> <span class='ocrx_word' id='word_1_34' title='bbox 545 926 595 1017; x_wconf 90' lang='lat' dir='ltr'>(C.</span> <span class='ocrx_word' id='word_1_35' title='bbox 616 928 767 1012; x_wconf 82' lang='lat' dir='ltr'>Qualiter</span> <span class='ocrx_word' id='word_1_36' title='bbox 780 941 811 997; x_wconf 90' lang='lat' dir='ltr'>et</span> <span class='ocrx_word' id='word_1_37' title='bbox 826 927 957 1020; x_wconf 81' lang='lat' dir='ltr'>quanda</span> <span class='ocrx_word' id='word_1_38' title='bbox 974 931 1029 1014; x_wconf 75' lang='lat'>24,</span> <span class='ocrx_word' id='word_1_39' title='bbox 1047 928 1095 996; x_wconf 87' lang='lat' dir='ltr'>tit.</span> <span class='ocrx_word' id='word_1_40' title='bbox 1117 932 1147 1013; x_wconf 86' lang='lat' dir='ltr'>t,</span> <span class='ocrx_word' id='word_1_41' title='bbox 1166 928 1271 995; x_wconf 75' lang='lat' dir='ltr'>litato</span> 
     </span>
     <span class='ocr_line' id='line_1_6' title="bbox 129 1032 1273 1126; baseline 0.001 -26"><span class='ocrx_word' id='word_1_42' title='bbox 129 1032 271 1120; x_wconf 85' lang='lat' dir='ltr'>Decret.)</span> <span class='ocrx_word' id='word_1_43' title='bbox 303 1034 347 1101; x_wconf 84' lang='lat' dir='ltr'>Et</span> <span class='ocrx_word' id='word_1_44' title='bbox 371 1034 488 1103; x_wconf 85' lang='lat' dir='ltr'>iterum</span> <span class='ocrx_word' id='word_1_45' title='bbox 516 1062 523 1100; x_wconf 77' lang='grc' dir='ltr'><strong>ε</strong></span> <span class='ocrx_word' id='word_1_46' title='bbox 555 1060 572 1099; x_wconf 81' lang='lat' dir='ltr'>a</span> <span class='ocrx_word' id='word_1_47' title='bbox 596 1035 632 1104; x_wconf 85' lang='lat' dir='ltr'>si</span> <span class='ocrx_word' id='word_1_48' title='bbox 657 1058 715 1126; x_wconf 90' lang='lat' dir='ltr'>per</span> <span class='ocrx_word' id='word_1_49' title='bbox 735 1035 909 1104; x_wconf 89' lang='lat' dir='ltr'>clamorem</span> <span class='ocrx_word' id='word_1_50' title='bbox 933 1044 966 1104; x_wconf 91' lang='lat' dir='ltr'>et</span> <span class='ocrx_word' id='word_1_51' title='bbox 986 1036 1106 1103; x_wconf 86' lang='lat' dir='ltr'>famam</span> <span class='ocrx_word' id='word_1_52' title='bbox 1120 1056 1273 1103; x_wconf 86' lang='lat' dir='ltr'>excessus</span> 
     </span>
     <span class='ocr_line' id='line_1_7' title="bbox 132 1140 1271 1234; baseline 0.004 -31"><span class='ocrx_word' id='word_1_53' title='bbox 132 1165 149 1203; x_wconf 79' lang='lat' dir='ltr'>a</span> <span class='ocrx_word' id='word_1_54' title='bbox 171 1140 244 1230; x_wconf 84' lang='lat' dir='ltr'>ejus</span> <span class='ocrx_word' id='word_1_55' title='bbox 259 1140 300 1208; x_wconf 87' lang='lat' dir='ltr'>ad</span> <span class='ocrx_word' id='word_1_56' title='bbox 315 1162 412 1209; x_wconf 87' lang='lat' dir='ltr'>aures</span> <span class='ocrx_word' id='word_1_57' title='bbox 424 1142 602 1232; x_wconf 89' lang='lat' dir='ltr'>superioris</span> <span class='ocrx_word' id='word_1_58' title='bbox 616 1142 764 1233; x_wconf 83' lang='lat' dir='ltr'>pervenit</span> <span class='ocrx_word' id='word_1_59' title='bbox 782 1142 858 1233; x_wconf 89' lang='lat' dir='ltr'>(nisi</span> <span class='ocrx_word' id='word_1_60' title='bbox 880 1142 1012 1234; x_wconf 90' lang='lat' dir='ltr'>quidem</span> <span class='ocrx_word' id='word_1_61' title='bbox 1029 1141 1150 1233; x_wconf 88' lang='lat' dir='ltr'>quoda</span> <span class='ocrx_word' id='word_1_62' title='bbox 1168 1142 1271 1209; x_wconf 88' lang='lat' dir='ltr'>male-</span> 
     </span>
    </p>
   </div>
   <div class='ocr_carea' id='block_1_5' title="bbox 130 1247 1273 1770">
    <p class='ocr_par' dir='ltr' id='par_1_5' title="bbox 130 1247 1273 1770">
     <span class='ocr_line' id='line_1_8' title="bbox 132 1247 1272 1342; baseline 0.004 -30"><span class='ocrx_word' id='word_1_63' title='bbox 132 1274 150 1312; x_wconf 74' lang='lat' dir='ltr'>a</span> <span class='ocrx_word' id='word_1_64' title='bbox 175 1247 258 1316; x_wconf 85' lang='lat' dir='ltr'>volis</span> <span class='ocrx_word' id='word_1_65' title='bbox 279 1257 311 1315; x_wconf 89' lang='lat' dir='ltr'>et</span> <span class='ocrx_word' id='word_1_66' title='bbox 327 1247 508 1335; x_wconf 76' lang='lat' dir='ltr'>maledicis,</span> <span class='ocrx_word' id='word_1_67' title='bbox 535 1249 590 1317; x_wconf 88' lang='lat' dir='ltr'>sed</span> <span class='ocrx_word' id='word_1_68' title='bbox 619 1272 639 1317; x_wconf 89' lang='lat' dir='ltr'>a</span> <span class='ocrx_word' id='word_1_69' title='bbox 659 1248 805 1342; x_wconf 87' lang='lat' dir='ltr'>providis</span> <span class='ocrx_word' id='word_1_70' title='bbox 830 1258 861 1317; x_wconf 90' lang='lat' dir='ltr'>et</span> <span class='ocrx_word' id='word_1_71' title='bbox 886 1248 1059 1339; x_wconf 87' lang='lat' dir='ltr'>honestis);</span> <span class='ocrx_word' id='word_1_72' title='bbox 1090 1270 1148 1317; x_wconf 90' lang='lat' dir='ltr'>nec</span> <span class='ocrx_word' id='word_1_73' title='bbox 1173 1249 1272 1316; x_wconf 88' lang='lat' dir='ltr'>semel</span> 
     </span>
     <span class='ocr_line' id='line_1_9' title="bbox 131 1354 1273 1448; baseline 0.004 -29"><span class='ocrx_word' id='word_1_74' title='bbox 131 1380 148 1417; x_wconf 89' lang='lat'>«</span> <span class='ocrx_word' id='word_1_75' title='bbox 172 1363 313 1439; x_wconf 87' lang='lat' dir='ltr'>tantum,</span> <span class='ocrx_word' id='word_1_76' title='bbox 330 1354 500 1448; x_wconf 77' lang='lat' dir='ltr'>sedsaepe,</span> <span class='ocrx_word' id='word_1_77' title='bbox 518 1354 605 1447; x_wconf 92' lang='lat' dir='ltr'>quod</span> <span class='ocrx_word' id='word_1_78' title='bbox 617 1356 862 1425; x_wconf 84' lang='lat' dir='ltr'>clamorinnuit</span> <span class='ocrx_word' id='word_1_79' title='bbox 877 1366 909 1424; x_wconf 92' lang='lat' dir='ltr'>et</span> <span class='ocrx_word' id='word_1_80' title='bbox 922 1356 1099 1425; x_wconf 86' lang='lat' dir='ltr'>diffamatio</span> <span class='ocrx_word' id='word_1_81' title='bbox 1116 1356 1273 1423; x_wconf 88' lang='lat' dir='ltr'>manifes-</span> 
     </span>
     <span class='ocr_line' id='line_1_10' title="bbox 132 1462 1273 1553; baseline 0.003 -26"><span class='ocrx_word' id='word_1_82' title='bbox 132 1488 149 1526; x_wconf 72' lang='grc' dir='ltr'><strong>α</strong></span> <span class='ocrx_word' id='word_1_83' title='bbox 173 1470 235 1547; x_wconf 85' lang='lat' dir='ltr'>tat3</span> <span class='ocrx_word' id='word_1_84' title='bbox 264 1462 360 1531; x_wconf 84' lang='lat' dir='ltr'>debet</span> <span class='ocrx_word' id='word_1_85' title='bbox 380 1486 490 1531; x_wconf 88' lang='lat' dir='ltr'>coram</span> <span class='ocrx_word' id='word_1_86' title='bbox 510 1463 663 1532; x_wconf 76' lang='lat' dir='ltr'>Ecclesia</span> <span class='ocrx_word' id='word_1_87' title='bbox 687 1464 870 1533; x_wconf 88' lang='lat' dir='ltr'>senioribus</span> <span class='ocrx_word' id='word_1_88' title='bbox 894 1464 1062 1532; x_wconf 86' lang='lat' dir='ltr'>veritatem</span> <span class='ocrx_word' id='word_1_89' title='bbox 1085 1462 1273 1553; x_wconf 84' lang='lat' dir='ltr'>diligentins</span> 
     </span>
     <span class='ocr_line' id='line_1_11' title="bbox 131 1569 1271 1662; baseline 0.004 -28"><span class='ocrx_word' id='word_1_90' title='bbox 131 1597 148 1634; x_wconf 76' lang='grc' dir='ltr'><strong>α</strong></span> <span class='ocrx_word' id='word_1_91' title='bbox 172 1570 385 1660; x_wconf 82' lang='lat' dir='ltr'>perscrutari3</span> <span class='ocrx_word' id='word_1_92' title='bbox 414 1578 463 1657; x_wconf 89' lang='lat' dir='ltr'>ut,</span> <span class='ocrx_word' id='word_1_93' title='bbox 487 1570 577 1640; x_wconf 86' lang='lat' dir='ltr'>sirei</span> <span class='ocrx_word' id='word_1_94' title='bbox 593 1570 775 1662; x_wconf 74' lang='lat' dir='ltr'>poposcerit</span> <span class='ocrx_word' id='word_1_95' title='bbox 791 1570 942 1662; x_wconf 77' lang='lat' dir='ltr'>qualitas,</span> <span class='ocrx_word' id='word_1_96' title='bbox 963 1570 1120 1640; x_wconf 89' lang='lat' dir='ltr'>canonica</span> <span class='ocrx_word' id='word_1_97' title='bbox 1140 1569 1271 1638; x_wconf 90' lang='lat' dir='ltr'>distric-</span> 
     </span>
     <span class='ocr_line' id='line_1_12' title="bbox 130 1675 1271 1770; baseline 0.005 -30"><span class='ocrx_word' id='word_1_98' title='bbox 130 1704 149 1740; x_wconf 64' lang='grc' dir='ltr'>α</span> <span class='ocrx_word' id='word_1_99' title='bbox 171 1676 217 1745; x_wconf 90' lang='lat' dir='ltr'>tio</span> <span class='ocrx_word' id='word_1_100' title='bbox 230 1676 360 1767; x_wconf 90' lang='lat' dir='ltr'>culpam</span> <span class='ocrx_word' id='word_1_101' title='bbox 375 1676 470 1745; x_wconf 82' lang='lat' dir='ltr'>leniat</span> <span class='ocrx_word' id='word_1_102' title='bbox 483 1675 702 1770; x_wconf 84' lang='lat' dir='ltr'>delinquentis</span> <span class='ocrx_word' id='word_1_103' title='bbox 724 1706 732 1745; x_wconf 77' lang='lat' dir='ltr'><em>z</em></span> <span class='ocrx_word' id='word_1_104' title='bbox 758 1698 824 1745; x_wconf 92' lang='lat' dir='ltr'>non</span> <span class='ocrx_word' id='word_1_105' title='bbox 848 1684 1003 1768; x_wconf 90' lang='lat' dir='ltr'>tanquam</span> <span class='ocrx_word' id='word_1_106' title='bbox 1024 1678 1066 1745; x_wconf 88' lang='lat' dir='ltr'>eit</span> <span class='ocrx_word' id='word_1_107' title='bbox 1080 1677 1166 1745; x_wconf 90' lang='lat' dir='ltr'>idem</span> <span class='ocrx_word' id='word_1_108' title='bbox 1182 1686 1271 1747; x_wconf 87' lang='lat' dir='ltr'>actor</span> 
     </span>
    </p>
   </div>
   <div class='ocr_carea' id='block_1_6' title="bbox 122 1783 1277 2410">
    <p class='ocr_par' dir='ltr' id='par_1_6' title="bbox 122 1783 1277 2410">
     <span class='ocr_line' id='line_1_13' title="bbox 131 1783 1270 1876; baseline 0.004 -27"><span class='ocrx_word' id='word_1_109' title='bbox 131 1811 148 1848; x_wconf 79' lang='lat' dir='ltr'>a</span> <span class='ocrx_word' id='word_1_110' title='bbox 172 1793 204 1851; x_wconf 91' lang='lat' dir='ltr'>et</span> <span class='ocrx_word' id='word_1_111' title='bbox 227 1784 345 1875; x_wconf 83' lang='lat' dir='ltr'>judex,</span> <span class='ocrx_word' id='word_1_112' title='bbox 361 1785 418 1853; x_wconf 89' lang='lat' dir='ltr'>sed</span> <span class='ocrx_word' id='word_1_113' title='bbox 445 1785 538 1876; x_wconf 89' lang='lat' dir='ltr'>qnasi</span> <span class='ocrx_word' id='word_1_114' title='bbox 563 1783 728 1854; x_wconf 86' lang='lat' dir='ltr'>deferente</span> <span class='ocrx_word' id='word_1_115' title='bbox 754 1784 841 1854; x_wconf 82' lang='lat' dir='ltr'>fama</span> <span class='ocrx_word' id='word_1_116' title='bbox 864 1795 896 1852; x_wconf 90' lang='lat' dir='ltr'>et</span> <span class='ocrx_word' id='word_1_117' title='bbox 924 1785 1065 1853; x_wconf 89' lang='lat' dir='ltr'>clamore</span> <span class='ocrx_word' id='word_1_118' title='bbox 1089 1786 1270 1871; x_wconf 86' lang='lat' dir='ltr'>nuntiante,</span> 
     </span>
     <span class='ocr_line' id='line_1_14' title="bbox 131 1891 1268 1984; baseline 0.004 -28"><span class='ocrx_word' id='word_1_119' title='bbox 131 1920 149 1956; x_wconf 76' lang='lat' dir='ltr'>a</span> <span class='ocrx_word' id='word_1_120' title='bbox 172 1891 272 1961; x_wconf 89' lang='lat' dir='ltr'>officii</span> <span class='ocrx_word' id='word_1_121' title='bbox 297 1892 348 1960; x_wconf 90' lang='lat' dir='ltr'>sai</span> <span class='ocrx_word' id='word_1_122' title='bbox 370 1891 516 1960; x_wconf 90' lang='lat' dir='ltr'>debitum</span> <span class='ocrx_word' id='word_1_123' title='bbox 541 1900 723 1983; x_wconf 82' lang='lat' dir='ltr'>exequatur</span> <span class='ocrx_word' id='word_1_124' title='bbox 749 1918 766 1955; x_wconf 78' lang='lat' dir='ltr'>a</span> <span class='ocrx_word' id='word_1_125' title='bbox 797 1892 911 1984; x_wconf 89' lang='lat' dir='ltr'>(capite</span> <span class='ocrx_word' id='word_1_126' title='bbox 936 1896 973 1959; x_wconf 87' lang='lat'>17</span> <span class='ocrx_word' id='word_1_127' title='bbox 994 1892 1141 1983; x_wconf 86' lang='lat' dir='ltr'>ejusdem</span> <span class='ocrx_word' id='word_1_128' title='bbox 1159 1892 1268 1982; x_wconf 89' lang='lat' dir='ltr'>tituli).</span> 
     </span>
     <span class='ocr_line' id='line_1_15' title="bbox 126 1997 1277 2091; baseline 0.002 -26"><span class='ocrx_word' id='word_1_129' title='bbox 126 1998 213 2066; x_wconf 86' lang='lat' dir='ltr'>Hinc</span> <span class='ocrx_word' id='word_1_130' title='bbox 228 1997 324 2066; x_wconf 84' lang='lat' dir='ltr'>debet</span> <span class='ocrx_word' id='word_1_131' title='bbox 337 2008 413 2065; x_wconf 90' lang='lat' dir='ltr'>ante</span> <span class='ocrx_word' id='word_1_132' title='bbox 432 1999 541 2067; x_wconf 90' lang='lat' dir='ltr'>omnia</span> <span class='ocrx_word' id='word_1_133' title='bbox 555 1998 596 2066; x_wconf 91' lang='lat' dir='ltr'>de</span> <span class='ocrx_word' id='word_1_134' title='bbox 611 1999 768 2089; x_wconf 74' lang='lat' dir='ltr'>predicta</span> <span class='ocrx_word' id='word_1_135' title='bbox 795 2020 906 2091; x_wconf 87' lang='lat' dir='ltr'>sparsa</span> <span class='ocrx_word' id='word_1_136' title='bbox 933 1998 1020 2067; x_wconf 88' lang='lat' dir='ltr'>lame</span> <span class='ocrx_word' id='word_1_137' title='bbox 1045 2006 1212 2084; x_wconf 89' lang='lat' dir='ltr'>constare;</span> <span class='ocrx_word' id='word_1_138' title='bbox 1242 2010 1277 2067; x_wconf 92' lang='lat' dir='ltr'>et·</span> 
     </span>
     <span class='ocr_line' id='line_1_16' title="bbox 125 2105 1273 2198; baseline 0.002 -25"><span class='ocrx_word' id='word_1_139' title='bbox 125 2114 302 2196; x_wconf 81' lang='lat' dir='ltr'>antequem</span> <span class='ocrx_word' id='word_1_140' title='bbox 324 2106 358 2174; x_wconf 93' lang='lat' dir='ltr'>id</span> <span class='ocrx_word' id='word_1_141' title='bbox 373 2114 497 2173; x_wconf 89' lang='lat' dir='ltr'>constet</span> <span class='ocrx_word' id='word_1_142' title='bbox 510 2128 568 2197; x_wconf 86' lang='lat' dir='ltr'>per</span> <span class='ocrx_word' id='word_1_143' title='bbox 585 2108 672 2173; x_wconf 88' lang='lat' dir='ltr'>viros</span> <span class='ocrx_word' id='word_1_144' title='bbox 687 2106 838 2173; x_wconf 72' lang='lat' dir='ltr'>honestos</span> <span class='ocrx_word' id='word_1_145' title='bbox 852 2114 884 2173; x_wconf 88' lang='lat' dir='ltr'>et</span> <span class='ocrx_word' id='word_1_146' title='bbox 894 2105 1060 2198; x_wconf 82' lang='lat' dir='ltr'>providos,</span> <span class='ocrx_word' id='word_1_147' title='bbox 1087 2128 1152 2175; x_wconf 94' lang='lat' dir='ltr'>non</span> <span class='ocrx_word' id='word_1_148' title='bbox 1169 2116 1273 2198; x_wconf 88' lang='lat' dir='ltr'>potest</span> 
     </span>
     <span class='ocr_line' id='line_1_17' title="bbox 122 2211 1270 2305; baseline 0.002 -25"><span class='ocrx_word' id='word_1_149' title='bbox 122 2212 228 2303; x_wconf 82' lang='lat' dir='ltr'>juder</span> <span class='ocrx_word' id='word_1_150' title='bbox 245 2214 278 2279; x_wconf 91' lang='lat' dir='ltr'>in</span> <span class='ocrx_word' id='word_1_151' title='bbox 295 2234 492 2305; x_wconf 87' lang='lat' dir='ltr'>quemquam</span> <span class='ocrx_word' id='word_1_152' title='bbox 508 2212 685 2304; x_wconf 83' lang='lat' dir='ltr'>inquirere,</span> <span class='ocrx_word' id='word_1_153' title='bbox 701 2211 836 2280; x_wconf 87' lang='lat' dir='ltr'>illumve</span> <span class='ocrx_word' id='word_1_154' title='bbox 856 2213 968 2297; x_wconf 88' lang='lat' dir='ltr'>citare,</span> <span class='ocrx_word' id='word_1_155' title='bbox 985 2222 1041 2281; x_wconf 91' lang='lat' dir='ltr'>aut</span> <span class='ocrx_word' id='word_1_156' title='bbox 1055 2212 1270 2301; x_wconf 84' lang='lat' dir='ltr'>interrogare,</span> 
     </span>
     <span class='ocr_line' id='line_1_18' title="bbox 124 2319 1271 2410; baseline 0.002 -22"><span class='ocrx_word' id='word_1_157' title='bbox 124 2320 235 2388; x_wconf 83' lang='lat' dir='ltr'>ullave</span> <span class='ocrx_word' id='word_1_158' title='bbox 250 2320 396 2389; x_wconf 88' lang='lat' dir='ltr'>molestia</span> <span class='ocrx_word' id='word_1_159' title='bbox 414 2320 555 2388; x_wconf 85' lang='lat' dir='ltr'>allicere.</span> <span class='ocrx_word' id='word_1_160' title='bbox 579 2321 687 2410; x_wconf 80' lang='lat' dir='ltr'>Atque</span> <span class='ocrx_word' id='word_1_161' title='bbox 702 2319 748 2387; x_wconf 90' lang='lat' dir='ltr'>ita</span> <span class='ocrx_word' id='word_1_162' title='bbox 766 2328 877 2387; x_wconf 90' lang='lat' dir='ltr'>tenent</span> <span class='ocrx_word' id='word_1_163' title='bbox 895 2320 1071 2389; x_wconf 76' lang='lat' dir='ltr'>canonista</span> <span class='ocrx_word' id='word_1_164' title='bbox 1088 2322 1271 2390; x_wconf 89' lang='lat' dir='ltr'>communi-</span> 
     </span>
    </p>
   </div>
   <div class='ocr_carea' id='block_1_7' title="bbox 14 2425 1272 2518">
    <p class='ocr_par' dir='ltr' id='par_1_7' title="bbox 14 2425 1272 2518">
     <span class='ocr_line' id='line_1_19' title="bbox 14 2425 1272 2518; baseline 0.001 -23"><span class='ocrx_word' id='word_1_165' title='bbox 14 2425 15 2430; x_wconf 69' lang='grc'>’</span> <span class='ocrx_word' id='word_1_166' title='bbox 125 2438 188 2495; x_wconf 87' lang='lat' dir='ltr'>ter.</span> <span class='ocrx_word' id='word_1_167' title='bbox 206 2426 301 2508; x_wconf 83' lang='lat' dir='ltr'>Quod</span> <span class='ocrx_word' id='word_1_168' title='bbox 324 2427 352 2495; x_wconf 89' lang='lat' dir='ltr'>si</span> <span class='ocrx_word' id='word_1_169' title='bbox 377 2426 563 2495; x_wconf 91' lang='lat' dir='ltr'>incrimine</span> <span class='ocrx_word' id='word_1_170' title='bbox 587 2426 748 2494; x_wconf 69' lang='lat' dir='ltr'>haereseos</span> <span class='ocrx_word' id='word_1_171' title='bbox 769 2434 800 2493; x_wconf 89' lang='lat' dir='ltr'>et</span> <span class='ocrx_word' id='word_1_172' title='bbox 819 2427 906 2517; x_wconf 89' lang='lat' dir='ltr'>apud</span> <span class='ocrx_word' id='word_1_173' title='bbox 923 2427 1082 2497; x_wconf 74' lang='lat' dir='ltr'>hereticae</span> <span class='ocrx_word' id='word_1_174' title='bbox 1094 2428 1272 2518; x_wconf 83' lang='lat' dir='ltr'>pravitatis</span> 
     </span>
    </p>
   </div>
   <div class='ocr_carea' id='block_1_8' title="bbox 125 2531 1269 2624">
    <p class='ocr_par' dir='ltr' id='par_1_8' title="bbox 125 2531 1269 2624">
     <span class='ocr_line' id='line_1_20' title="bbox 125 2531 1269 2624; baseline 0.002 -23"><span class='ocrx_word' id='word_1_175' title='bbox 125 2532 374 2624; x_wconf 78' lang='lat' dir='ltr'>inquisitoriom</span> <span class='ocrx_word' id='word_1_176' title='bbox 390 2533 550 2613; x_wconf 81' lang='lat' dir='ltr'>tribunal,</span> <span class='ocrx_word' id='word_1_177' title='bbox 575 2555 616 2600; x_wconf 85' lang='lat' dir='ltr'>ex</span> <span class='ocrx_word' id='word_1_178' title='bbox 632 2531 811 2601; x_wconf 81' lang='lat' dir='ltr'>levioribus</span> <span class='ocrx_word' id='word_1_179' title='bbox 833 2533 962 2601; x_wconf 87' lang='lat' dir='ltr'>indiciis</span> <span class='ocrx_word' id='word_1_180' title='bbox 983 2532 1149 2624; x_wconf 87' lang='lat' dir='ltr'>inquirere</span> <span class='ocrx_word' id='word_1_181' title='bbox 1162 2533 1269 2617; x_wconf 90' lang='lat' dir='ltr'>liceat,</span> 
     </span>
    </p>
   </div>
   <div class='ocr_carea' id='block_1_9' title="bbox 14 2639 1269 2839">
    <p class='ocr_par' dir='ltr' id='par_1_9' title="bbox 14 2639 1269 2839">
     <span class='ocr_line' id='line_1_21' title="bbox 14 2639 1269 2732; baseline 0.002 -25"><span class='ocrx_word' id='word_1_182' title='bbox 14 2699 15 2716; x_wconf 66' lang='grc'>,</span> <span class='ocrx_word' id='word_1_183' title='bbox 124 2640 159 2707; x_wconf 91' lang='lat' dir='ltr'>id</span> <span class='ocrx_word' id='word_1_184' title='bbox 170 2639 208 2707; x_wconf 85' lang='lat' dir='ltr'>fit</span> <span class='ocrx_word' id='word_1_185' title='bbox 216 2662 278 2731; x_wconf 81' lang='lat' dir='ltr'>per</span> <span class='ocrx_word' id='word_1_186' title='bbox 291 2640 522 2730; x_wconf 74' lang='lat' dir='ltr'>exceptionem,</span> <span class='ocrx_word' id='word_1_187' title='bbox 537 2639 614 2708; x_wconf 90' lang='lat' dir='ltr'>huic</span> <span class='ocrx_word' id='word_1_188' title='bbox 627 2640 815 2731; x_wconf 85' lang='lat' dir='ltr'>particulari</span> <span class='ocrx_word' id='word_1_189' title='bbox 826 2639 979 2709; x_wconf 91' lang='lat' dir='ltr'>tribunali</span> <span class='ocrx_word' id='word_1_190' title='bbox 989 2640 1169 2732; x_wconf 90' lang='lat' dir='ltr'>propriam.</span> <span class='ocrx_word' id='word_1_191' title='bbox 1187 2641 1269 2722; x_wconf 82' lang='lat' dir='ltr'>Quae</span> 
     </span>
     <span class='ocr_line' id='line_1_22' title="bbox 14 2745 1269 2839; baseline 0 -24"><span class='ocrx_word' id='word_1_192' title='bbox 14 2771 15 2828; x_wconf 31' lang='grc' dir='ltr'><em>ᾗ</em></span> <span class='ocrx_word' id='word_1_193' title='bbox 121 2747 271 2839; x_wconf 85' lang='lat' dir='ltr'>exceptio</span> <span class='ocrx_word' id='word_1_194' title='bbox 296 2768 338 2815; x_wconf 85' lang='lat' dir='ltr'>ex</span> <span class='ocrx_word' id='word_1_195' title='bbox 367 2748 436 2837; x_wconf 92' lang='lat' dir='ltr'>ipsa</span> <span class='ocrx_word' id='word_1_196' title='bbox 461 2745 538 2814; x_wconf 90' lang='lat' dir='ltr'>dicti</span> <span class='ocrx_word' id='word_1_197' title='bbox 567 2745 674 2815; x_wconf 87' lang='lat' dir='ltr'>delicti</span> <span class='ocrx_word' id='word_1_198' title='bbox 704 2754 820 2815; x_wconf 91' lang='lat' dir='ltr'>natura</span> <span class='ocrx_word' id='word_1_199' title='bbox 849 2745 980 2814; x_wconf 85' lang='lat' dir='ltr'>inducta</span> <span class='ocrx_word' id='word_1_200' title='bbox 1009 2756 1078 2833; x_wconf 89' lang='lat' dir='ltr'>est;</span> <span class='ocrx_word' id='word_1_201' title='bbox 1113 2769 1269 2838; x_wconf 81' lang='lat' dir='ltr'>spargens</span> 
     </span>
    </p>
   </div>
   <div class='ocr_carea' id='block_1_10' title="bbox 122 2852 1272 4011">
    <p class='ocr_par' dir='ltr' id='par_1_10' title="bbox 122 2852 1272 4011">
     <span class='ocr_line' id='line_1_23' title="bbox 123 2852 1268 2944; baseline 0 -22"><span class='ocrx_word' id='word_1_202' title='bbox 123 2855 213 2922; x_wconf 90' lang='lat' dir='ltr'>enim</span> <span class='ocrx_word' id='word_1_203' title='bbox 228 2853 380 2921; x_wconf 72' lang='lat' dir='ltr'>haeresim</span> <span class='ocrx_word' id='word_1_204' title='bbox 398 2853 459 2920; x_wconf 90' lang='lat' dir='ltr'>nisi</span> <span class='ocrx_word' id='word_1_205' title='bbox 483 2854 590 2921; x_wconf 89' lang='lat' dir='ltr'>statim</span> <span class='ocrx_word' id='word_1_206' title='bbox 607 2853 809 2939; x_wconf 88' lang='lat' dir='ltr'>cohibeatur,</span> <span class='ocrx_word' id='word_1_207' title='bbox 828 2852 946 2937; x_wconf 88' lang='lat' dir='ltr'>serias,</span> <span class='ocrx_word' id='word_1_208' title='bbox 962 2854 1162 2944; x_wconf 88' lang='lat' dir='ltr'>experientia</span> <span class='ocrx_word' id='word_1_209' title='bbox 1178 2862 1268 2940; x_wconf 83' lang='lat' dir='ltr'>teste,</span> 
     </span>
     <span class='ocr_line' id='line_1_24' title="bbox 122 2960 1271 3052; baseline 0 -23"><span class='ocrx_word' id='word_1_210' title='bbox 122 2960 306 3029; x_wconf 88' lang='lat' dir='ltr'>remedium</span> <span class='ocrx_word' id='word_1_211' title='bbox 320 2961 540 3029; x_wconf 86' lang='lat' dir='ltr'>adhiberetur.</span> <span class='ocrx_word' id='word_1_212' title='bbox 563 2960 658 3029; x_wconf 88' lang='lat' dir='ltr'>Unde</span> <span class='ocrx_word' id='word_1_213' title='bbox 673 2960 755 3027; x_wconf 92' lang='lat' dir='ltr'>sicut</span> <span class='ocrx_word' id='word_1_214' title='bbox 771 2960 804 3027; x_wconf 92' lang='lat' dir='ltr'>in</span> <span class='ocrx_word' id='word_1_215' title='bbox 831 2960 967 3027; x_wconf 88' lang='lat' dir='ltr'>crimine</span> <span class='ocrx_word' id='word_1_216' title='bbox 990 2960 1271 3052; x_wconf 73' lang='lat' dir='ltr'>laesae-majestatis</span> 
     </span>
     <span class='ocr_line' id='line_1_25' title="bbox 122 3066 1270 3159; baseline -0.002 -22"><span class='ocrx_word' id='word_1_217' title='bbox 122 3068 298 3137; x_wconf 78' lang='lat' dir='ltr'>saeculares</span> <span class='ocrx_word' id='word_1_218' title='bbox 320 3066 512 3151; x_wconf 84' lang='lat' dir='ltr'>sanctiones,</span> <span class='ocrx_word' id='word_1_219' title='bbox 529 3067 575 3134; x_wconf 85' lang='lat' dir='ltr'>ita</span> <span class='ocrx_word' id='word_1_220' title='bbox 598 3074 630 3134; x_wconf 94' lang='lat' dir='ltr'>et</span> <span class='ocrx_word' id='word_1_221' title='bbox 655 3067 689 3133; x_wconf 94' lang='lat' dir='ltr'>in</span> <span class='ocrx_word' id='word_1_222' title='bbox 712 3066 848 3134; x_wconf 91' lang='lat' dir='ltr'>crimine</span> <span class='ocrx_word' id='word_1_223' title='bbox 875 3066 1048 3139; x_wconf 70' lang='lat' dir='ltr'>hereseos.</span> <span class='ocrx_word' id='word_1_224' title='bbox 1073 3076 1183 3158; x_wconf 82' lang='lat' dir='ltr'>utpote</span> <span class='ocrx_word' id='word_1_225' title='bbox 1205 3090 1270 3159; x_wconf 93' lang='lat' dir='ltr'>quo</span> 
     </span>
     <span class='ocr_line' id='line_1_26' title="bbox 124 3171 1269 3259; baseline 0 -16"><span class='ocrx_word' id='word_1_226' title='bbox 124 3185 191 3243; x_wconf 87' lang='lat' dir='ltr'>tota</span> <span class='ocrx_word' id='word_1_227' title='bbox 205 3196 258 3242; x_wconf 91' lang='lat' dir='ltr'>res</span> <span class='ocrx_word' id='word_1_228' title='bbox 272 3173 427 3241; x_wconf 85' lang='lat' dir='ltr'>catholica</span> <span class='ocrx_word' id='word_1_229' title='bbox 442 3173 477 3239; x_wconf 92' lang='lat' dir='ltr'>in</span> <span class='ocrx_word' id='word_1_230' title='bbox 492 3172 668 3239; x_wconf 87' lang='lat' dir='ltr'>discrimen</span> <span class='ocrx_word' id='word_1_231' title='bbox 684 3171 870 3259; x_wconf 88' lang='lat' dir='ltr'>adducitur,</span> <span class='ocrx_word' id='word_1_232' title='bbox 886 3173 1068 3241; x_wconf 87' lang='lat' dir='ltr'>sanctiones</span> <span class='ocrx_word' id='word_1_233' title='bbox 1091 3176 1269 3259; x_wconf 86' lang='lat' dir='ltr'>canonicae,</span> 
     </span>
     <span class='ocr_line' id='line_1_27' title="bbox 123 3278 1271 3369; baseline -0.002 -20"><span class='ocrx_word' id='word_1_234' title='bbox 123 3288 308 3349; x_wconf 85' lang='lat' dir='ltr'>statuerunt</span> <span class='ocrx_word' id='word_1_235' title='bbox 332 3302 399 3347; x_wconf 93' lang='lat' dir='ltr'>non</span> <span class='ocrx_word' id='word_1_236' title='bbox 423 3278 657 3369; x_wconf 88' lang='lat' dir='ltr'>expectandam</span> <span class='ocrx_word' id='word_1_237' title='bbox 683 3278 847 3369; x_wconf 88' lang='lat' dir='ltr'>publicam</span> <span class='ocrx_word' id='word_1_238' title='bbox 873 3278 1006 3366; x_wconf 84' lang='lat' dir='ltr'>lamam,</span> <span class='ocrx_word' id='word_1_239' title='bbox 1036 3279 1092 3348; x_wconf 91' lang='lat' dir='ltr'>sed</span> <span class='ocrx_word' id='word_1_240' title='bbox 1118 3304 1159 3349; x_wconf 79' lang='lat' dir='ltr'>en</span> <span class='ocrx_word' id='word_1_241' title='bbox 1187 3281 1271 3348; x_wconf 86' lang='lat' dir='ltr'>datis</span> 
     </span>
     <span class='ocr_line' id='line_1_28' title="bbox 123 3385 1271 3477; baseline 0.001 -23"><span class='ocrx_word' id='word_1_242' title='bbox 123 3388 240 3477; x_wconf 86' lang='lat' dir='ltr'>primis</span> <span class='ocrx_word' id='word_1_243' title='bbox 260 3386 390 3455; x_wconf 90' lang='lat' dir='ltr'>indiciis</span> <span class='ocrx_word' id='word_1_244' title='bbox 403 3387 573 3454; x_wconf 86' lang='lat' dir='ltr'>veritatem</span> <span class='ocrx_word' id='word_1_245' title='bbox 589 3385 714 3476; x_wconf 89' lang='lat' dir='ltr'>inquiri</span> <span class='ocrx_word' id='word_1_246' title='bbox 730 3385 859 3454; x_wconf 90' lang='lat' dir='ltr'>debere.</span> <span class='ocrx_word' id='word_1_247' title='bbox 878 3386 1012 3455; x_wconf 90' lang='lat' dir='ltr'>Seclnsa</span> <span class='ocrx_word' id='word_1_248' title='bbox 1025 3395 1134 3455; x_wconf 86' lang='lat' dir='ltr'>autern</span> <span class='ocrx_word' id='word_1_249' title='bbox 1149 3410 1271 3477; x_wconf 86' lang='lat' dir='ltr'>excep-</span> 
     </span>
     <span class='ocr_line' id='line_1_29' title="bbox 122 3492 1271 3583; baseline 0 -22"><span class='ocrx_word' id='word_1_250' title='bbox 122 3494 213 3563; x_wconf 90' lang='lat' dir='ltr'>tione</span> <span class='ocrx_word' id='word_1_251' title='bbox 239 3492 311 3577; x_wconf 90' lang='lat' dir='ltr'>hac‚</span> <span class='ocrx_word' id='word_1_252' title='bbox 339 3492 566 3583; x_wconf 85' lang='lat' dir='ltr'>inquisitorius</span> <span class='ocrx_word' id='word_1_253' title='bbox 592 3514 762 3583; x_wconf 86' lang='lat' dir='ltr'>processus</span> <span class='ocrx_word' id='word_1_254' title='bbox 789 3514 882 3561; x_wconf 89' lang='lat' dir='ltr'>ream</span> <span class='ocrx_word' id='word_1_255' title='bbox 904 3515 970 3561; x_wconf 92' lang='lat' dir='ltr'>non</span> <span class='ocrx_word' id='word_1_256' title='bbox 998 3492 1147 3580; x_wconf 86' lang='lat' dir='ltr'>infamat,</span> <span class='ocrx_word' id='word_1_257' title='bbox 1172 3494 1226 3561; x_wconf 89' lang='lat' dir='ltr'>sed</span> <span class='ocrx_word' id='word_1_258' title='bbox 1253 3516 1271 3561; x_wconf 92' lang='lat' dir='ltr'>e</span> 
     </span>
     <span class='ocr_line' id='line_1_30' title="bbox 122 3599 1270 3689; baseline -0.001 -21"><span class='ocrx_word' id='word_1_259' title='bbox 122 3609 237 3669; x_wconf 83' lang='lat' dir='ltr'>contra</span> <span class='ocrx_word' id='word_1_260' title='bbox 260 3599 454 3667; x_wconf 82' lang='lat' dir='ltr'>infamatum</span> <span class='ocrx_word' id='word_1_261' title='bbox 482 3600 663 3667; x_wconf 89' lang='lat' dir='ltr'>necessario</span> <span class='ocrx_word' id='word_1_262' title='bbox 689 3600 932 3689; x_wconf 75' lang='lat' dir='ltr'>praeapponit5</span> <span class='ocrx_word' id='word_1_263' title='bbox 963 3600 1007 3667; x_wconf 88' lang='lat' dir='ltr'>ita</span> <span class='ocrx_word' id='word_1_264' title='bbox 1035 3610 1070 3667; x_wconf 88' lang='lat' dir='ltr'>nt</span> <span class='ocrx_word' id='word_1_265' title='bbox 1099 3602 1212 3684; x_wconf 88' lang='lat' dir='ltr'>etiam,</span> <span class='ocrx_word' id='word_1_266' title='bbox 1243 3601 1270 3667; x_wconf 92' lang='lat' dir='ltr'>si</span> 
     </span>
     <span class='ocr_line' id='line_1_31' title="bbox 123 3704 1271 3797; baseline 0 -22"><span class='ocrx_word' id='word_1_267' title='bbox 123 3709 281 3776; x_wconf 87' lang='lat' dir='ltr'>innocens</span> <span class='ocrx_word' id='word_1_268' title='bbox 301 3706 354 3789; x_wconf 87' lang='lat' dir='ltr'>sit,</span> <span class='ocrx_word' id='word_1_269' title='bbox 370 3705 473 3795; x_wconf 88' lang='lat' dir='ltr'>ipsius</span> <span class='ocrx_word' id='word_1_270' title='bbox 498 3704 691 3774; x_wconf 74' lang='lat' dir='ltr'>innocentiae</span> <span class='ocrx_word' id='word_1_271' title='bbox 718 3706 856 3791; x_wconf 89' lang='lat' dir='ltr'>intersit,</span> <span class='ocrx_word' id='word_1_272' title='bbox 875 3717 910 3774; x_wconf 90' lang='lat' dir='ltr'>ut</span> <span class='ocrx_word' id='word_1_273' title='bbox 936 3708 1053 3775; x_wconf 84' lang='lat' dir='ltr'>veritas</span> <span class='ocrx_word' id='word_1_274' title='bbox 1076 3706 1271 3797; x_wconf 83' lang='lat' dir='ltr'>judicialiter</span> 
     </span>
     <span class='ocr_line' id='line_1_32' title="bbox 123 3811 1271 3905; baseline 0.002 -24"><span class='ocrx_word' id='word_1_275' title='bbox 123 3814 300 3905; x_wconf 86' lang='lat' dir='ltr'>pandatur,</span> <span class='ocrx_word' id='word_1_276' title='bbox 317 3822 349 3881; x_wconf 94' lang='lat' dir='ltr'>et</span> <span class='ocrx_word' id='word_1_277' title='bbox 374 3813 421 3879; x_wconf 92' lang='lat' dir='ltr'>sic</span> <span class='ocrx_word' id='word_1_278' title='bbox 441 3811 619 3900; x_wconf 81' lang='lat' dir='ltr'>integritati</span> <span class='ocrx_word' id='word_1_279' title='bbox 646 3812 756 3892; x_wconf 79' lang='lat' dir='ltr'>lamae,</span> <span class='ocrx_word' id='word_1_280' title='bbox 786 3834 861 3905; x_wconf 82' lang='lat' dir='ltr'>quae</span> <span class='ocrx_word' id='word_1_281' title='bbox 888 3822 962 3882; x_wconf 87' lang='lat' dir='ltr'>ante</span> <span class='ocrx_word' id='word_1_282' title='bbox 978 3837 1165 3905; x_wconf 87' lang='lat' dir='ltr'>processum</span> <span class='ocrx_word' id='word_1_283' title='bbox 1193 3814 1271 3883; x_wconf 86' lang='lat' dir='ltr'>laesa</span> 
     </span>
     <span class='ocr_line' id='line_1_33' title="bbox 123 3919 1272 4011; baseline 0.001 -23"><span class='ocrx_word' id='word_1_284' title='bbox 123 3921 245 4006; x_wconf 87' lang='lat' dir='ltr'>fuerat,</span> <span class='ocrx_word' id='word_1_285' title='bbox 279 3941 338 4010; x_wconf 87' lang='lat' dir='ltr'>per</span> <span class='ocrx_word' id='word_1_286' title='bbox 367 3940 554 4009; x_wconf 91' lang='lat' dir='ltr'>processum</span> <span class='ocrx_word' id='word_1_287' title='bbox 584 3919 678 4010; x_wconf 89' lang='lat' dir='ltr'>plene</span> <span class='ocrx_word' id='word_1_288' title='bbox 708 3920 910 3988; x_wconf 88' lang='lat' dir='ltr'>restituatur.</span> <span class='ocrx_word' id='word_1_289' title='bbox 944 3920 1039 3989; x_wconf 93' lang='lat' dir='ltr'>Unde</span> <span class='ocrx_word' id='word_1_290' title='bbox 1067 3920 1272 4011; x_wconf 85' lang='lat' dir='ltr'>inquisitoria</span> 
     </span>
    </p>
   </div>
   <div class='ocr_carea' id='block_1_11' title="bbox 14 4023 1269 4117">
    <p class='ocr_par' dir='ltr' id='par_1_11' title="bbox 14 4023 1269 4117">
     <span class='ocr_line' id='line_1_34' title="bbox 14 4023 1269 4117; baseline 0.002 -24"><span class='ocrx_word' id='word_1_291' title='bbox 14 4045 15 4048; x_wconf 73' lang='grc'>’</span> <span class='ocrx_word' id='word_1_292' title='bbox 123 4026 231 4095; x_wconf 82' lang='lat' dir='ltr'>forma</span> <span class='ocrx_word' id='word_1_293' title='bbox 253 4048 319 4092; x_wconf 94' lang='lat' dir='ltr'>non</span> <span class='ocrx_word' id='word_1_294' title='bbox 343 4026 452 4093; x_wconf 87' lang='lat' dir='ltr'>minus</span> <span class='ocrx_word' id='word_1_295' title='bbox 468 4023 571 4091; x_wconf 89' lang='lat' dir='ltr'>tendit</span> <span class='ocrx_word' id='word_1_296' title='bbox 586 4034 618 4093; x_wconf 87' lang='lat' dir='ltr'>et</span> <span class='ocrx_word' id='word_1_297' title='bbox 644 4025 729 4091; x_wconf 86' lang='lat' dir='ltr'>valet</span> <span class='ocrx_word' id='word_1_298' title='bbox 742 4024 785 4093; x_wconf 84' lang='lat' dir='ltr'>ad</span> <span class='ocrx_word' id='word_1_299' title='bbox 802 4024 1035 4117; x_wconf 78' lang='lat' dir='ltr'>protegendam</span> <span class='ocrx_word' id='word_1_300' title='bbox 1050 4026 1269 4094; x_wconf 89' lang='lat' dir='ltr'>innocentium</span> 
     </span>
    </p>
   </div>
   <div class='ocr_carea' id='block_1_12' title="bbox 122 4131 1269 4351">
    <p class='ocr_par' dir='ltr' id='par_1_12' title="bbox 122 4131 1269 4351">
     <span class='ocr_line' id='line_1_35' title="bbox 122 4131 1268 4223; baseline -0.002 -20"><span class='ocrx_word' id='word_1_301' title='bbox 122 4137 258 4217; x_wconf 80' lang='lat' dir='ltr'>famam,</span> <span class='ocrx_word' id='word_1_302' title='bbox 275 4154 375 4223; x_wconf 89' lang='lat' dir='ltr'>qnam</span> <span class='ocrx_word' id='word_1_303' title='bbox 390 4131 432 4199; x_wconf 91' lang='lat' dir='ltr'>ad</span> <span class='ocrx_word' id='word_1_304' title='bbox 455 4131 631 4199; x_wconf 88' lang='lat' dir='ltr'>coercenda</span> <span class='ocrx_word' id='word_1_305' title='bbox 655 4153 834 4221; x_wconf 87' lang='lat' dir='ltr'>pravorum</span> <span class='ocrx_word' id='word_1_306' title='bbox 864 4132 1018 4200; x_wconf 81' lang='lat' dir='ltr'>facinora.</span> <span class='ocrx_word' id='word_1_307' title='bbox 1037 4133 1116 4200; x_wconf 77' lang='lat' dir='ltr'>Haec</span> <span class='ocrx_word' id='word_1_308' title='bbox 1143 4156 1201 4201; x_wconf 86' lang='lat' dir='ltr'>nos</span> <span class='ocrx_word' id='word_1_309' title='bbox 1227 4135 1268 4201; x_wconf 87' lang='lat' dir='ltr'>ad</span> 
     </span>
     <span class='ocr_line' id='line_1_36' title="bbox 124 4236 1269 4351; baseline -0.006 -42"><span class='ocrx_word' id='word_1_310' title='bbox 124 4238 360 4322; x_wconf 81' lang='lat' dir='ltr'>vindicandum</span> <span class='ocrx_word' id='word_1_311' title='bbox 382 4262 403 4307; x_wconf 89' lang='lat' dir='ltr'>a</span> <span class='ocrx_word' id='word_1_312' title='bbox 428 4237 572 4349; x_wconf 70' lang='lat' dir='ltr'>praelatis</span> <span class='ocrx_word' id='word_1_313' title='bbox 588 4236 763 4324; x_wconf 84' lang='lat' dir='ltr'>mendaciis</span> <span class='ocrx_word' id='word_1_314' title='bbox 779 4238 1036 4351; x_wconf 82' lang='lat' dir='ltr'>inquisitorium,</span> <span class='ocrx_word' id='word_1_315' title='bbox 1054 4248 1150 4349; x_wconf 87' lang='lat' dir='ltr'>prout</span> <span class='ocrx_word' id='word_1_316' title='bbox 1163 4243 1269 4324; x_wconf 72' lang='lat' dir='ltr'>eccle..</span> 
     </span>
    </p>
   </div>
   <div class='ocr_carea' id='block_1_13' title="bbox 0 0 1536 4984">
    <p class='ocr_par' dir='ltr' id='par_1_13' title="bbox 0 0 1536 4984">
     <span class='ocr_line' id='line_1_37' title="bbox 0 0 1536 4984; baseline 0 0"><span class='ocrx_word' id='word_1_317' title='bbox 0 0 1536 4984; x_wconf 95' lang='lat' dir='ltr'> </span> 
     </span>
    </p>
   </div>
  </div>
 </body>
</html>
