3050 4984
546 452 622 499 etas
645 452 792 500 sunnon.
1171 436 1233 503 tio

89 580 181 660 tum3
199 573 242 643 ob
264 572 446 665 pericnlum
469 572 588 643 scilicet
607 573 755 644 violandi
784 575 865 659 voti,
892 574 920 644 si
947 596 1060 645 revera
1079 576 1234 646 emissum

91 681 194 749 fuerit
210 707 217 749 :
235 680 435 749 restituenda
449 692 559 751 nmen
573 688 621 749 est
636 680 743 773 quoad
758 681 990 751 habitationem
1001 683 1106 752 etalio
1116 685 1236 776 conju-

91 788 181 877 galia
192 788 363 879 obsequia;
382 788 460 879 quia
474 811 532 880 per
545 788 668 858 dietum
684 797 798 857 votum
813 796 929 857 neuter
943 788 1065 880 conjux
1086 800 1235 860 censetur

92 918 128 962 se
142 895 195 963 his
209 894 365 986 privasse.
385 895 480 986 (Vide
494 896 798 985 Schmaizgrueber,
815 896 869 964 cit.
888 895 972 983 loco,
989 918 1022 963 n.
1044 895 1111 985 66.)

137 1005 239 1073 Nota.
254 1005 440 1094 Antequam
455 1003 531 1072 huic
545 1001 768 1094 disceptationi
784 1004 823 1071 de
839 1024 938 1071 causa
958 1002 1167 1094 possessioni
1179 1026 1234 1073 seu

91 1110 308 1178 restitutionis
331 1110 438 1201 quoad
463 1109 710 1178 matrimonium
738 1108 839 1177 finem
855 1108 1024 1197 iniamus,
1042 1108 1100 1178 aba
1116 1130 1152 1178 re
1166 1132 1233 1179 non

91 1216 156 1284 erit
169 1215 361 1285 decretalem
388 1216 531 1284 Litteras
548 1216 616 1307 (tt,
635 1216 683 1285 tit.
703 1218 756 1304 ts,
775 1215 833 1284 lib.
852 1220 870 1283 2
886 1215 1026 1307 Decret.)
1043 1216 1097 1283 hic
1111 1215 1237 1284 ducti-

91 1322 183 1409 bere,
207 1323 243 1389 in
258 1322 414 1414 expositas
433 1322 590 1392 doctrinas
604 1323 897 1391 confirmationem.
914 1322 974 1391 Est
991 1332 1100 1393 autem
1116 1322 1237 1391 unctis

92 1428 282 1521 hujusmodi
308 1458 316 1499 :
341 1432 520 1522 Propterea
542 1430 659 1499 meiius
679 1428 811 1498 videtur
834 1428 932 1521 quod,
960 1452 1036 1498 cum
1058 1430 1236 1521 opponitur

93 1538 358 1619 consanpuinitas
371 1538 565 1621 weseram
578 1540 614 1601 in
626 1538 786 1620 proditus
800 1537 915 1602 divina
928 1536 997 1621 lepe
1008 1537 1191 1621 prohibitis)
1206 1546 1237 1601 et

88 1644 300 1726 probationes
319 1644 501 1728 offeramur
515 1646 550 1709 in
567 1646 745 1710 continenti
760 1652 900 1727 parata,
917 1646 952 1708 in
969 1646 1091 1709 ceteris
1110 1644 1153 1727 (t)
1173 1644 1233 1709 ad-

87 1752 275 1835 judicanda
295 1754 337 1816 sit
355 1754 515 1817 restitutio
536 1752 609 1834 (sed
623 1752 671 1817 ad
687 1753 850 1835 majorem
864 1754 1025 1818 canutam
1045 1754 1236 1834 juramento

93 1870 219 1945 recepto
232 1863 323 1945 qnod
334 1863 409 1928 tatis
423 1862 558 1944 objectio
576 1862 737 1926 malitiose
748 1879 814 1925 non
822 1862 910 1943 fiat);
935 1860 1006 1925 sola
1019 1862 1132 1946 quoad
1149 1880 1234 1926 com-

92 1970 285 2034 micuonon
310 1971 476 2035 carnatem
499 1969 657 2049 (maxime
676 1970 708 2033 si
722 1970 819 2051 sarna
833 1970 1000 2052 consentit)
1014 1978 1061 2035 est
1074 1970 1234 2033 restitutio

93 2076 286 2160 differenda,
307 2079 407 2144 donec
426 2078 550 2143 auditis
561 2076 809 2159 probationibus
830 2085 861 2140 et
873 2076 1036 2156 annosis,
1052 2095 1151 2141 causa
1165 2078 1234 2141 sine

91 2183 230 2268 diffupio
256 2188 456 2251 terminetur.
474 2185 573 2268 Quod
591 2186 622 2249 si
647 2202 713 2248 non
733 2183 851 2247 babeat
861 2183 1067 2267 probationes
1082 2186 1116 2248 in
1129 2186 1230 2249 conti·

91 2294 184 2356 nenti
194 2301 342 2376 paratas,
357 2294 417 2358 sed
426 2293 597 2357 dilanones
611 2298 742 2375 expetat
750 2290 910 2373 lonqiores
923 2289 1234 2373 (quiaprosumitur

92 2407 303 2479 contraeam,
317 2402 473 2484 puerine
486 2398 615 2482 judicio
632 2398 797 2476 Ecclesia,
813 2416 874 2461 sua
898 2403 1027 2461 tantum
1041 2399 1230 2477 temeritate,

91 2509 254 2572 recessita
274 2508 369 2590 viro),
385 2508 433 2571 aci
452 2506 688 2571 restitutionem
704 2505 894 2589 ptertariam
907 2504 1120 2569 eccbsiastica
1143 2504 1234 2569 debet

89 2628 229 2679 tenswa
241 2614 409 2698 conspetti;
422 2633 523 2697 quarn
544 2621 652 2678 tamen
675 2614 759 2696 ipsa,
776 2614 841 2677 tori
857 2610 1007 2695 nepando
1023 2612 1231 2690 consortium,

89 2722 185 2787 debet
198 2722 365 2787 humiliter
379 2722 529 2803 tolerare,
545 2722 644 2786 donec
651 2720 863 2804 probationes
877 2718 994 2802 offeras
1008 2728 1213 2803 preparatas
1220 2741 1233 2795 ;

89 2837 122 2894 et
135 2838 223 2909 turn,
242 2830 440 2895 absolutione
456 2829 570 2913 petita,
585 2828 766 2894 secandum
786 2828 933 2909 forntam
956 2824 1108 2897 Ecclesia
1126 2826 1231 2891 absol·

87 2946 195 3001 vetur.
213 2936 255 3003 Si
265 2956 342 3002 uero
357 2945 449 3001 tenta
461 2940 506 3001 sit
522 2938 590 3001 viri
601 2937 739 3015 sevitia,
754 2942 793 2998 ut
815 2934 949 2998 mulieri
970 2932 1149 3016 trepidanti
1167 2952 1231 2998 non

84 3045 193 3127 possit
203 3044 361 3126 sufficiens
374 3048 530 3110 securitas
541 3043 721 3125 provideri,
736 3062 802 3107 non
815 3041 920 3115 sotum
934 3058 1000 3104 non
1014 3039 1108 3104 debet
1121 3042 1152 3105 ei
1164 3060 1230 3105 res·

88 3154 179 3232 titui,
193 3151 253 3215 sed
263 3152 305 3215 ab
322 3168 358 3216 eo
370 3153 481 3236 potius
495 3152 644 3216 amoveri
660 3150 830 3232 :alioquin
844 3146 1014 3229 sufficienti
1026 3147 1069 3228 (si
1086 3148 1161 3226 fieri
1167 3166 1230 3231 po-

88 3261 163 3341 test)
175 3260 347 3324 securitate
369 3261 515 3341 moena,
527 3259 672 3342 profecto
690 3256 822 3321 videtur
836 3254 958 3335 conjua
971 3263 1047 3319 aute
1059 3246 1167 3319 causo
1179 3275 1230 3321 co-

88 3368 271 3449 pnitionent
283 3369 484 3434 restituenda
497 3369 627 3432 marito.

622 3607 706 3708 §1¹-

87 3782 127 3835 Da
137 3782 273 3836 actorum
283 3786 310 3835 et
324 3782 433 3837 testibat
452 3783 620 3836 admittendis
638 3784 681 3835 set
692 3782 841 3848 rejiciendis
852 3782 879 3835 iu
893 3782 976 3836 causis
988 3782 1230 3842 matrimonialibus.

133 3966 277 4047 Quasrm
303 3968 348 4033 1⁸.
366 4003 411 4018 -
426 3961 586 4049 Ουὺγιαηι
599 3984 696 4054 apere
708 3964 818 4032 vatem
831 3962 878 4031 ad
894 3963 1139 4054 impediendum
1154 3988 1229 4033 rna-

120 4166 154 4228 (1)
168 4164 198 4214 in
211 4166 322 4227 certeris,
334 4165 362 4216 id
378 4169 426 4230 est,
444 4166 530 4231 quoad
547 4163 733 4217 habitationem
747 4166 773 4216 et
786 4162 910 4229 obsequia
924 4160 1086 4227 conjugatia3
1099 4176 1153 4214 non
1170 4176 1232 4215 sero

89 4244 177 4313 quoad
185 4249 280 4295 torum.
