3050 4984
285 494 349 556 292
660 512 836 559 narraras
858 514 897 559 oe
917 514 1052 559 marma.

286 660 303 695 ι
328 632 505 722 procedant
521 634 567 700 uti
582 633 676 701 Sedis
691 634 885 724 apostoliea
899 633 1052 722 delegati,
1077 634 1112 699 in
1126 634 1244 717 musis,
1269 654 1347 724 quae
1359 632 1416 699 sab

287 766 305 803 ιι
327 762 438 807 aarum
452 740 676 829 jurisdictione
701 740 871 809 ordinaria
893 763 959 809 non
980 740 1318 830 comprehenduntur3
1334 738 1417 807 salva

288 872 305 909 ι
328 847 491 913 tamenin
511 846 571 915 boc
586 870 663 916 casu
682 846 881 938 legatorum
903 856 936 915 et
958 846 1158 917 Nautiorum
1174 845 1417 937 apostolicorum

287 951 532 1021 «authoritate.

332 1062 396 1125 «8⁰
415 1059 453 1125 ln
469 1060 574 1127 causis
589 1082 667 1128 vero
690 1060 885 1129 visitationis
902 1060 1167 1145 ordinariorum,
1183 1070 1241 1129 ant
1252 1060 1417 1128 correctio

286 1191 303 1229 ι
326 1166 379 1232 nis
396 1188 536 1252 morum,
562 1167 670 1257 quoad
686 1167 837 1237 effectum
853 1167 1078 1237 devolutivum
1101 1177 1227 1236 tantum
1245 1167 1418 1236 admittan-
1485 1171 1490 1264 l

286 1297 302 1335 ιι
327 1282 392 1358 tur,
410 1273 471 1341 nisi
491 1274 531 1340 de
554 1278 745 1363 gravamine
766 1297 825 1366 per
847 1275 1049 1344 definitivam
1070 1274 1270 1366 irreparabili
1289 1288 1416 1363 agarum
1486 1265 1491 1370 1

285 1406 303 1443 ιι
327 1380 377 1447 vel
396 1403 470 1448 cum
485 1380 644 1465 visitator,
660 1382 755 1449 citata
778 1391 881 1475 parte,
896 1395 928 1450 et
950 1383 1096 1451 adbibita
1115 1405 1222 1451 causae
1240 1383 1417 1470 cognitione
1486 1393 1492 1476 t

286 1486 521 1577 «judicialiter
549 1489 694 1579 procedit
726 1498 837 1557 :tuuc
865 1490 954 1557 enim
983 1490 1193 1581 appellationi
1227 1489 1318 1557 locus
1346 1488 1415 1571 erit,
1487 1535 1492 1550 .

287 1620 304 1657 ι
327 1595 424 1661 etiam
439 1594 546 1684 quoad
559 1594 708 1663 ellectum
725 1598 968 1687 suspensivum.
1486 1553 1493 1729 Ι

330 1726 347 1763 ιι
365 1705 397 1767 9⁰
413 1700 495 1768 Cum
512 1703 743 1791 agravamine,
757 1701 845 1793 quod
862 1725 920 1793 per
935 1702 1137 1771 definitivam
1151 1704 1297 1793 reparari
1312 1700 1417 1791 nequit
1491 1770 1493 1793 Ι

285 1834 302 1871 ιι
328 1807 375 1893 (ιιι
391 1806 546 1874 indebitae
561 1808 789 1875 carcerationis
810 1858 864 1894 ...,
880 1816 937 1875 aut
951 1808 1310 1893 excommunicationis,
1324 1807 1414 1874 etiam
1491 1816 1494 1832 ¹

285 1939 302 1976 ι
326 1912 543 2003 comminata)
555 1914 749 2004 appellatur,
764 1916 893 1982 nonnisi
905 1915 985 1982 visis
997 1916 1090 2001 actis,
1102 1937 1145 1982 ex
1155 1914 1276 2005 quibus
1286 1912 1417 1982 evidea-
1491 1971 1495 1980 .

287 2046 304 2083 ιι
327 2029 375 2086 ter
387 2028 540 2109 appareat
556 2020 596 2087 de
607 2021 810 2109 gravamine,
827 2021 1000 2111 appellatio
1014 2021 1216 2107 admittatur,
1231 2031 1289 2089 aut
1301 2017 1416 2088 inbibi-
1491 2043 1496 2112 j

287 2150 303 2187 ιι
327 2124 374 2193 ιίο
390 2124 442 2192 vel
459 2126 601 2214 provisio
617 2127 725 2217 aliqua
740 2125 947 2196 concedatur.
1492 2165 1498 2284 p

333 2236 422 2298 «10⁰
443 2283 510 2301 .....

331 2368 348 2405 ιι
373 2344 426 2407 11ο
443 2341 524 2408 Acta
548 2342 720 2430 originalia
735 2364 905 2432 processus
918 2343 1035 2434 primae
1052 2344 1215 2411 instantia
1229 2342 1272 2411 ad
1283 2341 1416 2434 judicem

287 2447 552 2539 «appellationis
580 2450 724 2515 notarius
748 2450 874 2516 mittere
899 2472 965 2517 non
989 2458 1136 2539 cogatur,
1165 2449 1229 2516 nisi
1249 2447 1417 2540 probabilis

287 2582 305 2620 ι
327 2556 437 2646 aliqua
451 2554 599 2623 falsitatis
613 2579 710 2624 causa
721 2564 753 2625 et
768 2559 910 2648 suspicio
925 2557 1058 2642 incidat,
1076 2580 1151 2648 quas
1158 2556 1354 2646 judicialiter
1365 2556 1416 2623 ob

285 2687 303 2726 ιι
323 2661 456 2751 jiciatur
471 2672 520 2729 :et
534 2672 623 2747 tuno,
636 2664 807 2731 terminata
820 2685 928 2749 (ausa,
941 2664 1135 2732 remittenda
1146 2674 1223 2731 sunt
1233 2664 1275 2732 ad
1285 2663 1417 2732 Ordina-

286 2794 303 2832 ι
328 2769 427 2853 rium,
445 2778 481 2834 ut
494 2768 529 2835 in
545 2790 604 2835 suo
615 2768 762 2837 archivio
777 2776 1025 2838 conserventur.

334 2902 350 2937 ιι
370 2878 423 2941 ι2ο
438 2876 584 2943 Censura
607 2876 820 2945 ecclesiastica
841 2878 876 2944 in
899 2878 1116 2969 appellantem
1131 2877 1258 2969 prolata
1271 2874 1415 2955 relaxari,

288 3010 306 3051 ιι
329 2991 385 3051 aut
402 2983 492 3051 nulla
507 2982 664 3051 declarari
681 3007 738 3075 per
749 2984 893 3076 judicem
907 2986 1132 3077 appellationis
1151 3008 1218 3053 non
1233 2986 1347 3075 possit,
1361 2980 1416 3051 nisi

290 3118 307 3155 ιι
330 3090 451 3158 auditis
466 3090 612 3180 partibus
626 3099 657 3157 et
672 3112 770 3159 causa
794 3093 943 3181 cognita,
964 3102 1106 3184 tuncque
1120 3094 1147 3160 si
1162 3093 1341 3161 constiterit
1352 3111 1416 3157 eam

290 3224 306 3263 ιι
327 3197 448 3287 justam
463 3219 543 3282 esse,
556 3196 597 3263 ad
609 3196 751 3287 judicem
761 3199 818 3289 qui
827 3200 1121 3268 excommunicavit
1132 3200 1300 3290 appellans
1312 3197 1415 3265 remit-

290 3331 307 3369 «
331 3304 447 3373 tendus
474 3314 533 3388 est,
562 3314 598 3371 ut
624 3305 665 3371 ab
690 3304 774 3394 ipso,
801 3305 897 3395 juxta
923 3328 1029 3374 sacros
1055 3328 1206 3394 canones,
1233 3306 1414 3375 beneficium

290 3438 307 3476 ι
330 3411 555 3496 absolutionis,
573 3412 600 3476 si
614 3411 782 3479 humiliter
795 3412 933 3503 petierit,
949 3412 1154 3503 debitamque
1170 3414 1416 3481 emendationem

291 3544 307 3583 ι
332 3517 529 3607 praestiterit,
547 3518 690 3585 obtineat
708 3545 714 3583 :
734 3519 852 3586 sivero
868 3519 1354 3611 injustamesseclareapparet,
1370 3539 1416 3583 su·

286 3648 304 3692 ιι
331 3626 437 3715 perior
451 3623 685 3692 absolutionem
700 3625 867 3717 impendat
885 3627 932 3693 :si
947 3626 1124 3712 dubitetur,
1143 3626 1309 3695 honestius
1322 3636 1378 3709 eat,
1390 3630 1419 3691 ut

290 3760 307 3796 ιι
330 3732 370 3799 ad
400 3732 751 3799 excommunicatorem
768 3734 856 3800 intra
880 3734 1011 3801 brevem
1028 3734 1169 3825 aliquem
1197 3743 1418 3825 competentem

290 3866 306 3903 ιι
330 3839 506 3907 terminum
545 3838 652 3905 eidem
689 3839 929 3930 praeligendum
966 3840 1183 3908 absolvendus
1222 3842 1416 3919 remittatur3

291 3974 307 4012 ιι
330 3948 405 4015 licat
418 3947 514 4013 etiam
529 3948 677 4036 superior
703 3948 763 4015 boo
791 3971 867 4016 casu
891 3948 1034 4038 idipsum
1061 3971 1119 4038 per
1137 3971 1171 4015 se
1186 3960 1339 4038 praestare
1353 3966 1418 4037 pos·

291 4082 307 4119 ιι
331 4056 383 4124 sii.

335 4191 350 4225 ιι
379 4166 432 4229 13ο
461 4160 632 4230 Absolutio
654 4162 695 4230 ad
721 4165 894 4252 cautelam,
920 4163 1048 4235 nonnisi
1074 4174 1166 4256 parte
1190 4166 1287 4234 citata
1303 4173 1334 4233 et
1347 4158 1417 4231 visis

291 4298 308 4337 ιι
330 4270 419 4360 actis,
443 4292 518 4338 cum
541 4268 709 4339 dubitatur
732 4272 773 4340 de
789 4271 935 4342 nullitate
948 4273 1293 4342 excommunicationis
1310 4268 1417 4339 abbo·
