3050 4984
302 463 341 529 52
547 551 549 554 Ι
671 480 846 530 rnac'raros
868 483 907 528 nu
929 482 1066 529 runicus.

299 615 354 672 tur
378 604 420 672 ad
442 603 717 674 denuntiationem
738 603 939 696 judicialem,
963 602 1089 672 etiamsi
1113 625 1185 671 earn
1208 602 1313 671 lacere
1340 600 1442 694 possit

298 711 420 801 absque
436 712 566 802 proprio
584 735 643 779 suo
658 719 866 797 nocumento,
890 710 1038 802 sequitur
1059 732 1101 776 ex
1122 731 1161 778 eo
1179 707 1266 801 quod
1284 709 1440 778 delictum

298 815 360 882 soli
374 814 575 907 delinquenti
587 818 750 899 nortuum,
768 818 931 886 occultum
953 817 1011 904 sit;
1031 817 1177 908 alioquin
1196 816 1283 884 enim
1300 817 1441 885 scauda-

296 921 367 989 lum
383 922 586 1012 produceret,
602 933 634 991 et
648 924 876 992 communitati
889 921 952 992 boc
965 923 1035 1014 ipso
1052 925 1204 992 nocivum
1219 922 1321 990 simul
1332 922 1415 990 foret
1431 949 1439 989 :

297 1029 459 1098 occultum
474 1039 581 1099 autem
596 1029 750 1099 delictum
764 1039 796 1098 et
810 1031 871 1098 soli
885 1030 1087 1122 delinquenti
1107 1030 1262 1099 nocivum
1274 1027 1444 1119 judiciali-

300 1145 347 1204 ter
368 1135 571 1225 denuntiare,
593 1148 642 1206 est
656 1135 740 1206 illud
755 1137 924 1228 publicum
945 1137 1092 1224 neddere,
1114 1135 1204 1228 quod
1219 1135 1291 1204 fieri
1314 1135 1440 1227 nequit,

298 1245 379 1335 quin
408 1245 532 1312 oriatur
562 1244 762 1331 scandalum,
790 1244 974 1334 praesertim
1001 1243 1031 1312 si
1060 1243 1205 1312 occultus
1232 1241 1442 1334 delinquens,

298 1373 417 1440 magua
438 1349 633 1439 integritatis
657 1349 745 1418 fama
767 1350 972 1442 praefulgeat.
998 1351 1149 1421 Jamvero
1172 1348 1296 1418 malum
1320 1371 1362 1418 ex
1386 1348 1445 1416 tali

296 1457 482 1549 publicitate
496 1479 554 1526 seu
569 1456 720 1526 scandalo
736 1457 771 1524 iu
790 1458 1057 1526 communitatem
1076 1456 1277 1544 redundans,
1299 1477 1365 1524 nou
1388 1478 1443 1522 so-

296 1563 341 1631 let
356 1563 559 1654 compensari
577 1585 619 1632 ex
633 1564 719 1632 bono
740 1561 894 1632 vindictae
909 1563 1063 1655 publicae.
1082 1563 1168 1631 Hinc
1188 1561 1315 1631 etiamsi
1335 1569 1445 1653 posset

298 1670 372 1761 quis
393 1669 428 1736 iu
447 1668 508 1738 hoc
527 1691 603 1740 casu
622 1669 746 1762 absque
766 1671 901 1762 proprio
920 1678 1114 1739 nocumento
1132 1669 1285 1738 delictum
1301 1667 1445 1760 judicia-

299 1775 372 1843 liter
387 1777 591 1862 denuutiare,
613 1777 654 1844 ad
673 1777 707 1844 id
723 1786 833 1846 tamen
848 1799 914 1846 uon
932 1785 1108 1863 teneretur,
1128 1776 1259 1868 neptus
1275 1774 1352 1843 mali
1365 1775 1445 1843 inde

298 1905 397 1973 quam
406 1882 486 1950 boni
494 1893 681 1973 exurgeret.
696 1884 875 1952 Teneretur
883 1893 992 1952 tamen
1001 1882 1044 1951 ad
1055 1882 1445 1952 denuntiationemevan-

298 1987 448 2076 geticum,
464 1989 541 2080 quia
555 1987 627 2058 haec
641 1990 722 2058 citra
734 1990 956 2083 publicitatem
972 1989 1044 2058 fieri
1058 1998 1174 2081 potest.

343 2095 420 2164 Haec
435 2119 477 2164 ex
486 2096 561 2188 jure
577 2097 717 2166 naturali
730 2097 882 2166 concludi
897 2119 991 2188 posse
1006 2097 1077 2165 visa
1091 2105 1168 2166 sunt
1181 2097 1268 2165 circa
1278 2095 1446 2188 judicialis

300 2202 554 2274 denuntiationis
589 2204 832 2296 obligationem.
864 2204 929 2273 Sed
963 2204 999 2272 iu
1034 2203 1094 2272 hac
1124 2203 1258 2273 materia
1292 2204 1445 2296 positivae

299 2309 387 2398 leges
407 2309 558 2378 Ecclesiae
575 2311 677 2380 multo
695 2313 800 2403 magis
815 2310 1019 2381 attendendae
1040 2320 1128 2398 sunt,
1144 2333 1243 2403 quam
1259 2310 1447 2379 conclusio-

300 2437 358 2484 nes
372 2439 453 2507 quas
468 2416 605 2508 quisque
621 2419 846 2488 ratiocinando
861 2441 903 2487 ex
909 2419 983 2509 jure
997 2418 1138 2486 naturali
1151 2417 1310 2486 deducere
1324 2428 1443 2508 potest.

300 2522 383 2592 Nam
405 2532 516 2591 utrum
539 2532 621 2591 reete
640 2547 687 2593 eae
710 2526 935 2594 conclusiones
954 2524 1158 2594 deducantur
1175 2525 1210 2591 iu
1229 2525 1446 2616 questionem

301 2629 411 2697 vocari
432 2638 534 2718 potest
553 2655 560 2696 :
578 2629 606 2697 si
630 2652 708 2703 vero
733 2641 855 2701 mustet
879 2632 921 2700 de
946 2639 1109 2722 praecepto
1131 2629 1284 2699 Ecclesiae
1310 2631 1387 2698 talia
1416 2641 1449 2698 et

302 2735 377 2802 talia
399 2734 516 2803 delicta
532 2735 730 2826 judicialiter
751 2737 977 2824 denuntiandi,
1001 2736 1036 2804 id
1058 2748 1184 2806 eertum
1203 2737 1258 2828 jus
1276 2736 1366 2824 iacit,
1385 2759 1449 2805 nec

301 2850 446 2909 remanet
461 2843 719 2931 tergiversationi
732 2843 834 2913 locus.
852 2844 939 2913 Hinc
953 2843 1097 2914 maxime
1113 2843 1297 2936 repetendae
1316 2865 1358 2912 ex
1370 2843 1448 2934 jure

303 2947 440 3040 positivo
455 2947 657 3038 obligatorias
672 2950 948 3022 denuntiationes.

856 3215 898 3283 Π.

485 3381 695 3436 Denuntr'aticner
710 3381 872 3450 stiparent·
887 3398 920 3435 er
933 3385 994 3450 jure
1007 3385 1118 3450 position
1131 3387 1267 3438 communi.

352 3604 382 3667 t.
408 3599 459 3668 Ex
483 3609 644 3691 praecepto
665 3599 877 3669 ecclesiastico
896 3595 1095 3691 judicialiter
1118 3600 1305 3669 denuntiari
1329 3599 1452 3669 debent

306 3705 538 3797 impedimenta
567 3705 751 3776 celebrandi
784 3708 994 3777 matrimonii.
1027 3707 1154 3790 Quibus
1181 3707 1384 3776 documentis
1415 3709 1452 3776 id

308 3816 474 3906 probetur,
490 3826 521 3882 et
538 3835 691 3905 quaenam
706 3837 813 3883 causae
826 3816 867 3885 ab
884 3813 1042 3905 ejusmodi
1058 3815 1253 3906 obligatione
1272 3815 1452 3904 aliquando

306 3931 473 4007 excusent,
488 3921 564 3990 vide
579 3922 763 4012 expositum
776 3923 811 3990 iu
825 3921 1012 3990 tractatibus
1027 3922 1068 3991 de
1082 3921 1304 3991 matrimonio.

352 4034 383 4096 2.
403 4029 483 4096 Item
502 4029 559 4120 qui
579 4029 670 4099 novit
690 4028 916 4120 indignitatem
939 4031 1153 4121 promovendi
1172 4030 1214 4098 ad
1232 4051 1341 4099 sacros
1358 4030 1453 4098 ordi-

306 4160 376 4224 nes,
395 4144 520 4204 tenetur
534 4159 606 4205 eam
621 4136 780 4228 superiori
796 4137 1010 4207 melesiastico
1027 4137 1225 4229 judicialiter
1241 4138 1449 4206 denuntiare.

306 4242 476 4328 Quomodo
509 4243 606 4312 etiam
635 4252 757 4312 constet
794 4245 834 4314 de
868 4244 928 4314 hoc
963 4254 1125 4337 praecepto
1159 4245 1386 4335 ecclesiastico,
1419 4255 1454 4314 et
