3050 4984
282 464 343 527 308
654 478 832 526 raimerus
854 479 893 525 nn
914 478 1047 526 cuncus.

282 632 298 667 a
322 603 427 671 causis
445 601 606 693 specialia,
626 623 700 670 cum
721 602 755 669 in
779 602 869 669 omni
891 623 987 669 causa
1004 600 1108 692 judex
1134 600 1282 668 laborare
1303 598 1422 667 debeat

283 738 299 775 c
323 710 363 777 ad
385 709 456 777 lites
474 708 687 793 breviandae,
712 708 905 777 dilationum
937 707 1087 777 materias
1116 706 1332 799 amputandas
1358 714 1424 773 :et

282 846 297 882 u
321 818 472 909 aliaque
486 824 669 907 sequuntur
681 816 758 908 jura
774 825 850 885 aunt
869 816 1031 906 vulgaria.
1056 814 1120 883 Sed
1143 814 1207 883 diei
1230 822 1335 905 potest
1348 836 1422 905 spe-

280 952 297 991 c
320 924 399 993 ciale
420 922 507 1015 quod
524 923 558 991 in
582 922 632 991 his
646 922 763 991 fortius
777 945 875 1015 quam
899 923 934 990 in
953 922 1027 989 aliis
1045 921 1149 1013 judex
1177 920 1237 990 hoe
1261 921 1420 1013 poterit...

279 1060 297 1098 c
321 1032 385 1102 Sed
407 1054 534 1123 quero,
561 1052 660 1121 quam
680 1031 906 1123 exceptionem
928 1030 982 1099 vel
1001 1028 1251 1121 appellationem
1273 1051 1333 1120 per
1352 1028 1424 1097 haec

278 1166 295 1204 c
318 1138 418 1206 verbe
442 1138 519 1225 (non
539 1136 611 1204 dico
632 1159 690 1227 per
712 1135 796 1204 hane
811 1135 1089 1225 constitutionem)
1109 1134 1210 1227 possit
1230 1134 1304 1201 talis
1316 1134 1423 1226 judex

279 1274 295 1311 e
318 1244 485 1338 repellere,
512 1266 611 1336 quam
643 1244 724 1313 alter
743 1242 846 1334 judex
868 1250 1017 1310 teneatur
1038 1241 1234 1309 admittere?
1255 1241 1325 1309 Hoc
1350 1243 1424 1310 vel-

277 1379 295 1418 c
318 1353 382 1420 lem
408 1350 566 1419 doceri.»
593 1350 732 1441 (Glossa,
756 1349 798 1417 ad
821 1350 959 1417 verbum
975 1353 1141 1440 Amynan,
1166 1356 1200 1415 ct
1218 1347 1258 1417 ad
1282 1348 1423 1417 verbum

272 1458 481 1547 Dilatorias.)

316 1566 373 1633 111.
396 1564 534 1646 Quando
544 1562 647 1654 judici
662 1564 834 1633 commissa
847 1571 895 1631 est
913 1586 1010 1632 eausa
1030 1563 1212 1631 nemmaric
1228 1561 1421 1655 judicanda,

271 1682 374 1765 potest
387 1670 600 1740 nihilominus
618 1670 773 1739 adhibere
788 1692 975 1761 processum
990 1669 1207 1757 ordinarium,
1228 1670 1326 1739 modo
1337 1694 1425 1761 par-

271 1792 317 1848 tes
337 1778 550 1848 consentiant.
577 1776 612 1845 ld
639 1777 788 1869 sequitur
814 1800 855 1844 ex
880 1776 932 1844 his
956 1800 1057 1869 snpra
1079 1778 1187 1845 citatae
1209 1776 1424 1846 Clementinae

271 1886 379 1954 verbis
402 1911 409 1951 :
428 1885 468 1951 Si
485 1896 596 1951 tamen
615 1884 649 1950 in
663 1882 843 1974 prensans
862 1883 987 1951 casibus
1006 1883 1158 1951 solemnis
1176 1882 1257 1951 ordo
1269 1882 1424 1974 jndicia-

270 1994 339 2060 rias
361 1990 396 2059 in
412 2004 479 2060 teto
495 1990 546 2058 cel
559 1990 594 2057 in
607 2002 716 2080 parte,
739 2012 806 2057 non
820 1988 1115 2058 contradicentibus
1129 1989 1295 2081 partibas,
1311 1991 1424 2059 obser·

270 2111 375 2179 vetar,
393 2119 459 2165 non
473 2097 534 2163 crit
543 2118 713 2186 processus
720 2108 861 2187 propter
875 2096 936 2163 doc
948 2095 1064 2163 irritas
1076 2095 1129 2163 oet
1140 2094 1336 2165 irritandas.

316 2205 374 2275 lv.
404 2202 490 2284 Quid
517 2224 595 2271 vero
621 2204 647 2269 si
669 2201 786 2293 judici,
809 2224 875 2270 nou
899 2202 1033 2293 quidem
1056 2201 1239 2293 injunctum
1261 2202 1364 2272 luerit
1387 2214 1425 2273 nt
1514 2193 1515 2229 ³

272 2312 449 2381 summarie
469 2308 621 2402 procedat
647 2311 694 2401 (ut
717 2310 849 2401 quando
869 2310 959 2401 Papa
978 2309 1076 2379 alicui
1097 2310 1272 2380 committit
1289 2332 1424 2381 causam

271 2417 451 2489 summarie
470 2416 734 2506 terminandam),
757 2415 814 2483 sed
840 2417 915 2507 ipsi,
938 2438 980 2485 ex
1005 2425 1123 2485 nature
1141 2439 1262 2503 cause,
1285 2418 1425 2487 leonillae

271 2527 366 2593 detur
380 2548 400 2592 a
412 2524 487 2616 jure
503 2524 679 2591 summarie
691 2523 914 2614 procedendi?
928 2525 982 2591 An
999 2532 1076 2592 tuna
1092 2524 1205 2591 saltem
1220 2526 1339 2616 poterit
1354 2526 1425 2593 sine

271 2654 423 2699 consensu
440 2630 594 2720 partiam
614 2652 801 2720 processum
821 2629 1025 2699 ordinarium
1045 2629 1235 2699 institueret
1249 2630 1320 2721 Ego
1340 2642 1423 2723 puto

271 2738 394 2829 requiri
408 2738 505 2805 etiam
521 2738 557 2804 in
574 2736 635 2805 hoe
653 2758 730 2804 casu
744 2756 938 2804 consensum
955 2737 1109 2827 pestium,
1129 2744 1161 2805 et
1175 2736 1347 2806 deficiente
1360 2739 1424 2808 hoc

272 2866 443 2930 consensu,
466 2842 570 2911 teneri
586 2841 730 2934 judicem
754 2842 932 2909 summarie
959 2842 1145 2933 procedere.
1169 2843 1253 2913 Nam
1274 2845 1365 2936 quod
1387 2847 1424 2914 in

272 2951 368 3019 certis
381 2950 489 3018 causis
502 2950 602 3042 possit
619 2950 796 3017 summarie
805 2948 949 3040 procedi,
960 2962 1009 3017 est
1023 2949 1118 3019 lavor
1130 2974 1151 3017 a
1161 2950 1236 3042 jura
1247 2974 1425 3021 concessus

272 3058 435 3148 pertibus3
447 3056 535 3124 unde
549 3078 615 3123 non
632 3065 769 3146 possunt
781 3056 894 3124 invitm
908 3055 970 3124 hoc
981 3056 1139 3126 beneficio
1155 3057 1293 3148 privari.
1310 3060 1423 3151 Atque

273 3162 305 3228 id
323 3164 456 3255 insuper
477 3161 559 3229 mihi
571 3160 702 3231 videtur
722 3162 868 3251 rigorose
879 3161 996 3231 deduci
1007 3186 1048 3231 ex
1062 3163 1133 3254 ipso
1142 3162 1250 3232 citatae
1267 3166 1424 3235 Clemen-

229 3330 238 3350 ,
272 3270 351 3336 tinoe
365 3276 457 3335 textu
471 3295 478 3335 :
491 3291 566 3336 nam
581 3268 669 3359 quod
684 3269 730 3335 ibi
743 3267 913 3337 diciturde
926 3268 1076 3337 facultate
1091 3271 1286 3339 observandi
1298 3273 1424 3341 solem·

272 3396 347 3441 nem
375 3375 523 3442 ordinem
546 3396 609 3441 non
633 3373 928 3443 contradicentibus
948 3374 1116 3466 partibus,
1141 3377 1240 3445 refert
1265 3378 1420 3449 Pontifex

272 3483 374 3549 etiam
390 3480 430 3549 ad
447 3480 520 3549 illos
533 3504 639 3567 casus,
656 3482 692 3549 in
707 3481 892 3572 qaidtnper
906 3482 1011 3550 aliam
1026 3482 1284 3552 constitutionem
1306 3508 1419 3569 mam,

271 3586 323 3654 cel
335 3587 431 3665 alias,
446 3585 580 3674 procedi
589 3599 698 3677 potest
707 3586 902 3677 simpliciter
915 3600 946 3655 et
961 3587 1001 3656 de
1010 3588 1116 3679 plano
1130 3611 1170 3656 ac
1182 3588 1249 3656 sine
1261 3593 1418 3681 strepitu,

271 3708 301 3761 et
312 3696 425 3785 ficara
434 3692 571 3785 judicii.
594 3694 682 3785 Ergo
698 3716 872 3763 commune
892 3704 942 3763 est
955 3696 1109 3763 omnibus
1131 3696 1259 3764 casibus
1283 3698 1318 3764 in
1341 3699 1423 3790 qui·

270 3801 333 3869 bus
345 3800 475 3893 procedi
490 3807 594 3890 potest
606 3800 797 3881 summarie,
810 3809 847 3869 ut
855 3801 982 3868 institui
996 3810 1135 3891 nequeat
1146 3823 1316 3891 processus
1325 3804 1424 3872 ordi-

272 3908 388 3975 narius
402 3908 470 3974 sine
484 3927 638 3975 conserrsn
650 3907 816 3997 partiam.

315 4014 524 4083 Contrarium
546 4022 653 4080 tamen
675 4013 780 4081 tenuit
799 4014 918 4103 glossa,
939 4038 1014 4106 quse
1036 4016 1082 4083 sie
1104 4015 1254 4085 habetad
1277 4016 1422 4088 verbum

270 4124 346 4193 Non
361 4118 654 4190 contradicentibus
669 4146 680 4186 .·
699 4146 716 4185 a
731 4120 842 4189 lnnuit
855 4121 942 4212 quod
959 4122 1105 4212 partibus
1120 4124 1423 4195 contradicentibus

273 4256 290 4297 c
314 4252 379 4297 non
405 4228 505 4323 possit
524 4227 721 4321 judiciorum
748 4227 856 4317 figura
877 4229 929 4297 vel
950 4229 1148 4317 solemnitas,
1170 4229 1258 4299 ultra
1277 4230 1311 4298 id
1327 4236 1423 4325 quod

1514 2401 1516 2487 l

1512 2493 1515 2594 l

1512 2621 1514 2702 l

1511 2709 1513 2810 l

1510 2835 1512 2916 l
