3050 4984
529 540 604 587 rsus
626 540 770 588 sscunns.
1158 521 1219 586 ne

80 655 238 726 uitstibus
252 658 349 745 fecto,
364 670 396 728 et
409 683 484 728 cum
497 661 634 752 duplicis
648 661 816 730 sententiae
830 661 1006 731 conformis
1021 663 1220 748 necessitate,

76 768 147 858 jem
158 769 228 860 ipss
235 790 333 836 ccuss
344 768 501 837 nullitntis
511 768 669 858 implicite
680 777 711 836 et
725 769 764 836 de
774 769 858 837 tecto
868 767 1034 838 ordinarie
1043 769 1218 838 dirimitur.

79 872 176 944 Unde
190 874 352 966 ejusmodi
368 897 553 966 processum
562 875 724 964 exigendo
738 874 779 943 nd
796 874 1032 944 concedendam
1046 876 1223 945 restitutio·

78 1005 156 1050 nem
170 983 206 1050 in
219 983 398 1072 integrum,
415 983 647 1074 {equivalenter
661 981 702 1050 ds
716 982 800 1050 fecto
815 982 973 1051 restitutio
984 983 1056 1050 haec
1070 983 1223 1051 omnibus

77 1089 283 1176 conceditur3
309 1089 468 1181 siquidem
490 1090 645 1158 omuibus
663 1089 851 1158 conceditur
873 1100 909 1158 nt
929 1112 987 1182 per
1008 1091 1093 1182 juris
1114 1091 1220 1181 apices

75 1195 283 1288 expendatur
292 1197 384 1264 vetor
398 1198 559 1264 rationum
571 1219 652 1286 quas
667 1196 809 1285 allegant
823 1195 863 1264 ad
876 1195 1075 1288 probandum
1092 1196 1220 1287 profes-

76 1304 179 1372 sionis
193 1325 263 1371 suae
274 1303 467 1371 nuditatem.
485 1302 581 1387 Hinc,
599 1303 672 1371 ticet
687 1302 854 1385 indirecte,
869 1303 905 1370 iu
925 1325 960 1370 re
972 1311 1079 1370 tumen
1093 1302 1219 1370 sublate

74 1408 326 1478 est'l'ridentine
340 1409 528 1501 prohibitio,
545 1409 586 1478 de
606 1433 672 1478 non
687 1409 858 1478 audiendis
872 1410 914 1477 iis
933 1411 990 1500 qui
1010 1409 1219 1500 professionis

74 1541 147 1588 snus
162 1517 343 1586 nullitatem
358 1515 573 1606 praetendunt‚
589 1517 654 1585 nisi
674 1518 765 1584 intra
780 1516 1040 1608 quinquennium
1056 1516 1218 1584 reclama-

72 1626 194 1694 verint.
216 1623 252 1691 Id
276 1632 404 1692 tuntum
425 1623 618 1714 particulare
639 1633 700 1708 est,
723 1622 855 1714 quando
884 1623 1068 1691 reclamatio
1091 1621 1127 1690 tit
1146 1631 1218 1713 post

73 1727 353 1820 quinquennium,
370 1725 457 1816 quod
478 1749 574 1795 ceusu
593 1750 659 1796 nou
683 1728 827 1819 subjacet
845 1728 1011 1818 judicibus
1031 1725 1216 1813 ordinariis,

73 1835 133 1904 sed
147 1845 331 1903 reservatur
346 1833 424 1902 Sedi
439 1833 646 1924 Apostolum
662 1845 771 1925 utpote
785 1857 804 1902 u
819 1857 884 1926 que
895 1833 1071 1903 obtinenda
1085 1842 1133 1902 cst
1147 1856 1216 1902 res-

75 1944 419 2032 tituticiuiutegrum.
