3050 4984
577 535 653 587 rens
673 539 820 587 secunus.
1199 515 1261 588 ttt

121 659 283 749 cintrstris,
302 674 335 731 et
363 662 509 731 hobitum
537 660 720 750 regularem
737 658 962 750 resumpsisse,
977 659 1003 727 si
1029 661 1138 751 ipsum
1169 671 1263 730 entes

119 767 316 858 deposuerit.
348 769 471 860 (Capite
495 771 548 855 ts,
575 789 653 836 sess.
672 769 714 834 tt
740 765 868 835 consilii
892 765 1097 852 Tridentini;
1115 775 1147 835 et
1169 768 1265 836 oitnts

120 874 215 943 bulla
227 877 270 944 Si
285 875 426 966 datam.)

164 981 241 1051 ΧΠ.
267 985 304 1050 in
320 982 509 1074 hujusmodi
523 982 734 1078 expediendis
756 981 863 1050 osusis
889 980 1108 1050 conficiendus
1132 992 1180 1050 est
1206 1007 1263 1051 ve·

119 1111 180 1157 rns
193 1098 226 1158 et
236 1089 401 1182 judicialis
412 1112 580 1180 processus
597 1116 605 1159 ε
631 1090 773 1158 Veientes
797 1102 896 1180 atque
910 1088 1053 1157 districte
1067 1089 1263 1159 mandantes

123 1209 162 1263 ut
183 1196 231 1265 ad
242 1195 456 1265 adstruurdas
466 1197 674 1288 probationes
686 1197 722 1264 in
736 1194 932 1286 hujusmodi
945 1195 1052 1264 causis
1067 1198 1261 1265 necessarias

119 1327 215 1372 verus
230 1317 260 1372 et
269 1304 444 1397 judicialis
454 1325 619 1395 processus
632 1305 764 1371 omnino
779 1303 989 1393 conflentum·
1001 1303 1035 1370 iu
1050 1325 1114 1394 quo
1128 1317 1159 1371 et
1172 1305 1261 1372 orti-

120 1411 190 1478 culi
203 1411 419 1479 exnibeantur
431 1434 472 1479 eu
482 1423 581 1501 parte
594 1410 683 1477 illius
693 1410 752 1500 qui
764 1408 918 1478 adrasus
927 1409 1159 1500 professionem
1170 1412 1262 1500 apit,·

119 1529 151 1585 et
163 1517 415 1608 interropotoria
429 1517 550 1586 dentur
562 1516 605 1584 alr
614 1539 652 1584 ea
662 1529 774 1608 parte,
791 1537 863 1606 quse
874 1527 940 1584 stat
945 1539 1011 1607 pro
1025 1516 1125 1606 ipsius
1134 1519 1261 1607 prases-

118 1625 219 1694 sionis
240 1625 431 1707 validitate,·
456 1637 488 1693 et
512 1636 604 1693 testes
630 1637 702 1692 tam
726 1645 825 1714 super
848 1623 1007 1702 articulis,
1031 1647 1132 1714 quam
1154 1626 1261 1714 jueta

117 1731 316 1822 hujusmodi
330 1733 585 1823 interropatoria
606 1730 840 1798 examinentur
846 1754 859 1811 ;
877 1743 977 1820 utque
989 1730 1052 1798 huc
1069 1733 1179 1820 [armo
1195 1755 1261 1800 non

116 1851 260 1921 seruata,
276 1861 445 1931 processus
459 1840 537 1928 ipse,
555 1850 586 1906 et
601 1836 760 1906 sententia
782 1835 996 1928 dependenter
1016 1837 1058 1905 ab
1076 1860 1113 1905 eo
1126 1839 1261 1928 prolata

118 1945 295 2014 insanabili
321 1944 484 2014 nullitatis
511 1945 591 2012 uitio
624 1966 775 2012 corruere
804 1955 1015 2025 remeantum
1040 1945 1134 2012 salua
1159 1946 1260 2012 etiam

118 2052 328 2143 dispositione
348 2052 440 2143 juris
462 2051 645 2119 communis
669 2049 782 2141 quoad
804 2050 874 2118 alia
896 2049 1061 2118 nullitatis
1083 2051 1207 2142 capita,
1233 2053 1263 2120 si

116 2181 192 2250 pue
203 2162 289 2249 sorte
299 2160 336 2227 in
350 2159 422 2251 ipso
432 2179 598 2248 processus
611 2156 825 2247 completione
840 2157 1081 2225 interemerint.
1099 2158 1204 2248 (Bulla
1220 2161 1262 2228 Si

118 2265 262 2356 datam.)

161 2372 250 2441 xttt.
277 2371 378 2442 Citnri
402 2373 532 2456 debent,
549 2379 620 2439 tum
649 2369 836 2439 defensores
853 2371 1041 2438 monosterii
1066 2394 1123 2439 ssu
1150 2395 1258 2441 oceno-

114 2477 180 2563 hii3
199 2488 268 2546 tum
285 2478 422 2569 professi
437 2478 540 2568 ipsius
554 2476 801 2564 consanguinei,
817 2475 885 2543 sive
903 2476 1090 2567 propinqui,
1104 2476 1173 2544 sive
1188 2479 1256 2564 alii,

113 2583 236 2674 quihus
249 2584 336 2653 bons
358 2606 418 2652 sue
442 2583 577 2652 donavit
597 2590 655 2651 ant
669 2581 783 2660 oessit;
807 2590 877 2650 tum
894 2584 1004 2651 caeteri
1030 2605 1156 2670 omnes,
1175 2609 1257 2677 qno·

114 2712 190 2758 rum
214 2691 348 2759 interest
371 2689 459 2757 illius
484 2689 719 2780 professionem
745 2686 888 2756 validam
911 2689 1075 2759 sustineri.
1098 2690 1204 2780 (Bulls
1217 2694 1258 2761 Si

115 2795 259 2886 datam)

158 2905 250 2972 xlv.
274 2903 488 2995 Deputsndus
509 2912 558 2970 est
582 2902 623 2970 ab
647 2925 845 2993 unoquoque
870 2902 1044 2971 Ordinatio
1068 2903 1102 2970 in
1128 2905 1257 2975 dimersi

112 3035 174 3080 sna
197 3011 342 3103 deserum
363 3008 614 3101 prosersionum,
641 3008 683 3076 sd
710 3010 815 3076 instar
840 3009 1020 3077 defensoris
1038 3012 1254 3082 matrimonii.

115 3119 224 3207 (Bnlls
236 3119 277 3186 Si
291 3117 433 3206 datam.)

156 3224 233 3296 XV.
252 3226 475 3315 Quascumque
492 3227 611 3291 stotuts
635 3231 713 3290 sunt
727 3221 835 3313 quoad
860 3221 1063 3291 defensorem
1088 3229 1256 3296 matrimo-

111 3331 173 3413 nii,
189 3332 299 3399 vslent
322 3329 499 3422 respective
521 3329 628 3420 qnosd
638 3329 881 3420 professionum
896 3327 1075 3418 &lunares
1094 3332 1202 3421 (Bulla
1216 3337 1258 3404 Si

111 3439 256 3530 datam.)

156 3547 247 3616 xvt.
274 3547 436 3638 Expensae
461 3569 520 3639 pro
536 3546 711 3615 honorario
731 3543 910 3613 defensoris
925 3544 1164 3636 professionum
1189 3550 1264 3618 sol-¹

110 3655 230 3723 vendre
253 3662 330 3722 snnt
345 3652 386 3722 eb
411 3653 487 3740 illis,
509 3653 629 3744 quibus
641 3651 814 3739 religiosus
830 3649 997 3742 professus
1011 3653 1098 3721 bona
1112 3678 1171 3724 sus
1185 3679 1254 3724 oes-

109 3762 165 3830 sit.
183 3760 219 3829 Si
236 3760 314 3828 tales
328 3781 394 3828 non
408 3759 561 3846 existent,
584 3758 711 3826 solvere
726 3757 821 3826 debet
840 3757 968 3847 religio,
984 3759 1082 3828 modo
1096 3769 1203 3829 temen
1216 3763 1256 3832 de

109 3869 153 3937 iis
179 3869 222 3934 sit
246 3888 321 3957 quse
346 3867 432 3934 bona
461 3864 653 3956 temporalis
679 3863 847 3955 possidere
873 3872 990 3954 potest.
1010 3863 1046 3932 Si
1075 3867 1155 3935 ordo
1170 3870 1256 3938 bona

110 3995 179 4044 non
206 3974 380 4064 possideat,
408 3995 467 4041 neo
481 3974 548 4040 sint
571 3973 692 4063 quibus
709 3970 884 4060 religiosus
908 3972 1073 4061 professus
1096 3972 1181 4043 bone
1196 3999 1255 4046 sno

109 4081 286 4162 dimiserit,
304 4079 438 4148 satisfiet
450 4102 491 4148 ex
508 4078 638 4148 mulctis
652 4078 742 4146 illios
750 4078 935 4161 tribunalis,
953 4079 986 4145 in
999 4101 1064 4168 quo
1077 4102 1174 4149 censs
1184 4087 1253 4172 sgi-

113 4196 181 4257 tnte
195 4187 306 4272 inerit,
322 4197 420 4277 prout
433 4185 474 4256 de
487 4184 689 4254 matrimonii
705 4183 873 4254 defensore
886 4192 1041 4254 stetutum
1056 4185 1128 4254 fuit.
1151 4189 1256 4280 (Bulla

72 4299 78 4316 '
115 4295 157 4366 Si
169 4293 313 4386 datam)
