3050 4984
312 480 376 545 282
685 501 862 547 salamnus
882 502 922 548 os
944 502 1077 549 turmis.

308 618 350 688 ad
366 619 634 711 interponendam
661 620 910 713 appellationem
936 622 1067 693 oonoedi
1094 625 1229 693 omnino
1245 631 1373 694 aemam
1397 625 1438 692 sit.

309 726 443 796 Constat
457 750 498 796 ex
512 728 722 820 sequentibus
734 730 820 821 juris
837 730 999 799 textibus:
1018 732 1194 822 cumpost
1204 730 1314 801 1100001
1325 732 1440 802 dimam

309 835 455 926 spatium
467 836 626 905 sententia
640 836 676 903 ln
687 837 918 905 anctoritatem
932 838 981 905 rei
989 849 1137 906 transcat
1143 838 1321 930 judicatas,
1337 841 1397 931 qui
1406 838 1442 908 al

303 942 546 1034 provocationis
559 942 741 1013 subsidium
760 945 851 1011 intra
864 943 901 1013 id
921 945 1076 1035 temporis
1089 968 1154 1013 non
1168 946 1320 1029 recurrit,
1338 949 1441 1041 appel·
1491 927 1497 1042 1

309 1048 404 1117 landr'
415 1048 477 1118 siti
491 1048 621 1119 aditum
635 1050 805 1143 deneqavit
822 1053 929 1143 (caput
941 1051 1038 1135 Quod
1049 1051 1097 1121 ad
1108 1054 1383 1123 consultationem
1398 1060 1439 1140 15,
1496 1065 1497 1084 ’

310 1158 360 1225 tit.
390 1161 446 1243 27,
471 1157 549 1228 libri
573 1161 592 1225 2
617 1158 863 1248 Decretalium).
891 1160 1082 1228 Statnimas
1108 1172 1146 1228 nl
1174 1160 1217 1229 ab
1232 1160 1437 1243 electionilto,

306 1264 596 1355 postulationibus,
610 1264 865 1356 provisionibus,
880 1279 911 1333 et
920 1264 1115 1357 quibuslibet
1128 1265 1441 1358 entra-jadicmlilas
1494 1271 1497 1346 '1

309 1372 445 1454 actibus,
464 1372 499 1440 in
525 1372 640 1463 quibas
661 1384 768 1461 potest
784 1372 963 1464 appellatio
989 1372 1168 1465 interponi,
1186 1373 1330 1465 quisquis
1354 1374 1441 1443 00011

308 1493 486 1571 praeatum
500 1502 533 1547 se
556 1493 724 1571 reputans,
736 1502 799 1570 per
812 1480 1043 1571 appellationis
1068 1480 1259 1572 beneficiam
1272 1504 1442 1573 pronomen
1493 1523 1498 1606 1

307 1588 442 1656 illatum
456 1585 686 1655 desideraverit
700 1588 858 1667 revocari,
872 1588 962 1655 intra
983 1586 1092 1656 decem
1107 1586 1174 1656 dias
1185 1600 1363 1680 postquam
1380 1610 1441 1656 res·
1493 1609 1499 1656 t

311 1694 566 1776 clamatione
582 1694 723 1785 appellet
739 1722 750 1761 .·
760 1707 839 1785 post
851 1693 1040 1763 decendium
1053 1718 1127 1763 vero
1142 1694 1247 1763 cidem
1261 1694 1371 1764 aditus
1384 1718 1442 1762 non
1494 1711 1498 1764 t

304 1812 424 1894 pateat
448 1800 640 1892 appellandi
671 1804 752 1892 1001).
773 1802 1017 1870 Goncertatiom‘
1045 1806 1077 1887 8,
1095 1801 1135 1871 de
1157 1802 1439 1894 rtppellalr'onllns¹

309 1908 344 1975 in
372 1908 416 1997 6).
436 1906 528 1975 Alios
543 1915 651 1975 textus
673 1906 713 1975 ad
730 1906 819 1976 idem
835 1906 1041 1999 probandum
1059 1906 1193 1976 idoneos
1206 1906 1281 1975 vide
1296 1905 1442 1974 indicatos

312 2014 399 2105 apud
415 2013 708 2104 Schmalrgrueher
725 2015 772 2105 (in
788 2014 835 2082 tit.
852 2018 892 2081 28
898 2066 908 2099 ,
923 2013 999 2082 libri
1013 2017 1032 2080 2
1049 2013 1190 2097 nemea,
1208 2034 1244 2079 n.
1262 2012 1331 2104 711.

356 2122 436 2189 Duas
451 2130 562 2189 autem
576 2120 680 2190 eitatae
693 2119 867 2189 decretales
882 2119 982 2188 simul
996 2120 1136 2211 probant
1150 2118 1306 2187 eumdem
1321 2118 1442 2212 praefigi

312 2232 351 2295 to
368 2227 499 2295 dierum
515 2228 705 2311 terminum,
722 2227 791 2296 sive
803 2227 845 2295 ab
863 2227 989 2295 actibus
1002 2227 1037 2294 in
1050 2225 1176 2318 judicio
1191 2226 1304 2316 gestis,
1329 2227 1394 2294 sive
1407 2225 1442 2292 01

309 2336 434 2405 actibus
449 2334 769 2427 extra-judicialibus
782 2334 973 2427 appelletur.

354 2443 404 2511 Ab
427 2443 487 2511 hac
502 2442 645 2531 generali
668 2442 782 2531 regula
795 2441 1007 2533 excipiendus
1020 2450 1069 2511 est
1083 2464 1178 2510 casus
1193 2464 1259 2533 quo
1274 2462 1443 2531 gravamen

309 2550 441 2621 haberet
457 2558 594 2617 tractum
610 2548 849 2634 successivam
879 2549 969 2617 verbi
995 2548 1111 2638 gratia,
1136 2549 1165 2617 si
1186 2549 1262 2640 quis
1276 2548 1392 2618 citetur
1405 2546 1442 2613 ad

307 2656 417 2723 locum
444 2678 510 2723 non
526 2664 634 2724 tutum
653 2682 660 2722 ε
681 2665 758 2724 tunc
774 2656 864 2724 enim
878 2656 1041 2747 appellare
1054 2666 1210 2744 gravatus
1220 2655 1337 2746 poterit
1354 2655 1442 2722 etiam

309 2772 381 2853 post
404 2761 598 2831 decendium
612 2791 619 2843 ;
637 2762 728 2831 verbi
742 2763 860 2851 gratia,
878 2763 971 2830 toties
986 2762 1111 2853 quoties
1127 2761 1169 2829 ad
1185 2762 1292 2830 locum
1316 2784 1380 2829 non
1393 2768 1443 2828 tu-

309 2880 379 2937 tum
394 2870 511 2938 citatur
522 2897 531 2957 ;
541 2870 619 2961 quia
631 2892 758 2961 semper
772 2870 812 2937 de
824 2893 910 2939 novo
923 2879 1092 2958 gravatur.
1107 2868 1208 2960 {Vide
1219 2872 1345 2938 Forum
1354 2867 1443 2937 acte-

307 2976 475 3044 siastt'cnm
500 2976 665 3063 Lemouii,
682 2977 717 3045 in
742 2976 791 3044 tit.
817 2980 872 3062 28,
889 2976 965 3044 libri
981 2980 1000 3043 2
1018 2976 1160 3063 Deerat,
1177 3000 1211 3068 q.
1232 2978 1267 3043 11
1278 2979 1331 3062 ta,
1347 2999 1381 3043 n.
1398 2973 1440 3063 3.)

308 3084 389 3151 ltem
405 3081 617 3176 excipiendus
642 3105 736 3152 casus
751 3106 817 3174 quo
830 3083 1044 3175 appellatura
1063 3083 1256 3172 gravamine
1271 3080 1441 3174 inserendo.

308 3188 400 3257 Tune
411 3190 501 3258 enim
518 3212 649 3281 semper
661 3190 818 3282 appellari
833 3198 936 3280 potest
949 3199 1022 3259 ante
1034 3212 1212 3278 gravamen
1228 3189 1268 3257 de
1281 3187 1442 3259 100101110-
1499 3190 1501 3273 1

307 3304 389 3364 tum.
410 3296 727 3387 (schmalzgruahen
745 3296 780 3363 in
795 3296 844 3364 111.
864 3295 992 3383 28,1111.
1010 3300 1030 3364 2
1045 3298 1189 3384 Decret,
1205 3319 1240 3364 n.
1260 3296 1330 3387 73.)
1499 3277 1501 3404 1

351 3404 494 3485 Qonsmo
510 3408 556 3472 3³.
575 3443 618 3457 -
636 3402 776 3488 Quando
792 3427 920 3473 currere
936 3405 1073 3496 incipiat
1085 3403 1274 3473 decendium
1282 3404 1330 3475 ad
1336 3404 1443 3496 appel·
1499 3409 1501 3508 1

307 3511 446 3580 landam
469 3517 673 3581 concessam?
695 3516 791 3578 --1ο
816 3512 851 3581 si
867 3534 1012 3603 praesens
1026 3511 1126 3581 luerit
1150 3512 1205 3581 ille
1225 3522 1340 3581 contra
1353 3532 1441 3603 quem
1499 3513 1501 3626 1

307 3619 465 3687 sententia
488 3619 729 3711 pronuntiatur,
747 3618 862 3710 incipit
885 3617 1077 3688 decendium
1099 3642 1266 3688 currerea
1286 3628 1443 3688 momento
1499 3628 1501 3742 1

307 3726 381 3795 latae
407 3726 574 3793 sententiae
593 3752 600 3792 :
617 3725 670 3794 sin
687 3748 764 3793 vero
779 3725 895 3793 absens
910 3723 1019 3812 fuerit,
1038 3748 1058 3792 a
1077 3733 1241 3794 momento
1257 3722 1442 3816 cognitionis
1499 3747 1501 3806 g

307 3834 447 3903 obtentae
464 3832 503 3899 de
528 3832 593 3901 lata
608 3831 768 3901 sententia
785 3859 793 3899 :
811 3832 857 3900 ita
870 3829 1017 3901 doctores
1041 3832 1273 3918 communiter,
1303 3841 1397 3925 atque
1410 3827 1441 3895 id
1499 3809 1501 3914 1

306 3939 506 4009 concludunt
519 3962 560 4007 ex
574 3940 675 4031 eapite
691 3938 743 4008 Ad
756 3940 1028 4009 comaltationem
1048 3941 1115 4032 115,
1130 3938 1171 4009 de
1184 3941 1356 4009 Sollentia
1370 3951 1399 4007 at
1410 3960 1443 4004 re
1499 3939 1501 3992 l

301 4048 413 4139 jad),
429 4070 470 4115 ex
486 4047 589 4139 capite
608 4046 848 4117 Gonoertationi
859 4047 905 4137 (8,
922 4046 962 4115 dc
976 4047 1117 4138 Appett„
1134 4047 1169 4114 in
1187 4047 1233 4137 e),
1250 4046 1435 4115 00001100-

305 4158 367 4225 tica
393 4156 498 4227 Hodie
517 4157 556 4247 (e.
582 4154 621 4224 de
647 4153 802 4250 Amat),
827 4178 869 4224 ex
885 4154 955 4245 lege
971 4153 1144 4243 Siquidem
1173 4155 1200 4245 11
1208 4206 1218 4243 ,
1246 4154 1282 4223 ff.
1311 4150 1439 4239 Ouarada
1499 4151 1501 4170 *

306 4264 521 4355 appelland.).
1499 4297 1501 4307 ι
