3050 4984
571 513 645 559 rias
667 512 814 560 amaror.
1217 493 1255 559 59

120 630 329 701 clesiasticum
356 633 482 702 transiit
510 655 551 702 ex
576 635 713 723 analoga
736 634 820 725 juris
841 633 981 702 Romani
1005 633 1076 723 lege
1105 637 1187 702 nee
1211 634 1256 722 (7,

121 739 154 806 li.
170 739 210 806 de
220 742 348 809 Mune.
362 753 393 808 et
406 741 551 832 bonon),
564 743 597 808 in
611 763 676 832 qua
690 741 736 809 sic
751 739 937 809 decernitur
950 765 957 808 :
970 738 1040 810 Sed
1047 753 1121 832 post
1133 761 1259 808 annum

121 868 220 936 mam
236 869 309 914 reus
329 845 494 937 delepatus
515 859 572 930 est,
587 861 697 940 petere
715 849 853 915 honores
875 869 943 915 non
963 847 1157 938 prohibetur
1172 873 1183 913 .·
1199 848 1262 914 nisi

118 975 176 1044 per
189 955 300 1046 ipsum
313 953 400 1022 stetit
416 955 591 1046 quominus
605 977 704 1024 eausa
720 955 811 1022 intra
826 976 952 1022 armum
966 953 1173 1044 expediatur.

163 1079 293 1147 Resona
318 1081 365 1146 4².
389 1118 434 1130 —
452 1079 661 1148 denuntiatio
682 1103 748 1148 non
771 1079 909 1172 impedit
929 1080 1073 1161 donaris,
1089 1079 1260 1169 dipnitotis

120 1197 177 1252 out
203 1186 305 1276 officii
330 1185 649 1254 administrationem
676 1209 731 1254 seu
757 1187 960 1256 exercitium.
981 1187 1093 1254 -Ita
1114 1187 1260 1255 doctores

120 1293 346 1380 communiter,
371 1293 497 1361 fundati
522 1295 622 1362 variis
646 1295 730 1385 juris
753 1293 893 1362 Romani
919 1294 1073 1378 textibus,
1095 1295 1259 1385 praecipue

119 1399 187 1488 lege
202 1402 235 1484 1,
248 1397 284 1466 11.
299 1398 338 1468 de
351 1399 527 1482 Postulat,
542 1401 577 1468 in
592 1423 657 1492 qua
671 1401 716 1468 sio
732 1400 890 1469 babetur:
909 1426 927 1465 a
941 1399 1006 1469 Sed
1024 1399 1140 1469 melius
1152 1408 1213 1484 eat,
1224 1410 1261 1469 ut

122 1531 139 1570 s
159 1506 301 1574 retinere
312 1505 444 1597 quidem
456 1506 601 1574 dicamus
611 1505 679 1597 jam
688 1514 856 1598 acceptum
869 1506 1106 1594 stragistratum,
1116 1508 1259 1598 aspirare

122 1638 138 1677 ι
159 1620 271 1679 antem
286 1612 326 1680 ad
344 1634 466 1680 novum
482 1615 612 1704 penitus
625 1611 837 1704 prohiberi.»

159 1735 291 1804 Recens
311 1741 355 1804 5².
373 1776 418 1789 -
431 1736 630 1806 Praecedenti
651 1737 775 1828 repulse
798 1737 898 1806 datur
916 1740 1060 1830 exceptio
1078 1739 1147 1808 linc
1164 1766 1171 1807 :
1190 1743 1259 1808 Su-

115 1843 226 1931 perior
236 1866 258 1910 o
270 1843 407 1912 subditis
421 1843 643 1927 denuntiatus,
653 1867 718 1912 non
725 1858 836 1937 potest
844 1845 1006 1935 pendente
1017 1845 1260 1914 denuntiatione

117 1971 262 2016 caerem
269 1949 535 2038 jurisdictionem
548 1973 644 2018 suam
659 1949 770 2040 quoad
788 1951 967 2040 nepotum,
982 1951 1068 2019 circa
1083 1950 1171 2042 quod
1183 1973 1258 2019 ver-

116 2068 210 2122 satur
224 2055 429 2124 denuntiatio
445 2083 455 2123 :
472 2057 550 2124 item
572 2057 602 2124 si
623 2055 834 2125 denuntietur
848 2056 1098 2149 dilapidationis
1113 2080 1198 2138 reus,
1216 2058 1259 2124 ab

116 2161 401 2231 administratione
417 2164 577 2231 bonorum
594 2175 791 2231 removetur.
809 2203 853 2214 -
867 2165 1000 2232 Constat
1020 2164 1111 2254 prior
1124 2186 1201 2255 pars
1214 2187 1256 2232 ex

115 2267 268 2338 decretali
289 2271 377 2338 Olim
393 2271 459 2358 (26,
478 2271 527 2336 tit.
548 2274 579 2354 1,
597 2269 672 2338 libri
700 2275 717 2336 b
745 2270 989 2358 Decretalium),
1004 2271 1039 2336 in
1059 2293 1125 2360 qua
1149 2271 1258 2359 agitur

115 2373 154 2442 de
180 2375 326 2465 quodem
352 2376 493 2444 Praelata
513 2399 532 2444 a
551 2376 689 2444 subditis
716 2377 784 2444 suis
814 2377 1004 2444 denuntiato
1028 2403 1036 2442 :
1059 2377 1257 2444 annulantes

115 2504 232 2573 nempe
245 2483 606 2566 excommunicationes,
623 2483 852 2573 suspensiones
866 2490 898 2549 et
910 2481 977 2549 alia
992 2481 1130 2567 decreta,
1146 2482 1187 2548 ab
1200 2482 1258 2548 illo

115 2587 255 2656 Praelato
276 2598 389 2656 contra
411 2587 656 2658 denuntiatores
682 2611 769 2674 suos,
788 2597 860 2679 post
880 2586 1156 2656 denuntiationem
1179 2609 1257 2677 pre-

115 2693 189 2762 latu.

155 2799 310 2868 Secunda
329 2821 403 2890 pars
423 2808 547 2868 constat
571 2801 673 2890 capite
695 2800 915 2868 Praelatorum
932 2803 999 2891 (27,
1014 2801 1064 2867 tit.
1086 2803 1116 2884 1,
1135 2798 1209 2867 111)ιί
1236 2805 1253 2866 5

17 2957 18 2966 ι
114 2906 359 2996 decretalium),
377 2909 412 2974 in
432 2931 497 2998 quo
523 2906 562 2974 de
583 2907 773 2995 Frisigiensi
794 2907 966 2998 Episcopo,
982 2929 1003 2974 a
1022 2907 1183 2975 canonicis
1200 2907 1256 2974 de-

114 3015 263 3081 nuntiato
278 3013 365 3104 quod
381 3015 466 3081 bona
481 3013 631 3082 Ecclesia
648 3011 852 3103 dilapidaret,
870 3013 916 3079 sic
931 3013 1018 3080 inter
1030 3013 1094 3080 alia
1108 3011 1255 3080 decerni·

17 3187 18 3196 ,
114 3130 192 3186 tur:
215 3147 233 3185 a
258 3119 418 3187 Potestate
442 3119 615 3204 vendendi,
633 3119 745 3203 dandi,
768 3117 969 3204 infeudandi,
990 3143 1048 3187 seu
1074 3119 1255 3210 quomedo-

17 3199 19 3310 l
118 3251 133 3288 ι
155 3225 234 3294 libet
250 3225 414 3294 alienandi
434 3225 520 3295 bona
544 3227 647 3317 ipsius
671 3225 835 3310 Ecclesia,
853 3225 983 3293 interim
1000 3225 1103 3294 eidem
1125 3226 1255 3316 penitus

17 3339 19 3412 l
118 3331 380 3403 «interdicta»

584 3659 726 3730 CAPUT
749 3659 805 3728 111.

312 3887 420 3935 11011111
442 3888 626 3934 PEOOEDENDI
649 3888 704 3934 PER
728 3888 938 3944 memslrtottls
960 3891 1051 3935 vult.

161 4153 297 4223 «Hodie
313 4175 464 4244 processu
480 4153 676 4222 accusatorio
693 4155 917 4245 inquisitorius
935 4155 1039 4224 multo
1054 4156 1253 4247 frequentior

119 4289 135 4326 ι
157 4273 216 4349 est,
233 4269 266 4329 et
278 4260 360 4330 adeo
373 4261 523 4351 invaluit,
534 4269 570 4332 ut
585 4263 644 4356 qui
658 4261 735 4330 olim
749 4270 819 4332 eret
833 4260 1013 4332 remedium
1028 4262 1253 4336 extraordina-
