3050 4984
286 473 348 536 550
664 490 841 538 reimerus
863 491 901 538 nn
923 492 1057 540 runicus.

329 611 365 680 Si
378 633 458 681 vero
472 632 548 680 raus
566 610 700 703 fugerit,
722 611 775 681 rel
793 612 965 702 ignoretur
983 612 1042 682 ubi
1062 612 1116 700 sit,
1134 611 1287 682 citandus
1308 621 1360 682 est
1375 637 1438 706 per

284 718 439 802 edictum,
457 719 510 789 vel
518 743 581 812 per
591 742 788 812 preconem.
807 718 843 790 Si
855 719 1068 811 peredictum
1083 720 1213 809 citetur,
1230 720 1437 812 affigendum

284 827 346 896 erit
369 827 509 897 edictum
529 828 611 897 illud
631 829 668 898 in
689 829 800 922 aliquo
818 827 890 900 loco
905 827 1050 922 publico,
1072 829 1167 898 verbi
1186 829 1308 918 gratia,
1332 829 1440 898 valvis

283 933 448 1022 Ecclesia,
461 935 514 1007 vel
527 935 605 1005 alibi
622 936 720 1028 juxta
740 936 878 1029 stylum,
895 935 931 1005 id
951 943 1012 1024 est,
1030 937 1302 1007 consuetudinem
1318 937 1440 1008 unius·
1498 955 1499 1008 t

284 1044 443 1136 cujusque
455 1043 646 1136 episcopalis
660 1045 774 1113 curia.
792 1043 829 1114 Si
850 1045 907 1114 liat
922 1044 1031 1114 nlntio
1045 1067 1104 1137 per
1124 1067 1328 1138 praeconem,
1344 1045 1440 1114 debet
1498 1037 1499 1082 l

284 1175 392 1246 praeco
410 1150 603 1221 mandatum
623 1151 832 1244 comparendi
858 1153 924 1222 alta
940 1175 1020 1225 voce
1040 1152 1148 1244 legere
1166 1153 1201 1222 in
1221 1154 1337 1246 aliquo
1355 1154 1439 1240 loco,
1498 1243 1499 1248 ἵ

284 1261 343 1330 ubi
363 1259 467 1330 adstet
486 1259 637 1352 populus.
654 1259 764 1329 Potest
785 1270 894 1330 autem
914 1261 948 1330 in
970 1282 1156 1354 praeconem
1178 1261 1334 1354 deputari
1354 1287 1442 1333 unus
1498 1305 1499 1322 η

285 1393 327 1441 ex
342 1367 468 1438 nuntiis
482 1367 674 1461 episcopalis
688 1367 790 1436 curiae
806 1369 874 1460 (qui
889 1369 1003 1460 gallice
1015 1377 1175 1440 vocantur
1186 1369 1372 1461 hrcsssiers).
1498 1361 1499 1406 l

328 1475 432 1546 Porro
458 1497 665 1567 quocumque
686 1474 784 1544 modo
803 1474 860 1545 fiat
879 1476 1001 1565 citatio,
1027 1475 1123 1546 dehet
1147 1485 1198 1546 ter
1219 1476 1307 1565 fieri,
1336 1480 1440 1548 inter·

282 1584 376 1676 jectis
406 1582 675 1651 convenicntibus
699 1582 896 1663 intervallis;
924 1582 990 1670 vel,
1017 1582 1046 1652 si
1071 1583 1164 1654 malit
1184 1583 1304 1676 judex,
1336 1595 1440 1677 potest

283 1716 322 1761 ea
341 1690 514 1760 intervalla
536 1689 571 1757 in
587 1712 691 1758 arnum
704 1689 844 1781 jungere
871 1699 904 1758 et
932 1692 1063 1761 unicam
1092 1691 1281 1761 citationem
1309 1693 1435 1781 lacere5
1498 1709 1499 1776 t

284 1799 341 1868 sed
360 1807 439 1867 tunc
452 1797 547 1866 debet
562 1798 745 1889 exprimere
760 1797 939 1866 terminum
955 1799 1159 1889 assignatum
1180 1799 1223 1868 ad
1238 1823 1438 1893 comparen-

285 1907 366 1976 dum
384 1928 448 1974 csse
459 1905 730 1997 peremptorium.
749 1905 809 1974 Est
825 1914 935 1975 autem
957 1907 1143 1976 communis
1165 1908 1342 1978 doctorum
1364 1931 1438 1980 sen·
1498 1897 1499 1964 l

285 2015 400 2101 tentia,
418 2013 535 2082 debere
549 2013 745 2103 regulariter
764 2035 822 2082 reo
837 2013 970 2082 concedi
984 2015 1113 2084 circiter
1128 2016 1264 2107 triginta
1278 2017 1352 2086 dies
1364 2027 1437 2087 ante

285 2121 543 2216 peremptorium
558 2122 750 2190 terminum.
1498 2125 1499 2168 l

330 2230 492 2298 Praeterea
515 2229 550 2296 in
567 2228 718 2297 citatione
735 2228 854 2298 debent
873 2231 1042 2320 sequentia
1064 2229 1207 2322 exprimi
1232 2258 1240 2298 :
1263 2235 1297 2298 1⁰
1317 2255 1435 2302 nomen

285 2337 391 2424 citati3
419 2339 453 2404 2⁰
479 2357 601 2404 nomen
619 2336 814 2406 accusatoris
839 2337 867 2404 si
890 2359 948 2427 per
974 2337 1063 2406 viam
1086 2339 1300 2407 accusationis
1323 2363 1436 2432 prooe-

287 2447 402 2526 datur3
421 2448 453 2511 3ο
474 2465 570 2512 causa
591 2465 691 2534 super
711 2466 778 2535 qua
799 2444 935 2524 citatur;
953 2449 986 2512 4⁰
1008 2467 1130 2514 nomen
1145 2445 1266 2537 judicis
1286 2449 1432 2517 citantis:
1498 2461 1499 2506 l

291 2561 323 2622 5⁰
339 2554 431 2622 locus
453 2551 489 2619 in
509 2574 575 2642 quo
589 2551 724 2642 jubetur
742 2573 932 2644 comparere
939 2579 949 2641 3
979 2557 1013 2620 6⁰
1032 2554 1060 2622 si
1082 2575 1142 2645 per
1161 2553 1328 2646 triplicem
1358 2557 1436 2625 cita·

286 2662 409 2730 tionem
421 2658 627 2752 procedatur,
638 2659 734 2728 debet
746 2659 782 2727 in
793 2661 902 2751 prima
914 2661 1075 2752 assignari
1083 2661 1243 2730 terminus
1253 2684 1434 2753 congruus,
1498 2705 1499 2736 r

287 2770 346 2862 qui
372 2776 543 2860 reputatur
567 2789 636 2836 esse
660 2766 771 2837 decem
794 2767 938 2858 dierum,
964 2769 1095 2838 etitem
1117 2770 1154 2838 in
1176 2769 1433 2841 dnobusnliis:

287 2885 319 2946 et
331 2874 463 2968 expedit
478 2882 515 2944 ut
533 2874 568 2942 in
583 2873 693 2966 prima
710 2874 918 2968 exprimatur
932 2877 1021 2970 qnod
1043 2877 1085 2946 sit
1103 2879 1220 2970 prima,
1236 2879 1273 2947 in
1293 2878 1436 2948 secunda

286 2983 375 3077 quod
398 2984 441 3052 sit
457 2983 613 3072 secunda
635 2983 669 3052 in
695 2983 793 3052 tertia
813 2984 903 3076 quod
922 2986 965 3054 sit
984 2986 1091 3074 tertia,
1107 2993 1139 3055 et
1163 2986 1251 3078 quod
1273 2987 1437 3057 terminus
1498 3019 1499 3102 p

286 3092 323 3160 in
349 3115 388 3160 ea
407 3091 594 3180 assignatus
616 3091 659 3159 sit
681 3092 945 3183 peremptorius:
965 3092 992 3161 si
1013 3115 1092 3164 vero
1116 3117 1174 3187 per
1195 3094 1332 3164 unicam
1355 3117 1437 3187 pro-
1498 3105 1499 3110 ’

286 3197 431 3285 cedatur,
447 3197 589 3290 exprimi
605 3197 710 3287 debet,
726 3207 764 3267 ut
780 3197 938 3287 diximus,
954 3201 1133 3272 terminum
1148 3201 1354 3294 assignatum
1368 3225 1437 3274 osse

287 3305 558 3397 peremptorium.

330 3415 490 3485 Remanet
505 3421 542 3486 ut
554 3414 715 3485 formulas
728 3415 950 3508 subjiciamus.

828 3635 898 3727 51.

454 3789 547 3839 Forma
563 3788 662 3840 citandi
679 3790 729 3852 rei,
741 3789 846 3855 quando
861 3790 1011 3855 proceditur
1028 3789 1204 3842 accusationis
1220 3791 1272 3840 via.

330 3964 345 4001 c
360 3941 425 4007 Nos
438 3941 494 4022 N.,
510 3943 682 4008 reverendi
694 3943 853 4026 Episcopi
864 3943 897 4008 N
899 3991 920 4022 .,
948 3942 1095 4010 Vicarius
1113 3942 1277 4026 peceato
1292 3963 1304 4009 :
1320 3963 1396 4010 mon
1415 3963 1434 4008 a

286 4049 419 4115 domino
434 4050 561 4116 Ioanne
576 4051 693 4118 Zelnta
706 4051 799 4116 nobis
809 4058 1023 4134 presentatus
1038 4051 1142 4133 fucrit
1160 4054 1383 4118 consularius
1401 4053 1433 4116 la

288 4155 388 4222 bellus
406 4167 519 4224 contm
537 4159 709 4226 dominum
727 4161 895 4227 Audacem
913 4159 945 4224 N
947 4208 968 4240 .,
988 4159 1229 4244 presbyterum,
1251 4177 1317 4242 ouo
1337 4163 1365 4226 is
1380 4179 1429 4224 nc-

287 4274 419 4330 cnsotur
433 4267 472 4332 dc
489 4270 641 4353 pluribus
659 4270 795 4351 delicto,
815 4269 973 4349 videlicet,
994 4276 1025 4334 1⁰
1047 4269 1137 4352 quod
1150 4315 1198 4347 ...,
1218 4272 1254 4332 2⁶
1275 4269 1366 4352 quod
1385 4315 1426 4344 ...‚
