3050 4984
567 511 642 558 raes
663 511 810 558 smuuns.
1213 491 1250 556 71

110 657 128 696 a
151 631 337 724 perieulum
351 633 539 704 eversionis.
564 633 756 726 Requiritur
780 643 889 704 umen
905 633 1014 726 aliqua
1028 632 1169 725 suspicio
1182 640 1253 703 crta

110 765 129 804 s
152 761 194 808 ex
209 739 339 808 iudiciis
354 763 420 808 uon
435 741 578 810 levibus.
595 767 612 806 s

154 849 296 932 Quintus
307 873 402 920 casus
418 859 479 938 ast,
495 850 627 944 quanda
641 852 808 944 inquisitio
823 875 890 921 non
904 852 942 920 tit
955 853 998 922 ad
1013 853 1177 945 publicam
1192 853 1255 923 da-

111 956 380 1043 lictivindictam,
396 958 451 1028 sad
462 959 504 1028 ad
516 959 641 1028 malum
658 960 790 1054 aliquod
801 961 983 1030 imminens
994 961 1253 1053 impediendum.

113 1065 152 1132 Et
165 1064 212 1132 sic
227 1064 408 1156 inquisitio,
425 1065 525 1134 etiam
542 1065 632 1134 nulla
648 1067 851 1159 precedente
866 1067 1014 1154 infamia,
1027 1069 1097 1137 lieri
1108 1069 1255 1161 jubetur,

112 1194 152 1239 ne
171 1171 384 1242 contrabatur
400 1173 650 1242 matrimonium
665 1195 742 1242 cum
756 1174 996 1265 impedimento
1008 1172 1195 1262 dirimente,
1220 1185 1258 1243 ut

112 1285 293 1348 constater
308 1279 412 1370 capite
435 1278 565 1367 ultimo,
590 1278 629 1348 dc
646 1279 763 1350 Clerici.
791 1280 922 1372 ἄωροι.
951 1280 1111 1350 Similiter
1126 1303 1167 1350 ue
1182 1283 1256 1374 quis

113 1385 249 1454 vitiosus
264 1395 322 1454 aut
336 1385 496 1475 indignus
508 1387 648 1476 eligetur
663 1386 705 1454 ad
732 1387 958 1479 praelaturam,
976 1388 1069 1458 verbi
1088 1389 1204 1478 gratia
1222 1389 1256 1457 in

112 1492 324 1584 Episcopum,
344 1501 401 1562 aut
413 1493 484 1586 jam
498 1493 619 1564 electus
637 1493 863 1582 confirmetur,
878 1495 1013 1587 jubetur
1026 1494 1185 1587 praemitti
1200 1498 1257 1564 in-

114 1599 323 1692 quisitionem
347 1622 446 1691 super
469 1601 550 1688 vita,
578 1601 726 1670 moribus
741 1615 773 1670 et
788 1600 962 1670 idoneitate
976 1601 1206 1694 promovendi,
1221 1613 1259 1672 ut

113 1715 294 1778 constater
320 1708 423 1800 capite
437 1711 630 1799 Postquam,
648 1717 679 1776 et
695 1709 799 1800 capite
818 1709 924 1790 Nittt,
942 1708 981 1778 dc
1000 1711 1105 1780 Elect.
1122 1709 1188 1780 Sed
1202 1734 1257 1780 ca-

113 1835 169 1881 sus
184 1813 238 1882 illa
255 1836 321 1884 non
337 1822 386 1883 est
400 1815 547 1906 exceptio
556 1815 692 1906 proprie
706 1813 810 1894 dicta;
827 1837 904 1884 cnm
919 1816 956 1884 in
969 1815 1094 1905 regula,
1112 1816 1151 1884 de
1160 1815 1258 1907 judi-

117 1921 195 1989 ciclr'
216 1921 425 2014 inquisitione
440 1929 569 2012 egestum
586 1921 619 1992 id
637 1929 685 1990 est
707 1921 747 1990 ad
763 1945 896 2014 panum
912 1929 944 1990 et
965 1921 1129 2014 publicem
1153 1923 1261 1994 delicti

114 2027 294 2098 vindictam
318 2029 487 2114 instituta;
517 2027 592 2097 talis
617 2037 727 2098 autem
752 2051 820 2098 uon
841 2029 897 2115 sit,
924 2028 980 2096 sed
1002 2029 1111 2120 potius
1126 2041 1260 2122 paterna

115 2157 172 2202 seu
199 2133 464 2204 administrativa
488 2133 552 2202 dici
576 2133 704 2220 debeat,
730 2157 806 2226 quse
820 2135 858 2202 lit
872 2131 912 2202 ad
927 2135 1056 2204 malum
1071 2157 1260 2228 precaven-

115 2239 209 2309 dum.

159 2347 280 2418 Sextus
303 2371 396 2418 casus
420 2375 427 2416 ε
450 2347 588 2418 «Juxta
609 2369 822 2416 communem
850 2346 1033 2436 (doctorum
1052 2350 1257 2441 cenenum)

119 2481 137 2522 a
159 2457 229 2524 sine
243 2453 440 2547 precedenti
454 2453 591 2524 infamia
602 2453 673 2524 lieri
689 2462 792 2546 potest
803 2453 970 2546 inquisitio
984 2456 1133 2547 specialis
1148 2457 1188 2527 de
1201 2459 1258 2527 de·

118 2586 134 2630 c
158 2563 243 2632 lictis
255 2564 290 2632 in
300 2563 460 2633 murnum
474 2563 572 2650 tertii,
584 2571 641 2630 cta
655 2561 994 2631 iortioriindamnum
1005 2563 1193 2654 reipublice
1203 2593 1255 2652 ...;

121 2697 136 2734 c
158 2669 342 2740 dnmmodo
355 2670 467 2762 aliqua
480 2671 594 2740 saltem
609 2669 729 2738 indicia
739 2668 846 2738 adsint
851 2697 862 2757 3
873 2669 952 2762 quia
964 2671 1006 2739 ad
1021 2672 1257 2764 inquirendum

121 2805 137 2842 a
158 2787 272 2847 contra
290 2778 362 2846 baec
387 2779 528 2846 crimina
549 2775 715 2846 sufficiunt
740 2778 870 2846 minora
884 2800 922 2846 ac
942 2777 1066 2847 leviora
1089 2779 1219 2848 indicia.
1238 2809 1255 2844 s

120 2886 355 2974 (Reiffenstuel,
372 2886 406 2954 in
422 2885 470 2954 tit.
490 2888 522 2972 1,
536 2883 593 2954 lib.
614 2885 788 2971 abactor,
805 2907 840 2953 n.
857 2886 945 2975 189.)

160 2993 342 3064 Peoeosruo
357 2993 427 3062 111⁸.
452 3031 497 3046 -
511 2992 672 3084 Exposita
689 2991 769 3083 juri
789 2992 945 3061 canonae
961 2991 1000 3061 dc
1021 2995 1156 3084 precise
1169 2996 1258 3088 ersa-

121 3101 192 3170 mire
207 3101 404 3181 necessitate,
424 3099 620 3190 deropatum
639 3122 703 3166 non
717 3099 786 3189 suit
807 3126 818 3165 .·
839 3121 942 3191 neque
956 3113 995 3168 ut
1014 3099 1183 3192 deroqctr‘e
1195 3103 1258 3172 Ιια-

121 3207 221 3276 denda
242 3221 288 3276 est
297 3221 443 3300 potestas
461 3207 631 3299 Episcopus
647 3229 668 3274 a
686 3208 713 3274 T
710 3204 878 3274 ridentina
894 3206 1028 3297 Syaodo
1044 3230 1203 3292 concesso,
1219 3232 1260 3278 ec

121 3314 299 3406 insomtatc
316 3314 510 3384 conscientia
530 3312 740 3406 procedendi.
770 3351 815 3364 -
847 3312 984 3382 Certum
1013 3323 1062 3382 est
1090 3315 1258 3409 Episcopis

122 3443 304 3490 concessam
318 3421 417 3490 luisse
435 3421 621 3490 facultatem
636 3419 833 3514 procedendi
855 3428 967 3490 contra
993 3421 1185 3492 clericorum
1202 3423 1260 3492 de·

123 3527 204 3617 licta,
228 3530 328 3597 etiam
350 3528 486 3614 occulta,
516 3527 638 3596 omisso
663 3527 828 3618 judiciarii
858 3548 1027 3618 processus
1051 3529 1178 3616 ordine,
1204 3555 1262 3600 seu

125 3635 444 3728 retra-judicialiter,
469 3643 500 3702 et
525 3633 744 3726 (alloquendi
760 3655 838 3702 usus
853 3634 1003 3725 invaluit)
1022 3659 1063 3703 ec
1077 3636 1260 3728 informate

125 3744 327 3812 conscientia.
344 3743 382 3810 ld
396 3740 483 3810 inira
505 3741 697 3833 probamus,
715 3749 789 3808 tum
808 3763 850 3808 ex
864 3741 968 3832 capite
994 3745 1025 3828 1,
1042 3744 1194 3812 sessionis
1222 3751 1261 3814 lt

127 3851 304 3920 Tridentini
316 3849 457 3939 concilii,
473 3860 546 3918 tum
555 3872 597 3917 ex
610 3848 759 3942 pluribus
773 3847 883 3916 Sacrae
892 3850 1163 3940 Congregationis
1173 3854 1263 3922 Cou-

128 3959 188 4026 cilii
213 3957 477 4050 responsionibus
502 3965 534 4024 et
557 3957 726 4026 communi
752 3955 925 4026 doctorum
939 3959 1109 4045 sententia,
1127 3967 1198 4027 tum
1221 3983 1263 4030 ex

130 4063 489 4156 builaductoremfidei,
505 4063 539 4132 in
548 4085 614 4155 qua
621 4063 784 4132 contraria
794 4063 904 4154 opinio
911 4084 1064 4154 expresse
1072 4063 1261 4136 damnetur.

170 4173 248 4242 Haec
263 4183 374 4241 tamen
383 4171 546 4242 concessio
562 4191 770 4262 nequaquam
784 4169 900 4238 evertit
909 4169 996 4261 juris
1008 4172 1154 4240 canonici
1166 4196 1267 4266 supra

133 4279 301 4349 stabilitam
316 4278 478 4370 regulam,
489 4299 555 4370 qna
566 4277 607 4348 ad
618 4275 790 4368 specialem
807 4275 1052 4368 inquisitionem
1060 4277 1268 4368 judicialiter
