3050 4984
286 494 348 558 itt
659 512 835 558 rnlcrnrns
859 514 897 557 na
919 510 1052 559 ionicus.

289 664 306 698 a
330 634 426 701 frrerit
455 634 496 701 ab
518 631 705 719 Ordinario,
732 634 766 700 in
796 636 891 725 cujus
921 632 1052 703 diaecesi
1079 654 1209 701 causam
1240 639 1430 721 cognoseat,

288 768 305 806 a
328 742 453 810 etiamsi
463 740 548 808 idem
559 740 751 809 Ordinarius
766 740 820 828 sit,
833 741 892 832 qui
903 742 1047 833 primam
1060 739 1249 809 sententiam
1265 738 1299 806 in
1311 737 1431 805 eadem

287 874 302 911 a
326 871 422 915 causa
436 848 706 939 pronuntiaverit.
725 876 741 911 a

327 956 473 1025 Puncruu
498 955 554 1023 Ill.
577 994 621 1007 -
646 956 805 1036 Qunam
831 956 874 1023 sit
900 954 1046 1046 desuasor
1067 954 1275 1022 matrimonii
1294 952 1431 1045 permade

282 1085 380 1130 caasa
404 1061 660 1130 matrimonialis
684 1066 796 1131 Romae
812 1061 1001 1153 judicanda
1025 1067 1095 1131 cst?
1118 1100 1162 1113 —
1186 1064 1215 1129 l.
1242 1060 1432 1129 Cardinalis

282 1169 443 1252 vicarius,
467 1167 573 1259 quoad
600 1191 713 1236 causas
735 1168 988 1237 matrimoniales
1011 1169 1075 1236 sibi
1094 1168 1128 1235 in
1145 1167 1252 1258 prima
1269 1167 1432 1234 instantia

281 1274 450 1365 subjectas,
465 1275 552 1343 idam
569 1274 664 1342 debet
678 1296 833 1365 peragere
846 1298 884 1344 ac
898 1274 1038 1367 quilibet
1050 1274 1229 1365 Episcopus
1243 1272 1279 1340 in
1292 1271 1430 1340 dioecesi

282 1404 352 1466 sua,
384 1390 415 1449 et
441 1380 555 1450 eodem
585 1381 681 1449 modo
702 1381 843 1471 aliquem
867 1381 1063 1449 constituere
1090 1379 1290 1447 matrimonii
1313 1379 1432 1447 defen-

280 1512 397 1557 sorem.
428 1487 523 1569 Quod
549 1488 624 1555 vide
650 1511 801 1578 expresse
825 1487 990 1556 decretum
1022 1487 1059 1555 in
1082 1488 1168 1556 dicta
1197 1486 1431 1555 constitutione

280 1594 444 1663 Benedicti
458 1592 587 1684 XIV,§
604 1596 658 1661 13.
1514 1674 1515 1677 Ἴ

325 1705 356 1768 2.
375 1700 510 1769 (laterae
524 1722 631 1767 causa
647 1700 915 1786 matrimoniales,
931 1724 1006 1791 qum
1022 1700 1063 1769 ad
1076 1700 1194 1769 Sedem
1205 1698 1431 1791 Apostolicam
1514 1744 1515 1807 ;

280 1807 483 1890 deferuntur,
500 1806 619 1874 sivein
635 1806 742 1897 prima
760 1808 914 1875 instantia
935 1830 977 1875 ex
997 1828 1158 1875 consensu
1180 1806 1335 1897 partium,
1356 1807 1432 1874 sive
1514 1816 1515 1853 l

278 1915 313 1981 in
342 1914 484 1981 secunda
508 1936 567 2003 per
591 1913 853 2005 appellationem,
878 1914 999 1983 omisso
1031 1912 1150 1999 medio,
1181 1913 1307 1979 sivein
1332 1914 1433 1980 tertia
1514 1922 1515 2003 ᾗ

160 2068 163 2071 -
279 2022 445 2105 instantia,
464 2020 648 2110 judicandae
664 2021 822 2089 committi
837 2021 953 2107 solent,
970 2020 1021 2089 vel
1048 2021 1156 2089 Sacra
1172 2020 1433 2108 Congregationi
1514 2014 1515 2081 l

278 2127 427 2212 Consilii,
444 2126 497 2193 vel
511 2125 685 2194 Auditorio
697 2126 827 2213 Palatii,
844 2127 895 2193 vel
910 2127 1009 2195 aliani
1023 2126 1212 2218 particulari
1233 2127 1273 2193 ad
1289 2126 1350 2193 hoe
1366 2126 1434 2194 de·

277 2244 398 2329 pntatae
413 2236 671 2325 congregationi.
685 2234 782 2326 (Vide
794 2236 828 2302 id
843 2236 963 2325 pariter
976 2258 1171 2326 expressum
1185 2235 1220 2303 in
1233 2233 1320 2302 dicto
1330 2256 1433 2302 cons·
1514 2268 1515 2319 p

278 2342 438 2410 titutionis
455 2342 685 2433 paragrapho.)
1514 2334 1515 2407 l

326 2454 356 2517 3.
375 2450 477 2517 Porro
488 2450 595 2539 quoad
610 2471 723 2517 causas
733 2473 753 2517 a
764 2449 1027 2539 Congregatione
1043 2449 1180 2519 Consilii
1191 2446 1429 2536 terminandas,

279 2557 479 2625 matrimonii
495 2554 647 2623 defensor
663 2555 813 2647 deputari
828 2556 924 2623 debet
937 2580 958 2623 a
972 2556 1139 2625 Cardinali
1155 2554 1316 2623 Praefecto
1331 2554 1431 2624 dictae
1514 2544 1515 2567 ¹

278 2662 570 2749 congregationis:
597 2662 706 2752 quoad
735 2684 848 2729 causas
875 2663 1047 2731 Auditorio
1075 2662 1191 2730 Palatii
1224 2662 1430 2747 commissas,

280 2792 299 2836 a
326 2769 446 2835 decano
477 2767 575 2857 hujus
596 2768 769 2835 tribunalis
785 2770 985 2836 matrimonii
1006 2768 1155 2837 defensor
1181 2768 1432 2837 constituendus

282 2882 359 2941 est:
382 2883 414 2940 at
433 2873 563 2940 tandem
586 2872 615 2940 si
638 2895 769 2940 cansam
790 2872 936 2962 judicare
960 2872 1074 2941 debeat
1095 2870 1304 2961 congregatio
1325 2873 1434 2961 parti-
1514 2922 1515 2941 .

281 2981 412 3065 calaris,
424 2979 553 3069 dignior
568 2978 715 3070 ejusdem
731 2979 994 3068 congregationis
1007 2977 1212 3047 defensorem
1228 2977 1435 3045 matrimonii
1514 3006 1515 3101 p

282 3087 474 3155 nominabit.
494 3086 605 3176 (ibid,
619 3086 641 3177 ξ
657 3088 724 3175 13.)
1514 3102 1515 3163 l

326 3194 475 3260 Puncrnn
486 3193 544 3261 lV.
556 3230 601 3243 —
619 3191 795 3274 Quodnam
807 3193 849 3259 sit
862 3194 1008 3283 officiam
1022 3192 1193 3283 defensoris
1204 3192 1431 3261 matrimonii.

282 3340 327 3353 -
342 3299 511 3390 Ejusmodi
536 3300 678 3367 officium
699 3299 893 3367 determinat
912 3299 1106 3367 Benedictus
1123 3298 1202 3367 xlv
1222 3299 1273 3367 his
1290 3298 1404 3367 verbis
1423 3328 1432 3367 :

288 3436 305 3473 «
328 3409 380 3475 ad
392 3405 537 3474 officium
551 3415 660 3474 autem
674 3405 853 3474 defensoris
868 3406 1150 3474 matrimoniorum
1164 3414 1201 3473 ut
1215 3427 1315 3497 supra
1335 3404 1437 3474 electi

287 3513 496 3605 «spectabit,
527 3513 563 3579 in
596 3512 757 3602 judicium
795 3512 919 3597 venire,
953 3514 1220 3604 quotiescumque
1256 3514 1436 3603 contigerit

289 3648 305 3686 a
330 3618 582 3687 matrimoniales
607 3640 720 3686 causas
748 3640 847 3709 super
873 3618 1038 3687 validitate
1065 3619 1118 3686 vel
1142 3621 1288 3687 nullitate
1319 3641 1435 3688 coram

288 3754 305 3791 a
328 3726 474 3815 legitimo
487 3722 596 3814 judice
613 3724 784 3813 disceptari
798 3752 805 3802 ;
819 3746 959 3815 eumque
975 3725 1136 3815 oportebit
1150 3724 1183 3791 in
1196 3724 1340 3815 quolibet
1353 3736 1436 3795 actu

288 3860 306 3897 c
325 3831 473 3923 judiciali
488 3830 595 3916 citari,
611 3830 723 3898 adesse
736 3831 883 3899 examini
900 3832 1043 3916 testium,
1067 3853 1145 3899 voce
1161 3840 1193 3897 et
1209 3832 1338 3922 scriptis
1353 3854 1435 3900 ma-

289 3967 306 4015 a
328 3937 476 4007 trimonii
497 3935 699 4004 validitatem
725 3938 821 4022 tueri,
841 3958 942 4028 eaque
962 3938 1074 4006 omnia
1095 3936 1268 4021 deducere,
1291 3959 1368 4028 qnae
1392 3940 1434 4005 ad

289 4073 306 4111 c
331 4045 574 4113 matrimonium
586 4042 814 4112 sustinendum
831 4045 1009 4112 necessaria
1024 4044 1177 4113 censebit.
1196 4070 1212 4109 n
1236 4044 1269 4135 (ᾖ
1283 4048 1328 4135 t.)

329 4154 466 4243 insuper
495 4150 640 4219 decernit
664 4149 769 4219 dietus
793 4150 958 4237 Pontifex,
990 4159 1027 4219 ut
1052 4150 1204 4219 defensor
1229 4153 1434 4221 matrimonii

287 4280 350 4329 noir
367 4258 515 4350 appellet,
538 4259 565 4325 si
585 4258 828 4327 matrimonium
844 4258 1073 4346 pronuntietur
1096 4258 1241 4325 validum
1262 4268 1434 4331 :econtra
