3050 4984
286 446 348 510 lut
664 462 840 510 reimarus
863 464 901 509 nn
924 462 1057 509 sumens.

331 588 409 653 ltem
435 585 475 654 de
500 586 569 654 litis
594 585 825 655 contestatione
847 585 975 674 egimus
1000 582 1098 653 simrss
1119 581 1226 674 quoad
1246 580 1379 651 civilem
1395 588 1424 647 et
1494 657 1495 685 χ

285 692 487 761 criminalem
503 715 702 783 processum,
718 693 860 761 sectione
875 695 909 779 3,
921 690 1125 760 subnectione
1142 694 1174 777 3,
1189 688 1292 780 capite
1306 692 1337 756 l.

329 798 418 868 Vlll.
442 826 461 865 s
483 798 608 868 Deinde
629 800 780 891 praestari
799 799 880 868 solet
898 798 1123 890 juramentum
1143 795 1334 883 momnis,
1358 796 1426 863 evi-

290 934 307 971 s
330 906 438 975 tandm
447 906 581 993 scilicet,
592 918 658 976 tam
670 929 730 998 per
737 918 879 975 actorem
892 928 992 998 quom
1007 927 1178 997 petreum.
1196 903 1423 994 »il’ellegrini

285 1013 355 1083 loco
368 1013 493 1103 citato.)

328 1119 763 1213 Dejuramentooalumniae,
774 1119 921 1188 veritatis
932 1130 965 1188 et
974 1118 1121 1206 malitie,
1131 1117 1238 1211 quoad
1248 1126 1426 1211 utrumque

284 1250 471 1322 processum
485 1228 626 1318 egimus,
642 1228 784 1296 sectione
801 1227 1052 1313 3,subssctione
1068 1230 1101 1311 3,
1118 1248 1148 1295 o.
1166 1230 1198 1295 2.
1495 1228 1496 1237 ³

329 1336 387 1405 tx.
405 1338 453 1404 De
467 1335 608 1403 termuso
624 1334 829 1427 probatorio.
846 1370 892 1387 -
912 1360 931 1399 a
946 1334 1135 1403 Snecessire
1154 1334 1250 1403 datur
1270 1336 1427 1405 urmirms

289 1472 306 1509 s
330 1445 364 1512 in
393 1465 492 1512 causa
517 1441 558 1509 sd
584 1441 791 1535 probandum
822 1442 1041 1510 incumbentia
1069 1443 1155 1510 intra
1178 1442 1304 1533 aliquot
1326 1454 1427 1512 uentos

287 1578 305 1617 a
328 1552 412 1637 dies,
426 1550 485 1642 qui
499 1557 548 1617 est
568 1549 701 1640 utrique
713 1550 798 1640 parti
815 1548 1011 1633 communis,
1033 1548 1181 1618 videlicet
1197 1549 1298 1619 autori
1316 1550 1358 1619 sd
1380 1551 1427 1619 la·
1496 1575 1497 1667 p

287 1684 305 1723 ι
327 1656 459 1726 ciendae
476 1678 553 1724 sues
565 1656 785 1748 probationes,
801 1666 834 1724 et
853 1678 908 1725 reo
920 1664 1080 1725 convento
1096 1654 1138 1724 ad
1154 1656 1339 1725 iaciendum
1354 1681 1428 1727 sues
1496 1720 1497 1723 ,

287 1791 305 1829 a
329 1762 578 1833 defensiones.»
600 1760 801 1852 (Pellegrini,
818 1762 889 1831 loeo
909 1762 1032 1851 citato.)
1053 1762 1100 1830 lle
1116 1762 1256 1833 termino
1276 1764 1429 1855 probato·

284 1872 346 1956 rio,
363 1887 492 1938 necnon
502 1867 544 1936 de
559 1867 776 1961 positionibus
791 1880 821 1937 et
837 1869 995 1955 articulis,
1013 1869 1159 1939 diximus
1174 1870 1283 1961 quoad
1300 1879 1428 1939 utrum-

285 2001 350 2070 que
366 1997 565 2067 processum,
581 1974 722 2045 sectione
738 1980 771 2061 3,
788 1976 990 2045 subsectione
1007 1980 1038 2063 3,
1056 1977 1158 2068 eapite
1173 1982 1206 2045 l.
1497 2034 1498 2074 ,

328 2084 371 2151 X.
392 2081 676 2175 popositionum.
694 2120 739 2135 -
757 2110 775 2147 u
789 2083 871 2151 Dato
887 2084 1028 2153 termino
1042 2082 1212 2175 praedicto,
1235 2083 1306 2152 fieri
1328 2084 1431 2153 solent
1497 2076 1498 2137 Ῐ

289 2189 504 2282 «aliquando
531 2189 718 2278 positiones,
742 2212 843 2282 snper
865 2190 986 2281 quibus
1017 2188 1280 2282 respondendum
1300 2200 1352 2259 est
1376 2210 1432 2283 per

289 2324 306 2363 e
329 2306 454 2389 partem
473 2296 660 2382 adversam,
682 2297 723 2363 ad
739 2296 889 2365 ellectum
913 2306 949 2365 ut
967 2297 1153 2367 releventur
1172 2296 1214 2366 ad
1235 2297 1378 2375 invicem
1391 2296 1430 2366 sb

289 2432 306 2470 a
328 2426 427 2473 onere
442 2401 616 2496 probandi.
634 2428 650 2466 s
672 2402 873 2493 (Pellegrini,
890 2404 960 2473 loco
975 2404 1045 2494 cit.)
1498 2496 1499 2501 ἵ

329 2514 387 2582 Xl.
408 2516 456 2580 De
475 2510 636 2580 articulis.
654 2549 700 2563 -
716 2512 845 2593 «Quod
865 2511 893 2579 si
914 2520 1023 2603 partes
1038 2534 1097 2603 per
1111 2512 1288 2604 positiones
1302 2514 1430 2583 nullum
1498 2530 1499 2569 Ὗ

288 2647 306 2687 ι
328 2619 488 2688 senserint
498 2617 707 2687 eommodnni
722 2618 935 2710 probationis,
954 2618 1131 2710 producere
1146 2620 1251 2689 solent
1265 2620 1429 2708 mutulos,

289 2753 307 2792 s
329 2748 429 2817 super
436 2726 558 2817 quibus
568 2725 801 2793 examinantur
813 2736 908 2795 testes
920 2727 954 2794 in
972 2726 1039 2793 vim
1050 2727 1292 2818 pmbstionnm,
1309 2750 1431 2819 proece-

289 2860 307 2901 e
330 2834 426 2901 dente
445 2832 595 2901 statione
610 2833 713 2922 partis
728 2831 889 2919 adversm,
906 2834 947 2901 ad
970 2833 1149 2903 videndum
1171 2833 1244 2903 illos
1255 2835 1370 2926 jurare
1381 2863 1390 2923 ;
1403 2844 1432 2904 et

289 2965 307 3007 a
330 2942 365 3007 in
380 2938 496 3008 eodem
513 2939 652 3009 termino
668 2961 726 3029 per
746 2938 844 3009 sliam
865 2948 990 3031 purtem
1005 2940 1233 3031 producuntur
1251 2942 1431 3033 interroge-

290 3075 308 3113 s
331 3048 414 3115 toria
423 3071 432 3133 ;
449 3068 548 3137 snper
566 3046 689 3137 quibus
704 3044 929 3136 interrogandi
951 3056 1028 3115 sunt
1043 3048 1135 3139 prius
1150 3055 1258 3135 testes,
1274 3056 1311 3118 ut
1325 3064 1430 3142 postes

290 3181 309 3221 e
332 3152 548 3245 respondeant
562 3150 720 3224 articulis.
739 3177 755 3216 a
778 3150 893 3243 (Idem,
911 3152 1059 3244 ibidem.)

332 3262 406 3330 Xll.
426 3263 472 3328 De
487 3259 618 3327 testium
623 3258 845 3349 productione
860 3272 891 3327 et
910 3262 1075 3329 cornuue.
1094 3298 1139 3315 --
1156 3288 1174 3327 e
1187 3261 1265 3331 Post
1279 3264 1430 3333 articulo·

291 3397 310 3433 κ
333 3392 406 3437 rum
420 3377 451 3435 et
464 3366 792 3455 interrogatoriorum
807 3365 1067 3458 productionem,
1086 3370 1123 3435 lit
1139 3369 1248 3438 citabo
1262 3370 1304 3437 ad
1327 3378 1428 3459 testes,

291 3504 309 3544 e
334 3473 537 3544 utecoednnt
555 3472 751 3559 edentium,
776 3474 816 3541 ad
837 3496 872 3541 se
893 3473 1151 3543 examinandum
1172 3477 1215 3565 (l)
1237 3498 1337 3568 super
1352 3478 1427 3563 illim

292 3610 310 3649 ι
332 3590 364 3649 et
375 3580 489 3649 eodem
505 3587 659 3654 contextu
673 3580 792 3647 oitatrrr
805 3602 879 3671 pens
892 3582 1081 3651 adversuud
1097 3581 1275 3653 videndum
1290 3586 1428 3675 ipsorum

292 3718 310 3755 ι
334 3689 465 3759 testium
478 3687 663 3777 juramenta
676 3685 719 3753 de
741 3688 878 3755 venitote
893 3688 1030 3757 ffloends
1043 3712 1142 3781 super
1160 3692 1319 3759 contentis
1334 3692 1369 3759 in
1382 3712 1429 3759 ar·

292 3825 309 3863 a
334 3796 453 3865 titulis.
473 3823 490 3860 a
512 3792 628 3885 (idem,
642 3792 794 3884 ibidem.)

334 3904 423 3972 Xlll.
443 3906 490 3971 lle
501 3901 637 3968 testium
652 3900 838 3971 comeum
848 3903 999 3973 mammo
1010 3926 1187 3996 eorumque
1196 3906 1425 3977 nominatione.

321 4156 398 4230 (tt'td
412 4172 460 4230 est,
473 4170 501 4216 ut
515 4164 586 4217 circs
595 4164 730 4218 veritum
746 4164 915 4220 articulorum
933 4166 1114 4222 examinentur
1123 4174 1149 4221 et
1160 4168 1301 4235 deponant.
1316 4168 1427 4223 bunun-

290 4252 344 4305 tmn
360 4248 475 4311 munim,
487 4247 533 4297 sed
547 4247 667 4299 obsonio
679 4247 757 4299 etiam
768 4250 924 4314 quandoque
939 4252 1071 4303 latinitatis
1081 4256 1121 4303 eat
1129 4250 1301 4315 Pellegrlnus.
