3050 4984
293 484 354 549 27⁴
668 498 844 547 namatus
866 500 905 546 ua
927 500 1060 547 somnos.

288 648 373 703 vace,
392 646 437 690 aa
450 644 524 692 aero
539 623 574 690 in
589 621 991 714 toriptr‘ssacieadoritt-
1001 622 1077 689 usi
1087 621 1268 713 appelletur
1282 622 1419 689 inconte-

291 732 392 812 nenti,
409 754 467 799 seu
483 739 585 799 eunte
601 730 695 821 pede,
712 739 750 798 nt
765 730 946 822 loquuntur
961 728 1166 821 pragmatici,
1181 727 1214 795 id
1229 738 1290 813 est,
1307 729 1418 813 suum,

289 844 322 904 et
343 836 451 928 judice
466 836 573 905 adhue
599 859 659 928 pro
685 835 841 905 tribunali
865 836 1009 922 noenu,
1035 836 1107 903 lieri
1129 843 1234 927 potest
1260 834 1420 926 appellatio

290 944 366 1013 viva
381 966 459 1013 voce
486 951 544 1012 :et
566 942 684 1013 sufficit
708 952 786 1013 tuno
799 943 919 1029 dicere,
947 944 1077 1035 appello
1100 942 1153 1011 rel
1162 964 1318 1035 provoco,
1336 948 1421 1033 prout

289 1048 426 1118 habetur
444 1050 478 1117 in
496 1048 700 1119 lastinianeo
712 1049 799 1141 jure,
814 1050 921 1139 quoad
936 1048 998 1118 hoo
1013 1050 1049 1118 in
1069 1048 1141 1117 iero
1154 1047 1366 1117 eeclesiastico
1378 1069 1421 1115 re

290 1164 382 1247 oepto
396 1154 477 1245 (lege
493 1154 604 1225 Sedoi
618 1159 651 1241 2,
668 1155 704 1223 ff.
719 1155 759 1223 de
774 1155 1075 1248 Appellatioaibns).

333 1268 367 1331 2⁰
381 1264 416 1333 Si
442 1264 623 1356 appelletur
634 1278 710 1357 post
734 1264 960 1347 intervallum,
977 1265 1149 1357 appellatio
1164 1266 1200 1332 in
1214 1262 1344 1356 seriptis
1359 1262 1421 1329 lieri

287 1370 394 1449 debet,
411 1371 660 1463 appellatorium
675 1394 793 1463 nempe
801 1372 948 1440 libellum
957 1372 1167 1463 porrigendo.
1187 1372 1285 1461 (Lege
1307 1373 1333 1439 Α
1359 1392 1422 1436 sen·

288 1478 391 1546 tentia
409 1482 440 1565 5,
458 1476 491 1545 u.
511 1476 551 1545 de
564 1478 869 1570 Appellationilus,·
892 1486 923 1546 et
939 1479 1012 1569 lege
1025 1482 1092 1547 Eos
1116 1479 1176 1571 qni
1190 1482 1222 1562 o,
1238 1501 1267 1545 e.
1284 1477 1421 1568 quodem

288 1582 401 1674 tituli.)

330 1690 474 1771 Quasrro
487 1694 535 1759 2¹.
551 1728 593 1745 ·-·
612 1690 703 1775 Quid
709 1692 745 1760 in
761 1692 868 1761 libello
883 1692 1101 1783 appellatorio
1110 1715 1132 1759 a
1145 1690 1304 1760 sententia
1315 1689 1422 1780 defiui-

286 1798 354 1865 tioa
370 1798 513 1891 exprimi
533 1798 670 1867 deleat?
684 1837 728 1850 -
747 1826 764 1864 o
786 1799 937 1891 Exprimi
954 1799 1047 1868 debet
1063 1798 1139 1891 quis
1152 1797 1304 1890 appellet,
1320 1805 1423 1864 eontra

289 1930 305 1967 «
330 1925 441 1996 quartu
470 1912 535 1973 eta
559 1928 624 1997 qua
649 1906 820 1975 sententia.
838 1905 982 1997 (Conone
997 1909 1075 1973 Post
1099 1905 1355 1997 appellationem
1374 1907 1419 1987 ot,

289 2038 305 2073 o
329 2034 436 2079 eausa
454 2016 487 2098 2,
504 2036 537 2104 q.
559 2017 595 2099 o;
614 2013 686 2102 lege
700 2012 899 2105 Appellandi
915 2017 948 2099 1,
964 2012 999 2081 ff.
1014 2013 1055 2081 de
1066 2013 1207 2105 Appell.)

334 2116 483 2187 «Omitti
510 2118 543 2185 in
569 2142 607 2187 eo
630 2127 794 2210 possunt:
823 2123 856 2187 1⁰
872 2142 995 2189 nomen
1008 2118 1130 2211 judicis
1156 2119 1203 2187 ad
1216 2140 1324 2211 paen,
1354 2117 1423 2210 quia

288 2232 475 2293 ooensetur
505 2225 702 2317 appellatum
728 2225 770 2293 ad
798 2248 873 2294 eum
901 2226 940 2293 ad
970 2249 1067 2317 quern
1095 2225 1136 2294 de
1161 2225 1236 2317 jure
1260 2222 1423 2317 prorooari

289 2357 305 2395 o
330 2330 438 2417 debet3
468 2334 501 2397 2⁰
519 2352 638 2399 nomen
653 2332 774 2423 judicis
789 2355 810 2400 a
826 2354 902 2423 qao,
920 2333 1073 2425 quamue
1086 2333 1121 2399 in
1137 2354 1201 2401 usu
1215 2333 1256 2399 sit
1272 2331 1355 2399 illud
1371 2354 1424 2398 ex·

287 2464 303 2503 o
328 2439 470 2530 primore
481 2466 489 2515 ;
499 2440 532 2506 3ο
543 2437 811 2528 allegatiooausae
824 2439 1007 2531 appellandi
1023 2440 1058 2506 in
1070 2440 1172 2531 speeie
1188 2466 1199 2505 :
1215 2438 1423 2507 suffieitenim

287 2570 302 2609 o
328 2546 355 2613 si
372 2544 539 2637 appellans
555 2545 590 2612 in
604 2566 722 2635 genere
738 2546 825 2614 dieat
840 2569 873 2613 se
889 2555 1061 2636 gravatum
1073 2568 1154 2631 esso,
1170 2546 1220 2615 vel
1238 2546 1424 2614 mutantium

288 2673 397 2719 «osse
424 2650 590 2744 injustam,
622 2652 673 2719 vel
698 2652 726 2719 si
754 2652 839 2720 dieat
866 2653 1007 2745 appello.
1026 2653 1067 2721 Et
1082 2654 1164 2722 ratio
1178 2662 1226 2721 est
1251 2653 1330 2745 quia
1354 2661 1425 2721 tuno

287 2784 304 2823 o
328 2758 448 2827 frustra
463 2758 660 2849 allegaretur
675 2781 773 2827 eausa
786 2760 823 2827 in
849 2760 965 2853 speeie,
984 2782 1059 2829 oum
1073 2759 1177 2851 judex
1203 2784 1225 2827 a
1240 2784 1305 2851 quo
1318 2760 1360 2828 tle
1375 2759 1425 2827 illa

287 2892 304 2931 e
328 2886 521 2955 cognoscere
534 2888 599 2933 non
612 2866 739 2952 debeat,
755 2867 878 2958 quippe
890 2868 958 2957 jam
974 2866 1108 2936 functus
1123 2866 1229 2935 officio
1243 2890 1314 2936 suo.
1329 2867 1426 2936 Eroi-

286 2999 303 3039 o
325 2972 432 3065 pitur,
449 2974 476 3039 si
492 2971 664 3063 appellatio
679 2971 736 3039 fiat
753 2972 788 3040 in
804 2973 931 3041 casibus
943 2974 1044 3066 ajure
1054 2974 1105 3042 vel
1115 2974 1158 3043 ab
1169 2974 1302 3043 homine
1313 2974 1427 3065 prohi-

288 3107 305 3145 o
329 3078 422 3165 bitis;
443 3101 517 3145 nam
535 3101 609 3146 oum
625 3101 663 3146 eo
677 3100 753 3147 casu
768 3080 935 3170 appellans
953 3079 1069 3149 haheat
1092 3080 1177 3172 juris
1191 3082 1426 3173 praeumptio-

288 3212 305 3249 o
331 3208 406 3254 nam
424 3192 596 3273 contrusa,
621 3207 687 3254 nou
711 3194 840 3255 tenetur
857 3186 961 3278 judex
982 3187 1190 3279 appellationi
1203 3188 1274 3279 ejus
1290 3189 1425 3272 deterre,
1494 3221 1495 3292 3

289 3293 394 3360 enisi
405 3292 520 3381 alleget
530 3314 659 3361 musam
669 3292 906 3379 rationabilem,
917 3295 1066 3386 obqnam
1074 3295 1428 3386 oessetistaprasump
1494 3307 1495 3356 ἓ

289 3426 306 3465 e
329 3400 387 3468 tio.
406 3424 422 3461 o
444 3398 502 3487 (lla
517 3398 822 3489 Sohmalzgrueber,
838 3400 873 3467 in
889 3400 939 3467 tit.
954 3405 1010 3487 28,
1025 3401 1048 3468 l.
1068 3402 1245 3488 2Deeret.,
1263 3426 1298 3470 n.
1317 3404 1386 3491 59.)
1494 3405 1495 3410 ’

329 3506 393 3589 Qui
420 3504 613 3597 appellando
628 3527 648 3573 a
661 3507 821 3575 sententia
847 3506 1016 3575 definitiva
1038 3508 1200 3599 expressit
1213 3509 1358 3601 aliquam
1372 3532 1426 3598 ap

284 3611 467 3705 pollutionis
483 3632 626 3695 causan
655 3620 760 3704 potest
784 3634 892 3681 eoram
906 3613 1016 3704 judice
1040 3614 1088 3683 ad
1111 3638 1208 3706 quern
1232 3615 1313 3684 alias
1333 3616 1426 3683 etiam

285 3740 398 3787 causas
414 3739 478 3785 non
495 3738 665 3808 expressas
682 3720 833 3811 prosequi
852 3748 860 3787 :
879 3720 946 3788 imo
971 3722 1067 3789 etiam
1090 3743 1174 3789 nova
1197 3721 1424 3804 instrumenta,

284 3826 335 3893 vel
364 3846 466 3893 novos
492 3832 588 3891 testes
613 3823 803 3914 producere,
822 3836 854 3895 et
878 3828 969 3918 prius
986 3850 1050 3896 non
1066 3826 1203 3918 allegata
1227 3828 1379 3919 allegare,
1397 3835 1426 3893 et

286 3954 351 4000 non
380 3931 514 4024 probata
539 3930 695 4022 probare3
725 3942 823 4023 prout
836 3943 961 4003 constat
973 3957 1014 4002 ex
1041 3936 1143 4025 capite
1160 3938 1303 4003 loannes
1320 3938 1373 4027 (to
1389 3932 1428 4001 de

283 4036 363 4107 Fide
382 4036 706 4125 instrumentorttm);
725 4058 765 4105 ex
790 4038 861 4128 lega
875 4042 942 4107 Eos
957 4040 1016 4131 qni
1037 4040 1083 4131 (6,
1101 4035 1130 4109 ό.
1153 4040 1192 4109 de
1214 4042 1364 4134 Appell.);
1383 4062 1424 4106 ex

283 4144 355 4233 lege
373 4146 437 4211 Per
449 4142 534 4210 lanc
549 4142 593 4231 (t,
611 4164 640 4211 o.
659 4140 698 4209 de
714 4144 824 4234 Temp.
841 4146 992 4236 appell).
1007 4144 1224 4215 Seousaman
1237 4149 1271 4215 iu
1283 4147 1424 4240 appella·

284 4250 369 4320 tione
385 4250 426 4319 ab
442 4248 696 4341 interlocutoria,
712 4259 748 4317 ut
764 4252 874 4320 statim
890 4252 1029 4321 dioetur.
