3050 4984
573 518 646 563 runs
676 516 822 563 aunuum.
1202 496 1262 562 uu

168 636 204 705 Si
222 660 301 706 vero
318 660 411 707 error
435 640 469 707 iu
492 638 651 707 sententia
667 660 734 706 non
756 637 973 729 exprimatur,
997 636 1170 706 dicendum
1193 659 1269 706 sen-

124 744 272 830 tentiam,
287 745 347 813 etsi
356 745 437 835 legis
447 745 607 833 laesivam,
621 766 689 813 csse
701 743 863 831 validam;
878 744 923 812 itu
933 753 969 812 ut
980 745 1042 813 nisi
1057 745 1144 813 intra
1157 745 1268 813 decem

124 849 197 920 dies
210 852 403 943 appelletur,
426 860 566 921 transeat
586 852 620 921 in
635 874 706 920 rem
726 851 916 942 judicatam.
937 850 1022 919 Vide
1042 852 1076 919 id
1095 852 1268 942 probatum

122 958 212 1049 apud
225 958 517 1050 Schmalzgrueber
534 960 582 1051 (in
592 959 639 1028 tit.
660 963 715 1045 27,
730 958 810 1027 libri
823 961 844 1025 2
859 957 970 1043 Deru,
988 981 1021 1025 n.
1042 958 1110 1046 tt).

168 1094 210 1162 ll.
235 1097 284 1161 An
301 1095 410 1163 volem
429 1096 588 1163 sentenia
609 1106 723 1163 contro
731 1096 753 1186 j
756 1116 795 1163 us
810 1094 970 1185 litiqautis
985 1094 1078 1162 loto?
1098 1132 1142 1147 -—
1157 1094 1270 1175 Quan—
1356 1167 1360 1173 ,

125 1202 250 1268 tumvis
264 1201 424 1292 ejusmodi
440 1202 598 1269 sententia
611 1201 724 1293 iniqua
737 1201 781 1268 sit
796 1200 906 1289 (modo
920 1208 1028 1269 tamen
1044 1199 1199 1292 iniquitas
1212 1225 1271 1271 no-

126 1308 213 1375 toria
230 1308 377 1396 nonsit),
390 1309 569 1377 sustinetur
583 1330 641 1376 seu
655 1305 841 1394 validaest3
857 1308 903 1375 ita
915 1318 951 1375 ut
963 1308 1024 1376 nisi
1039 1308 1272 1379 condemnatus

124 1414 212 1481 intra
227 1413 422 1483 decendium
436 1413 589 1508 appellet,
604 1414 640 1483 iu
656 1436 726 1483 rem
738 1413 916 1504 judicatam
933 1422 1084 1483 transeat.
1102 1415 1273 1483 ltatenent

125 1520 274 1590 doctores
286 1522 522 1599 communiterr
542 1530 639 1613 atque
660 1522 705 1590 ita
719 1541 834 1589 revera
856 1520 1045 1607 tenendum,
1061 1520 1135 1589 vide
1150 1522 1273 1611 proba-

126 1635 198 1695 tum
214 1627 301 1720 apud
316 1627 609 1718 Schmulzgrueber
622 1628 730 1718 (citato
746 1625 829 1713 loco,
848 1650 881 1696 n.
901 1628 968 1717 ts).

171 1770 316 1853 Qunsno
327 1775 374 1838 7³.
386 1812 430 1823 -
441 1772 490 1841 An
498 1770 611 1862 jodici
620 1768 799 1862 aliqumrdo
810 1769 907 1839 licent
918 1772 1100 1862 contrajac
1108 1774 1269 1851 structum,

127 1902 167 1945 er
189 1880 344 1971 equitate
359 1879 411 1948 cel
424 1879 493 1947 clia
509 1876 549 1946 de
567 1900 667 1947 causa
684 1877 924 1969 promtiore?
938 1917 983 1929 ·-
998 1878 1272 1971 Respondendum

125 1986 277 2073 negative
291 1985 400 2076 quoad
412 1986 556 2077 judicem
571 1984 775 2069 inferiorem,
791 1983 825 2052 id
841 1994 889 2052 est
902 2007 1001 2077 penes
1014 2007 1112 2076 quem
1131 2009 1198 2056 non
1213 1995 1275 2055 stat

127 2099 268 2181 potestas
283 2092 389 2181 legem
411 2094 514 2183 ipsam
536 2089 671 2159 tollendi
692 2098 750 2159 ant
764 2091 926 2160 mutandi.
949 2096 1056 2183 Atque
1076 2094 1121 2160 ita
1142 2094 1276 2163 tradunt

126 2198 275 2266 doctores
296 2198 572 2267 communissima.
600 2223 616 2261 o
633 2198 728 2266 Ratio
744 2207 805 2283 est,
828 2199 906 2288 quia
921 2199 996 2266 facti
1011 2200 1115 2268 solum
1137 2202 1275 2291 quaestio

129 2331 146 2369 u
169 2304 290 2395 judicis
306 2305 443 2373 arbitrio
458 2304 672 2398 relinquitur:
692 2327 768 2397 quae
782 2313 893 2373 autem
907 2315 984 2373 suut
1002 2305 1099 2397 juris,
1119 2307 1200 2395 legis
1214 2330 1274 2375 au-

128 2436 145 2475 «
171 2412 328 2481 thoritati.
347 2410 441 2483 Unde
455 2413 483 2479 si
499 2420 611 2481 contra
621 2411 677 2502 jus
688 2434 840 2503 expresse
851 2410 952 2501 judex
967 2415 1166 2503 pronuntiet,
1180 2413 1276 2483 lunc-

128 2547 144 2583 «
172 2519 294 2587 tionem
306 2516 429 2609 judicis
443 2541 606 2609 egressus,
627 2518 845 2608 legislatorem
866 2541 900 2585 se
920 2519 1034 2587 facit...
1051 2546 1069 2581 u
1096 2520 1275 2610 (Schmalz-

125 2624 283 2713 grueber,
299 2624 333 2692 in
351 2626 400 2691 tit.
419 2628 474 2711 27,
492 2624 515 2693 l.
532 2628 551 2691 2
568 2624 678 2711 Deam,
693 2646 727 2691 n.
749 2626 816 2712 47.)

170 2769 316 2851 Quasrro
334 2772 380 2837 8².
394 2806 438 2821 -
450 2770 499 2837 An
514 2766 561 2837 od
573 2768 719 2835 calorem
733 2767 902 2836 senentis
916 2790 1038 2839 necesse
1051 2769 1094 2837 sit
1106 2792 1182 2837 eam
1193 2771 1276 2861 ferri

126 2877 238 2947 citatis
252 2877 432 2969 partibus?
446 2914 490 2929 -
511 2874 738 2966 Respondetur
756 2874 960 2943 affirmative.
978 2874 1020 2943 Et
1038 2876 1169 2967 quidem
1190 2878 1276 2946 trina

126 2986 292 3072 citatione,
305 2985 357 3052 vel
369 3006 435 3052 una
449 2982 680 3075 peremptoria,
698 2990 805 3074 partes
818 2981 925 3051 vocari
934 3004 1062 3051 necesso
1071 2992 1130 3051 est.
1142 2986 1276 3053 Constat

127 3116 169 3161 ex
183 3092 387 3161 Clementina
400 3091 581 3161 Pastoralis
598 3091 643 3181 (2,
660 3089 699 3157 dr
712 3089 882 3158 Sententia
896 3102 927 3156 et
944 3112 979 3157 re
989 3088 1177 3179 judicata);
1195 3114 1276 3159 nec-

126 3222 194 3269 non
207 3222 251 3269 ex
266 3198 338 3288 lege
352 3201 406 3269 Eo
419 3220 492 3289 que
508 3201 542 3283 7,
559 3206 591 3265 et
610 3194 737 3266 duabus
752 3195 976 3287 sequentibus,
995 3196 1081 3265 tituli
1102 3199 1275 3281 Quomodo

127 3322 160 3377 et
174 3306 305 3399 quaudo
319 3305 441 3398 juder,
459 3304 653 3375 iustinianei
668 3303 805 3392 codicis;
823 3326 866 3372 ex
881 3303 1002 3394 quibus
1016 3304 1172 3393 textibus,
1195 3330 1275 3376 sen-

129 3416 251 3502 tentiar,
268 3436 344 3506 quae
366 3412 432 3481 lato
449 3425 497 3481 est
515 3411 616 3480 altero
636 3408 836 3502 litigantium
854 3410 1043 3499 concitato,
1062 3412 1109 3480 rei
1123 3412 1275 3502 judicate

128 3522 269 3591 firmitas
279 3529 431 3612 negatur.

173 3628 208 3699 Si
221 3651 297 3722 pars
312 3628 421 3715 citata,
438 3650 499 3720 per
513 3626 755 3696 contumaciam
771 3646 837 3695 non
858 3632 1055 3716 compareat,
1078 3624 1183 3695 valide
1197 3650 1275 3719 pro-

128 3736 278 3806 nuntiari
290 3734 448 3805 sententia
465 3740 578 3826 potest.
597 3734 731 3802 Constat
746 3755 789 3800 ex
804 3730 903 3799 modo
918 3731 1014 3800 citato
1028 3731 1099 3821 lege
1120 3736 1174 3801 Eo
1189 3758 1273 3825 quae,

127 3864 257 3913 necnon
281 3866 324 3912 ex
349 3840 533 3911 authentica
561 3840 628 3924 Qui
650 3841 750 3908 sonet
771 3838 879 3929 (God,
904 3837 1075 3922 memorio
1094 3841 1277 3931 ecquando

123 3950 262 4043 judee).
280 3950 316 4019 Si
332 3971 408 4041 pars
427 3948 523 4017 citata
541 3946 636 4034 absit,
653 3946 709 4014 sed
725 3944 846 4037 absque
858 3944 1078 4026 contumacia,
1099 3944 1133 4012 id
1151 3955 1211 4034 est,
1233 3971 1275 4017 ex

123 4060 218 4151 justa
226 4080 334 4143 causa,
347 4057 400 4125 vel
413 4055 470 4125 illa
477 4055 565 4146 justa
576 4076 675 4123 causa
687 4060 763 4121 nota
776 4049 946 4144 estjudici,
960 4051 1012 4121 vel
1025 4074 1102 4119 non.
1116 4052 1157 4121 Si
1164 4053 1273 4143 prius,

128 4173 166 4233 et
183 4162 394 4232 nihilominus
406 4162 510 4255 judex
522 4160 720 4253 pronuntiet,
733 4160 806 4251 ejus
819 4158 976 4229 sententia
988 4157 1080 4227 nulla
1097 4168 1159 4246 est,
1173 4180 1214 4229 ex
1231 4162 1278 4229 ci·

130 4269 211 4342 tatis
225 4270 383 4358 textibus,
398 4270 428 4338 si
438 4268 610 4363 postem,
628 4268 714 4337 valet
732 4266 906 4356 sententia,
926 4264 983 4336 scd
1002 4266 1169 4335 retractari
1183 4267 1278 4343 debet
