3050 4984
541 504 617 553 rsus
640 504 787 554 securos.
1188 490 1229 557 29

99 624 258 694 tiotionem
277 624 478 695 clamentiae
497 626 649 707 monitio,
667 639 698 696 et
720 627 965 720 inquisitionem
982 627 1126 700 clamoso
1148 631 1233 701 iusi-

100 735 205 803 onotio
216 734 409 826 presumite.
426 734 496 803 imo
510 736 725 805 accusationis
739 738 795 806 via
806 736 983 832 aliqnando
998 738 1088 809 solos
1103 740 1165 807 fuit
1176 763 1231 809 or·

99 840 236 910 ouras
251 838 447 932 procedendi
470 840 603 925 modus3
625 848 799 933 antequam
825 864 943 935 nempe
965 842 1099 912 inducta
1115 842 1233 913 inisset

98 948 200 1037 alosa,
215 971 314 1041 wem
339 946 562 1040 inquisitionis
581 956 711 1035 vocant,
728 970 855 1017 norma.
878 948 951 1030 Quo
970 950 1006 1017 in
1029 958 1231 1019 antecessum

100 1063 280 1145 prenotato,
297 1054 338 1123 ad
354 1056 531 1147 propositas
551 1054 742 1147 questionis
761 1056 988 1126 enodationem
1006 1055 1232 1127 deveniamus.

139 1167 166 1231 i.
183 1162 378 1231 Nabataeus
391 1162 518 1247 sublata
530 1160 639 1253 quoad
660 1162 876 1231 substantiam
894 1163 1055 1232 censenda
1068 1171 1117 1231 est
1131 1186 1233 1234 acau-

98 1271 221 1339 sationis
236 1270 301 1339 via.
317 1270 387 1338 Lex
400 1270 489 1337 enim
504 1269 659 1337 canonica
673 1268 714 1337 de
728 1292 795 1361 qua
809 1270 988 1339 oerdmime
1002 1280 1137 1360 constat,
1151 1272 1233 1341 sub-

98 1378 153 1445 lata
166 1376 327 1447 censenda
346 1385 489 1463 nonest,
506 1376 572 1445 nisi
592 1376 828 1468 supervenerit,
845 1377 897 1445 vel
916 1376 1084 1469 dispositio
1098 1387 1232 1447 contra-

98 1486 141 1553 ria
162 1508 237 1576 quse
256 1507 328 1554 eam
350 1483 580 1570 enuntiaverit,
598 1484 650 1551 vei
676 1485 839 1553 contraria
862 1484 1062 1554 consuetudo
1086 1486 1232 1576 legitime

97 1594 290 1685 prescripta,
305 1614 380 1683 quae
399 1591 467 1659 vim
487 1590 517 1659 oi
536 1589 705 1659 ademerit.
723 1591 827 1683 Atqui
852 1600 969 1662 nentm
989 1592 1086 1663 modo
1105 1594 1232 1662 sublata

96 1700 220 1789 probari
236 1706 340 1791 potest
359 1697 572 1767 accusationis
588 1696 651 1765 via.

135 1806 259 1873 Ρνίνηο.
277 1804 351 1873 Non
371 1804 481 1895 aliqua
502 1802 710 1895 dispositione
732 1806 904 1873 contraria.
922 1805 1047 1875 Nuilibi
1066 1808 1154 1876 enim
1173 1828 1231 1877 oc-

96 1914 193 1981 currit
208 1912 315 1981 ullum
331 1911 497 1979 decretum
510 1911 728 2001 pontificium,
743 1934 811 2003 quo
834 1919 996 1982 statuatur
1011 1914 1144 2004 posthac
1159 1914 1233 1983 lici-

97 2030 160 2089 tum
172 2044 240 2091 non
254 2020 325 2089 iore
339 2042 453 2089 causas
466 2019 651 2088 criminales
665 2020 822 2111 perviam
837 2022 1049 2090 assumtionis
1063 2024 1231 2114 expedire.

96 2130 226 2197 inducta
241 2127 374 2221 quidem
396 2127 461 2195 iuit
479 2135 710 2195 concurrenter
725 2127 946 2220 inquisitionis
962 2136 995 2196 et
1013 2130 1232 2199 denuntiatio-

95 2237 140 2304 nis
163 2237 234 2316 νίας
260 2234 316 2305 sed
342 2234 422 2303 dum
444 2234 524 2302 liciti
548 2234 623 2301 iacti
646 2234 742 2303 etiam
769 2244 847 2303 sunt
871 2234 927 2303 isti
952 2233 1019 2304 duo
1039 2239 1234 2327 posteriores

95 2342 192 2429 orodi,
215 2343 307 2435 prior
327 2341 515 2411 annullatus
540 2361 607 2409 non
628 2340 708 2428 fuit,
732 2350 769 2409 nt
790 2350 878 2433 patet
899 2364 940 2409 ex
963 2343 1059 2411 citata
1080 2344 1233 2413 decretali

93 2450 272 2520 innocentii
298 2450 354 2537 lii,
383 2448 440 2541 qui
464 2457 530 2517 tres
556 2447 654 2517 simui
677 2448 792 2518 modos
817 2448 994 2540 permissos
1018 2460 1174 2543 aptasque
1200 2461 1232 2521 et

93 2558 240 2627 adhiberi
252 2558 364 2627 solitos
376 2556 528 2627 declarat.

26 2692 27 2701 ¹
132 2665 295 2735 Secundo.
312 2664 376 2733 Sed
394 2686 500 2756 neque
521 2663 640 2755 opponi
666 2671 772 2754 potest
793 2664 956 2752 generalis
977 2664 1013 2733 in
1031 2668 1233 2735 contrarium

94 2772 302 2859 consuetudo,
320 2795 384 2864 qua
399 2772 511 2840 illicita
524 2771 662 2839 evaserit
676 2770 888 2841 accusationis
901 2773 956 2842 via
970 2799 978 2840 :
996 2795 1072 2841 nam
1085 2774 1127 2841 ad
1141 2797 1232 2843 sum-

96 2904 183 2949 mum
197 2881 262 2949 dici
276 2889 380 2972 potest
401 2880 498 2948 hodie
520 2880 555 2945 in
579 2878 650 2948 toro
668 2877 882 2947 ecclesiastico
903 2902 1079 2971 nonquam
1101 2883 1232 2971 procedi

94 3012 146 3077 per
163 2990 286 3057 hancce
309 2987 521 3057 accusationis
537 3006 686 3053 normam
695 3011 705 3073 3
722 2986 781 3053 sed
794 3008 853 3076 per
866 2986 967 3056 solam
981 2988 1070 3057 riam
1093 2989 1233 3079 inquisi-

93 3097 200 3182 tionis,
216 3095 286 3163 sive
300 3117 341 3163 ex
362 3115 452 3162 mero
465 3092 587 3185 judicis
601 3092 721 3181 officio,
737 3092 807 3160 sive
825 3092 867 3160 ad
887 3094 988 3184 partis
1009 3092 1231 3167 denuntiantis

26 3278 27 3287 χ
94 3204 297 3288 instantiam,
311 3202 356 3269 ita
369 3210 405 3269 ut
418 3201 615 3269 accusatoris
629 3212 735 3291 partes
747 3200 817 3288 jam
828 3222 848 3267 a
859 3200 962 3269 multo
976 3209 1123 3292 tempore
1137 3226 1234 3295 agere

26 3376 27 3383 ,
94 3312 192 3380 soleat
205 3310 325 3378 fiscalis
346 3331 404 3379 seu
423 3317 600 3399 promotor.
619 3309 687 3376 imo
709 3308 798 3400 quod
820 3330 995 3399 nomam
1016 3312 1151 3381 omniuo
1173 3312 1235 3383 ho-

26 3454 27 3493 r
94 3420 140 3487 die
169 3418 364 3487 adhibeatur
386 3417 598 3485 accusationis
624 3416 690 3503 via,
716 3415 846 3484 diiiicile
872 3417 1004 3507 probari
1027 3429 1150 3509 posset,
1177 3421 1233 3491 sed

26 3532 28 3547 '
93 3536 157 3595 esto
178 3526 223 3594 ita
242 3548 276 3593 se
299 3546 352 3593 res
373 3523 489 3593 babeat
506 3549 513 3591 :
530 3522 564 3593 id
584 3532 712 3591 tantum
732 3524 946 3611 demonstrat,
963 3547 1019 3593 eos
1038 3527 1095 3617 qui
1120 3529 1235 3619 puniri

92 3634 235 3725 aliquem
260 3632 501 3724 delinquentem
521 3629 648 3719 volunt,
668 3630 708 3699 de
733 3630 818 3699 facto
839 3632 935 3699 malie
956 3654 1040 3701 onus
1062 3636 1235 3705 accusandi

93 3742 267 3829 declinare,
275 3749 307 3807 et
318 3746 418 3809 mtam
429 3760 501 3807 eam
515 3758 627 3807 curam
638 3736 742 3828 judici
754 3738 897 3829 etipsius
909 3738 1011 3807 fiscali
1026 3741 1232 3834 relinquere:

93 3871 155 3917 non
176 3858 286 3917 autem
307 3846 508 3915 demonstrat
530 3844 679 3913 illicitam
699 3845 780 3935 ipsis
805 3867 875 3913 esse
899 3847 1114 3917 accusationis
1130 3853 1233 3924 rioms

94 3954 132 4023 Ut
147 3978 267 4047 nempe
288 3954 521 4023 consuetudine
542 3952 704 4021 contraria
717 3953 827 4020 illicita
845 3955 986 4023 evasisse
1007 3958 1167 4025 censenda
1181 3958 1233 4028 io-

95 4071 139 4131 ret
161 4062 377 4131 accusationis
402 4061 466 4148 via,
483 4059 647 4129 debuisset
668 4060 704 4127 in
722 4060 796 4127 ioro
819 4061 1033 4131 ecclesiastico
1055 4064 1231 4135 invaluisse

97 4171 204 4257 praxis
218 4192 275 4239 eos
291 4168 480 4259 repellendi,
497 4169 554 4258 qui
569 4178 726 4259 tanquam
742 4177 943 4237 accusatores
958 4176 1043 4238 stare
1057 4172 1093 4238 in
1110 4171 1234 4261 judicio

98 4278 217 4346 rolant.
237 4278 285 4345 De
300 4277 356 4345 iiia
368 4285 476 4346 autern
492 4276 636 4367 generali
653 4275 890 4344 consuetudine
911 4279 1118 4367 superiorum
1131 4282 1235 4351 eccie-
