3050 4984
299 504 361 570 2l6
672 524 849 571 ranomrus
872 526 911 569 nn
932 524 1065 571 sumens.

300 676 316 713 «
341 648 464 735 metiri,
481 648 549 715 sive
563 647 782 738 capitulorum
799 654 855 716 aut
866 656 1080 738 repertorum,
1091 649 1247 718 tradenda
1259 657 1307 717 est
1319 672 1438 742 sump-

300 784 315 820 a
339 756 426 825 tibus
441 756 543 847 ipsius
555 756 623 843 rei,
633 756 690 847 qui
704 763 811 847 petere
821 755 914 824 illam
925 754 1020 824 debet
1034 779 1055 823 a
1069 756 1196 826 notario
1206 758 1274 825 sive
1287 759 1438 827 actuario

299 891 315 929 «
338 886 461 951 causae3
479 886 552 932 cum
566 862 669 955 judex
683 862 814 931 functus
822 863 864 931 sit
875 861 979 931 officio
992 885 1053 931 suo
1064 862 1098 931 in
1113 863 1186 949 hoc,
1200 863 1279 933 dum
1290 862 1438 933 decrevit

298 1000 315 1035 u
338 971 428 1040 illam
442 994 511 1039 esse
527 970 731 1039 tradendam.
746 969 844 1037 Fallit
867 977 977 1039 tamen
995 969 1058 1039 boc
1079 971 1114 1038 in
1129 971 1339 1063 pauperibus,
1355 973 1438 1062 qui-

298 1108 315 1145 «
336 1081 399 1148 bus
413 1077 569 1148 tradenda
583 1085 631 1145 est
645 1078 749 1169 copia,
769 1078 838 1145 sive
860 1076 1028 1167 originalis
1045 1100 1214 1169 processus
1228 1078 1298 1147 looo
1314 1080 1436 1171 copiae,

296 1212 312 1249 a
336 1185 446 1275 gratis.
464 1211 481 1250 n
503 1183 727 1276 (Pellegrinus,
745 1191 828 1274 pert.
849 1187 880 1270 l,
898 1192 974 1253 sect.
991 1187 1044 1270 to,
1062 1206 1096 1253 u.
1119 1186 1186 1275 12.)

337 1297 367 1360 e.
382 1292 562 1361 Publicatio
576 1312 744 1383 processus
757 1289 919 1382 duplicem
932 1292 1033 1361 trabit
1043 1293 1138 1360 valde
1147 1293 1323 1361 notabilem
1335 1292 1436 1363 effec-

291 1407 359 1469 tum
388 1403 448 1467 :1⁰
472 1420 590 1490 nempe
606 1406 642 1465 ut
653 1398 723 1489 jam
749 1407 889 1489 nequeat
912 1397 1018 1489 (juxta
1043 1399 1292 1490 probabiliorem
1318 1401 1436 1469 saltem

291 1506 459 1575 doctorum
476 1504 681 1592 sententiam)
703 1504 890 1574 ullusulius
906 1506 994 1573 lestis
1010 1528 1070 1596 pro
1083 1506 1314 1575 informatione
1327 1508 1437 1577 curiae

290 1612 416 1681 admitti
442 1620 474 1680 et
499 1612 681 1679 examinari
712 1611 802 1703 (vide
830 1610 1069 1701 Pellegrinum,
1099 1622 1183 1705 pert.
1217 1618 1248 1701 l,
1277 1623 1343 1682 sect
1374 1619 1434 1701 to,

290 1744 323 1788 n.
342 1720 417 1811 to);
436 1723 470 1786 2⁰
485 1728 521 1788 ut
535 1741 591 1787 reo
605 1718 738 1811 incipiat
748 1720 803 1810 jus
817 1717 975 1788 habendae
988 1742 1158 1812 processus
1171 1722 1285 1813 copiae.

335 1833 366 1894 7.
382 1826 541 1909 Quamvis
552 1824 667 1917 judex,
682 1825 845 1917 publicato
865 1849 1016 1917 processu
1030 1826 1199 1917 offensivo,
1214 1836 1363 1897 teneatur
1373 1853 1438 1900 reo

291 1935 409 2027 petenti
424 1933 597 2002 concedere
611 1932 756 2025 ejusdem
770 1954 939 2025 processus
948 1935 1089 2025 copiam,
1104 1957 1170 2003 non
1182 1943 1289 2004 tamen
1301 1944 1438 2005 tenetur

290 2040 330 2108 ad
348 2040 584 2109 manifestanda
596 2041 661 2131 ipsi
676 2040 805 2107 testium
820 2040 953 2108 nomina
972 2049 1148 2131 numquam
1169 2049 1264 2110 testes
1276 2052 1438 2134 repetan-

290 2157 362 2225 tur;
381 2146 443 2214 nisi
457 2168 531 2214 reus
554 2146 631 2213 velit
650 2168 838 2235 processum
863 2145 926 2212 buc
950 2168 1053 2237 usque
1069 2146 1215 2215 habitum
1232 2149 1433 2240 lepitimore,

290 2255 324 2322 id
340 2262 400 2339 est,
414 2254 477 2321 nisi
489 2253 628 2321 declaret
642 2276 675 2320 se
689 2252 810 2320 habere
822 2260 919 2319 testes
935 2253 971 2319 in
984 2253 1194 2323 informativo
1209 2277 1362 2347 processu
1374 2279 1434 2326 re·

291 2370 399 2453 ceptus
418 2384 481 2452 pro
494 2362 557 2428 n'te
572 2373 603 2428 et
627 2373 710 2428 reete
735 2359 845 2427 citatis
860 2374 891 2427 et
906 2361 1117 2429 examinatis.
1134 2362 1218 2430 Hinc
1235 2364 1269 2429 in
1286 2362 1436 2433 formula

290 2492 354 2561 qua
367 2468 469 2560 judex
484 2466 602 2536 dictam
618 2468 743 2557 copiam
769 2468 926 2552 concedit,
950 2468 1083 2559 apponit
1109 2468 1192 2537 banc
1214 2478 1271 2539 aut
1286 2470 1434 2539 similem

291 2575 470 2645 clausulam
490 2602 497 2642 ι
512 2574 638 2666 Absque
649 2574 782 2642 nomine
796 2574 940 2654 testium,
957 2574 1023 2642 niat'
1033 2597 1179 2667 expresse
1193 2598 1266 2644 rests
1279 2576 1435 2645 declaro·

291 2684 372 2751 verit
386 2706 418 2751 se
433 2682 534 2751 dictos
558 2694 649 2749 testes
663 2681 782 2749 babere
790 2704 856 2774 pro
872 2682 935 2749 rite
958 2696 989 2750 et
1011 2696 1095 2751 recte
1120 2684 1339 2765 conmutatis·
1362 2708 1436 2775 prta

286 2795 377 2881 sacto
392 2790 621 2870 declaratione,
640 2790 740 2856 etium
763 2788 898 2856 nemim
923 2791 1054 2858 testium
1073 2790 1138 2881 ipsi
1153 2789 1364 2881 pandantur.
1383 2792 1435 2861 De

290 2922 354 2989 quo
368 2896 441 2966 vide
452 2896 538 2965 dicta
550 2897 585 2963 in
600 2904 709 2965 nostro
723 2895 928 2964 formulario.

337 3010 367 3073 8.
385 3006 482 3074 Facta
495 3012 602 3072 autem
619 3003 776 3094 praedicto
793 3004 889 3071 modo
904 3003 1119 3094 publicatione
1135 3026 1318 3095 processus,
1333 3005 1437 3074 data-

291 3135 354 3203 que
368 3134 423 3179 reo
431 3120 564 3180 actuum
575 3110 678 3201 copia,
690 3109 794 3177 eidem
812 3111 996 3200 assignatur
1010 3110 1169 3179 terminus
1179 3111 1222 3179 ad
1233 3112 1436 3203 porrigenda

289 3220 552 3310 interroquton'o,
569 3218 597 3285 si
612 3240 677 3310 qua
692 3216 846 3285 exhibere
860 3216 949 3285 velit.
966 3216 1034 3285 Hoc
1047 3224 1156 3285 autem
1169 3220 1300 3287 nomine
1313 3220 1436 3289 dicun-

292 3338 345 3395 tur
372 3327 476 3417 oapita
501 3326 570 3410 illa,
586 3326 626 3393 dc
650 3325 771 3418 quibus
785 3346 862 3393 reus
875 3325 1016 3415 postulat
1031 3324 1225 3416 interrogari
1241 3335 1350 3413 testes,
1367 3351 1435 3419 pro

290 3434 520 3503 informatione
536 3432 636 3501 curiae
650 3432 721 3525 jam
734 3431 949 3500 examinatos.

334 3542 561 3632 Proponentur
573 3546 682 3608 autem
694 3538 908 3608 testibushaec
918 3538 1179 3629 interrogatoria,
1189 3549 1221 3609 et
1233 3542 1435 3633 recipientur

289 3672 405 3719 eorum
419 3669 583 3739 responsa,
601 3648 669 3715 sive
692 3647 726 3714 in
746 3648 816 3739 ipsa
831 3646 1018 3738 repetitione
1043 3647 1186 3733 testium,
1202 3648 1229 3715 si
1245 3670 1321 3717 reus
1344 3648 1435 3720 hanc

290 3754 362 3823 fieri
377 3754 501 3844 exigat,
519 3752 587 3821 sive
602 3753 724 3845 absque
737 3754 793 3821 illa
804 3752 1005 3844 repetitione,
1022 3752 1051 3821 si
1062 3775 1138 3821 reus
1152 3754 1202 3823 illi
1216 3756 1383 3823 renuntiet
1397 3767 1434 3826 et

288 3862 427 3931 declaret
453 3884 487 3929 se
510 3860 628 3929 habere
643 3883 703 3953 pro
718 3860 861 3950 legitime
874 3860 1069 3929 examinatis
1082 3870 1178 3930 testes
1191 3885 1251 3953 pro
1266 3863 1433 3935 informa-

289 3971 374 4039 tione
386 3969 486 4039 curiae
499 3966 673 4038 adhibitos.
