3050 4984
319 486 379 549 582
692 505 869 552 rnncrnrus
891 507 930 552 oe
951 507 1083 552 sonions.

317 626 494 695 tulimussi
507 637 538 695 et
552 627 588 696 in
602 638 778 717 quantum,
796 639 828 696 et
841 627 1006 720 apostolos
1017 649 1081 696 esse
1091 627 1305 697 concedendos
1314 629 1455 697 mmi-

317 756 401 804 mus.
416 735 589 806 Datnmin
600 735 797 804 cancellario
810 735 998 828 episcopali,
1016 735 1069 805 dic
1141 736 1259 804 mensis
1326 759 1452 805 mmo...

316 881 359 894 -
374 846 447 935 Epo
462 846 521 926 N.,
546 843 691 913 Viccrins
704 844 876 935 pcnercls's.
893 883 939 896 -
952 845 1026 935 Epo
1041 847 1100 926 N.,
1117 842 1297 928 actuarius.
1313 869 1334 907 a

358 989 458 1060 Noto.
474 985 568 1056 -Si
580 985 682 1079 judex
696 987 731 1055 in
748 987 940 1081 repetitione
962 987 1093 1058 testium
1108 996 1166 1056 aut
1180 985 1217 1056 in
1229 1008 1388 1080 processu
1402 987 1454 1055 de-

314 1095 440 1165 fensivo
452 1094 597 1188 aliquem
613 1104 726 1164 testem
742 1095 854 1165 omisit
868 1095 1083 1185 interrogare,
1096 1096 1149 1164 vel
1164 1117 1365 1188 responsum
1380 1119 1456 1186 sng-

313 1203 424 1294 gessit,
442 1202 495 1272 vcl
523 1203 559 1271 in
585 1203 731 1272 favorem
747 1204 795 1272 rei
821 1225 889 1272 non
902 1209 1014 1271 exacte
1028 1203 1240 1291 examinavit,
1269 1203 1378 1273 aliave
1391 1205 1456 1272 hu-

308 1309 453 1402 jusmodi
469 1311 662 1400 gravamine
685 1309 807 1397 intulit,
833 1318 938 1401 potest
965 1317 1123 1401 patmnus
1150 1310 1200 1379 rei
1224 1332 1283 1402 per
1305 1309 1452 1378 libellam

311 1421 420 1508 petere
440 1423 478 1484 ut
492 1413 669 1484 defectibus
693 1414 901 1508 suppleatur3
925 1423 968 1502 ct,
984 1415 1015 1483 si
1026 1414 1131 1507 judex
1146 1422 1278 1502 renuat,
1292 1413 1454 1506 appellare

312 1529 344 1590 et
360 1529 467 1613 petere
479 1521 650 1613 apostolos.
669 1521 734 1591 Pro
749 1543 815 1614 qno
830 1521 983 1591 formulas
996 1521 1090 1591 facile
1113 1545 1156 1592 ex
1172 1521 1366 1614 praemissis,
1385 1545 1454 1590 mn·

312 1625 387 1696 tatis
401 1627 577 1716 mutandis,
594 1629 783 1700 concinnari
798 1637 965 1721 poterunt.

753 1937 898 2009 CAPUT
921 1937 1008 2008 XLI.

310 2133 412 2181 ronne
445 2131 655 2180 ransmrrnnor
695 2131 913 2179 impensiones
943 2133 1001 2179 rno
1032 2133 1129 2179 ranna
1162 2133 1369 2182 ucenssroms
1400 2137 1456 2182 m

614 2239 700 2307 risu,
724 2239 845 2288 connnn
866 2239 1068 2287 assensiones
1089 2241 1151 2287 nm.

360 2437 483 2505 «Anco
556 2455 663 2504 mense
736 2434 789 2503 dic
807 2485 858 2516 ...,
878 2446 1087 2527 praesentata
1108 2438 1246 2527 [nonem
1264 2459 1328 2528 per
1350 2437 1457 2506 domi-

310 2567 393 2616 num
407 2547 450 2616 N.
475 2544 716 2633 (accusatorem,
731 2541 786 2612 vel
799 2543 996 2612 accusatoris
1010 2551 1200 2634 patronum,
1216 2543 1243 2611 si
1260 2547 1458 2636 procedatur

311 2653 366 2724 vin
379 2651 591 2721 accusationis
610 2677 617 2716 :
636 2649 663 2718 si
686 2673 764 2718 vero
787 2649 984 2741 procedatur
997 2651 1052 2718 via
1064 2650 1322 2720 denuntiationis
1345 2663 1406 2722 aut
1419 2677 1456 2722 ex

312 2783 402 2832 mero
416 2758 524 2830 officio
552 2765 704 2850 ponatur,
721 2780 780 2849 per
800 2756 971 2827 dominum
985 2757 1043 2847 N.,
1060 2765 1281 2851 promotorem
1295 2759 1455 2846 fiscalem,

312 2870 363 2938 vel
386 2868 581 2939 advocatum
604 2863 759 2954 fiscalem)
779 2864 997 2958 responsiones
1022 2864 1261 2957 descensionibus
1287 2868 1458 2958 productis

309 2999 373 3068 pro
398 2973 531 3046 domino
557 2976 600 3046 N.
630 2994 697 3054 reo,
722 2984 824 3063 prout
850 2973 884 3039 in
908 2973 1018 3041 actis:
1039 2995 1113 3063 qun
1128 2973 1355 3065 responsiones
1371 2977 1458 3044 inci-

309 3085 409 3178 piunt
428 3135 479 3164 ...,
495 3094 527 3151 ct
538 3081 688 3152 desinont
762 3092 793 3149 et
806 3093 883 3148 sunt
900 3079 1018 3150 torono
1031 3081 1203 3171 sequentis,
1220 3081 1371 3152 uidelicet
1390 3111 1402 3150 :
1419 3087 1458 3173 (et

313 3193 360 3262 ibi
379 3187 630 3279 describantur).
648 3191 762 3279 Supra
777 3188 906 3279 scriptae
927 3201 1040 3256 antem
1054 3187 1286 3278 responsiones,
1301 3189 1346 3259 dc
1358 3213 1457 3260 mon-

313 3299 392 3368 nato
418 3295 583 3366 reverendi
609 3299 667 3377 N.,
705 3294 827 3365 Vicarii
843 3295 1015 3388 pennulis,
1041 3296 1291 3366 communicatas
1319 3299 1457 3388 (uerrunt

312 3406 445 3476 domino
459 3409 516 3490 N.,
528 3417 672 3496 patrono
688 3403 768 3473 dicti
780 3403 839 3472 rei.
855 3407 894 3472 In
907 3425 1049 3495 quornm
1056 3401 1169 3495 fidem.
1180 3408 1308 3497 —Epo
1322 3409 1385 3491 N.,
1402 3431 1459 3476 nc-

314 3512 490 3582 tuosius.»

753 3687 898 3761 CAPUT
920 3687 1022 3760 XLll.

314 3888 417 3938 FORHA
439 3883 653 3935 ammanus
686 3883 920 3930 nasammonas
948 3884 1006 3931 PRO
1029 3885 1128 3932 PARTE
1150 3885 1213 3945 im,
1238 3885 1361 3935 cunm
1386 3889 1456 3936 RES·

594 3991 757 4040 sonetonss
779 3989 980 4039 nocnmoms
1002 3991 1063 4040 VEL
1085 3990 1171 4038 ΠΜ.

361 4170 486 4239 «Anno
559 4187 667 4236 meuc
753 4164 807 4234 die
826 4216 879 4250 ...,
894 4176 1101 4259 presentata
1113 4167 1249 4258 serenent
1272 4193 1294 4238 a
1322 4169 1454 4241 domno

313 4283 371 4362 N.,
395 4289 537 4367 patrono
561 4275 609 4348 rei
630 4273 688 4367 qui
710 4295 825 4366 neno,
842 4273 1065 4367 replicationes
1087 4286 1202 4368 consrc
1226 4275 1373 4348 &ductu
1389 4301 1453 4371 pro
