3050 4984
311 480 377 547 tao
686 496 864 545 marauna
884 496 924 545 nr
946 496 1084 547 marcus.

310 620 380 691 ficit
391 642 464 689 eam
476 620 519 689 ab
529 618 644 708 altero,
659 618 713 691 rel
728 620 827 689 etiam
842 628 982 713 utroque
993 620 1135 714 conjuge
1145 618 1257 689 asseri
1279 620 1354 691 imo
1369 642 1454 690 aom-

307 728 452 798 maniter
464 735 576 797 tenent
585 726 734 798 doctores
741 728 883 820 plenam
894 726 1021 821 requiri
1029 726 1268 823 probationem,
1285 734 1389 820 prout
1404 750 1454 796 su·

308 856 371 927 pra
382 836 599 905 affirmantem
615 834 912 925 Schmalzgrueber
926 834 1086 907 vidimus.

353 947 387 1013 2.
410 944 546 1012 Certum
570 950 619 1012 est
643 942 730 1012 licite
751 944 824 1012 fieri
840 964 933 1035 posse
947 942 1184 1037 inspectionem
1208 965 1403 1036 corporum,
1419 942 1456 1012 ad

308 1050 520 1121 obtinendam
534 1050 739 1143 impotentiae
753 1050 981 1143 probationem
1008 1052 1182 1144 :corporis
1203 1074 1326 1145 nempe
1353 1052 1421 1122 viri
1441 1074 1458 1118 a

309 1156 445 1227 medicis
458 1165 491 1227 et
503 1156 692 1248 chirurgia:
709 1156 857 1227 immines
871 1180 950 1228 vero
962 1158 1004 1228 ab
1016 1158 1255 1248 obstetricibus,
1272 1159 1457 1229 bonestisre

309 1267 478 1336 matronis.
503 1265 600 1336 Unde
614 1266 643 1335 si
666 1266 767 1336 ambo
792 1267 950 1359 conjuges
974 1266 1171 1337 solationem
1198 1268 1457 1337 matrimoniiex

307 1374 394 1444 dicto
417 1372 656 1467 impedimento
669 1381 794 1466 petant,
811 1380 843 1443 et
866 1374 1116 1467 inspectionem,
1137 1374 1180 1443 ad
1204 1372 1288 1443 illud
1316 1375 1457 1469 impedi-

308 1488 459 1551 mentum
473 1478 684 1573 probandnm
698 1480 930 1568 neceesarium,
947 1480 1059 1551 subire
1078 1482 1196 1570 nolint,
1213 1479 1375 1552 audiendi
1397 1506 1456 1553 nou

307 1596 395 1658 sunt.
412 1588 449 1657 Si
471 1610 550 1658 vero
574 1610 662 1659 unas
677 1588 912 1682 inspectionem
927 1596 1054 1660 mouset
1068 1597 1101 1659 et
1112 1611 1156 1660 ex
1176 1588 1315 1659 alterins
1330 1590 1456 1682 inspec-

306 1698 394 1766 tione
406 1694 571 1765 sufficiens
590 1694 824 1789 impedimenti
836 1694 987 1789 probatio
1011 1718 1080 1767 uon
1091 1696 1228 1785 oriatur,
1244 1694 1370 1766 solutio
1385 1720 1455 1789 pro

305 1803 452 1872 nuntiari
464 1801 578 1895 nequit
595 1829 604 1871 ι
620 1823 714 1872 secus
727 1803 757 1871 si
771 1802 871 1872 unius
886 1802 1062 1872 dumtaxat
1075 1800 1233 1894 inspectio
1244 1801 1324 1869 satis
1336 1801 1454 1893 ablega·

307 1920 377 1981 tam
390 1912 620 2005 impotentiam
634 1910 762 2003 probet.

352 2024 386 2087 2.
401 2018 519 2090 Medici
532 2026 564 2088 et
578 2027 739 2089 matrone
753 2040 829 2111 qnae
841 2016 883 2088 ad
897 2018 1043 2113 eorporis
1054 2016 1291 2111 inspectionem
1301 2014 1456 2087 adhibea-

307 2136 374 2216 tnr,
392 2126 522 2215 debent,
539 2148 607 2196 non
631 2134 762 2196 tantum
785 2148 853 2196 asae
867 2126 964 2197 bonae
990 2125 1103 2214 famae,
1119 2133 1153 2195 et
1173 2147 1193 2193 a
1219 2126 1458 2196 subornationis

307 2235 490 2329 suspicione
504 2234 685 2322 immunes,
701 2233 761 2303 sed
784 2232 921 2326 insuper
942 2257 964 2303 a
985 2232 1096 2326 judice
1110 2233 1182 2325 ipso
1206 2232 1285 2324 eligi
1311 2240 1345 2303 et
1361 2232 1458 2325 depa-

305 2344 391 2427 tari;
408 2342 555 2436 alioquin
568 2362 686 2412 eorum
701 2340 932 2411 testimonium
951 2340 1215 2433 adprobandum
1231 2340 1457 2433 impotentiam

310 2472 378 2521 nou
388 2450 526 2521 valeret.

354 2563 387 2627 4.
403 2558 457 2627 Ad
470 2557 709 2650 inspectionem
723 2556 793 2627 viri
803 2554 952 2626 sufficere
965 2555 1050 2625 duos
1062 2562 1233 2649 expertos3
1256 2554 1299 2624 ad
1317 2554 1456 2626 immina

310 2679 422 2737 antem
436 2666 520 2734 duaa
535 2665 687 2735 honestas
699 2673 733 2733 et
746 2672 899 2757 expertas
911 2670 1078 2734 matronas
1092 2670 1204 2733 tenent
1214 2662 1367 2733 doctores
1376 2686 1456 2734 oom-

312 2774 468 2844 muuiter.
487 2773 541 2842 Ad
555 2772 716 2843 cautelam
735 2782 847 2844 tamen
870 2772 978 2866 major
990 2794 1164 2862 numerus,
1179 2774 1208 2843 ai
1218 2772 1326 2865 judici
1338 2771 1456 2845 videbi·

311 2892 380 2969 tur,
397 2881 546 2951 adbiberi
559 2882 692 2975 poterit.

360 2996 390 3058 5.
407 2988 580 3081 Ejusmodi
591 2998 703 3059 autem
715 2988 845 3081 experti
853 2990 1082 3084 jurameutum
1096 2987 1222 3083 praevio
1233 2996 1395 3081 prestare
1408 2987 1456 3058 de·

313 3096 953 3169 bentdesinceroteatimonioferendo.
1493 3182 1494 3185 Ἴ

359 3210 391 3274 6.
409 3204 446 3274 Si
459 3227 502 3274 ex
514 3203 715 3298 inspectione
727 3228 920 3298 corporum,
937 3205 1050 3277 aliisve
1065 3204 1196 3292 mediis,
1211 3204 1365 3276 oriantur
1378 3217 1456 3275 certo

315 3314 462 3405 allegatas
477 3312 679 3406 impotentiae
695 3314 791 3405 sigua
816 3314 919 3405 (verbi
934 3315 1051 3405 gratia,
1068 3315 1098 3383 si
1118 3312 1238 3383 medici
1252 3312 1398 3383 referant
1410 3314 1456 3381 si·

315 3444 393 3493 rum
407 3428 548 3513 utroque
560 3428 641 3489 teste
654 3441 777 3508 carere,
792 3420 846 3489 vel
858 3421 923 3490 alio
938 3420 1066 3491 defectu
1080 3420 1227 3514 eorporis
1241 3420 1407 3509 laborare,
1422 3440 1455 3488 ex

316 3553 383 3623 quo
396 3536 484 3598 carta
497 3528 539 3595 sit
562 3526 755 3619 impotentia
770 3536 928 3621 perpetua
940 3528 982 3598 ad
1008 3528 1186 3621 copulam),
1204 3534 1310 3650 potest
1325 3536 1359 3597 et
1374 3528 1456 3597 debet

316 3636 427 3707 atatim
441 3634 647 3729 pronuntiari
662 3635 870 3705 matrimonii
883 3635 1029 3724 anilitas,
1046 3642 1078 3704 et
1091 3634 1225 3727 conjugi
1248 3636 1376 3727 potenti
1397 3632 1456 3703 aad
1492 3658 1493 3663 ¹

316 3766 410 3837 copta
423 3742 466 3811 ad
480 3762 595 3829 novas,
611 3762 641 3809 ar
629 3740 732 3811 veht
733 3741 892 3835 nuptias
906 3742 1108 3813 transeundi
1492 3752 1493 3765 ³

362 3856 395 3921 7.
422 3850 459 3920 Si
474 3848 576 3919 dubio
601 3846 777 3917 dumtaxat
802 3850 1036 3921 obtineantur
1025 3851 1231 3942 impotentiae
1246 3848 1357 3941 signa,
1374 3824 1493 3919 debet
1492 3884 1493 3922 t

315 3960 419 4055 judex
445 3954 604 4027 triennale
621 3955 890 4047 experimentum
913 3956 1122 4027 decernam.
1113 3956 1181 4025 ·id
1195 3964 1245 4026 est
1267 3957 1455 4049 conjugibus

316 4066 503 4153 concedere,
520 4071 558 4133 ut
572 4084 630 4156 per
656 4062 842 4134 triennium
870 4065 1096 4157 experiantur,
1117 4085 1201 4133 num
1222 4086 1339 4135 revera
1354 4062 1454 4134 maai·

319 4174 472 4245 monium
485 4174 637 4241 intereos
649 4172 874 4241 consummari
887 4180 1039 4264 nequeat.

362 4288 393 4351 8.
407 4280 444 4349 Si
458 4278 662 4371 impotentia
673 4277 769 4369 sigua
784 4300 843 4349 nec
858 4278 1050 4371 simpliciter
1063 4302 1121 4350 seu
1137 4280 1273 4373 physice
1285 4294 1386 4365 cato,
1403 4300 1454 4349 nec
1491 4316 1492 4323 ι
