3050 4984
529 559 603 607 elas
625 561 770 608 saccant.
1159 543 1219 609 565

79 675 189 764 timna,
204 679 256 747 vel
268 701 334 748 non
349 701 419 749 csse
430 680 626 752 sufficienter
637 681 678 752 ab
689 683 871 774 excipiente
881 683 1044 776 probatas,
1059 684 1221 755 scribetur

79 785 247 854 decretum
259 785 321 856 boe
334 787 432 857 modo
447 809 457 854 c

123 955 139 987 «
161 929 285 1012 Quibtts
308 931 427 996 debitis
450 940 481 996 et
504 932 675 1016 ditipenter
694 936 873 1018 perpensis,
890 934 1057 1017 judicavit
1076 953 1221 1000 emerere

78 1039 142 1102 dns
164 1039 219 1117 Ν.,
252 1039 397 1107 Vicorins
418 1040 725 1124 pancratianum
747 1042 943 1125 exceptionis
969 1059 992 1105 o
1016 1041 1147 1106 domino
1175 1043 1218 1111 Ν.

78 1165 148 1226 reo,
168 1153 281 1211 contro
304 1146 475 1212 dominnm
495 1147 537 1216 N.
552 1155 773 1214 ecnnotorem
786 1149 849 1231 (vel
868 1157 981 1214 contro
996 1150 1038 1217 N.
1053 1155 1085 1214 et
1096 1149 1137 1213 N.
1161 1157 1221 1214 tes·

79 1254 138 1336 tes)
161 1255 356 1338 propositos,
386 1273 451 1320 non
479 1273 544 1320 esse
565 1243 729 1338 lepitimos
758 1256 819 1336 (vel
847 1275 912 1321 non
933 1247 1006 1321 essc'¹
1025 1257 1221 1338 mffieienter

74 1361 244 1445 probatos)
262 1383 269 1424 :
284 1370 483 1448 quopropter
506 1361 657 1443 decrevit,
670 1370 771 1446 prom
789 1353 944 1447 praserni
961 1365 1087 1429 decreto
1109 1364 1218 1430 decen

76 1471 140 1546 nit,
168 1469 260 1533 nullo
288 1469 400 1535 lechito
426 1471 553 1535 ratione
579 1470 653 1535 tota
671 1472 879 1555 exceptionis,
903 1471 950 1537 ad
968 1471 1127 1552 alteram
1144 1490 1218 1556 pro

75 1576 201 1655 cedere,
218 1583 250 1640 et
260 1576 438 1660 prefatum
448 1577 620 1642 dominnm
631 1577 672 1641 N.
683 1577 731 1641 od
742 1578 964 1643 accusandum
972 1579 1144 1645 admittere
1155 1578 1218 1660 (vel

76 1690 109 1748 et
123 1684 223 1749 dictos
238 1691 329 1749 testes
343 1686 539 1770 inpraesenti
553 1704 654 1750 conso
667 1674 882 1768 examinare).
899 1687 982 1753 Aeto
997 1696 1074 1752 sunt
1086 1687 1152 1752 ltaec
1155 1732 1216 1750 .....

75 1825 116 1842 -
132 1791 188 1870 N,
209 1790 357 1858 Vicorius
368 1793 539 1876 poneretis.
556 1828 596 1840 -
609 1793 665 1872 Ν.,
681 1795 860 1859 semetrius.

501 2043 645 2114 CAPUT
665 2043 788 2115 XXVI.

444 2219 547 2268 senna
569 2219 762 2268 emmaum
784 2220 847 2268 tant.

118 2395 264 2464 Examen
279 2395 339 2465 Rei
348 2401 482 2466 vocatur
492 2396 590 2466 etiam
603 2420 623 2466 a
636 2397 785 2488 practicis
798 2397 1025 2480 constitutum,
1041 2397 1084 2466 ob
1100 2419 1213 2466 vocem

69 2503 277 2583 constitutus,
294 2523 368 2594 quse
389 2502 497 2593 prima
519 2524 688 2572 occurrere
707 2502 789 2572 solet
803 2503 840 2570 in
860 2503 1013 2587 formula,
1029 2503 1072 2572 ab
1090 2502 1214 2572 actuari

68 2607 228 2696 adhibita,
255 2607 336 2677 dnm
358 2630 496 2678 examen
518 2607 601 2679 illud
621 2611 721 2678 refert
738 2611 775 2678 in
794 2609 886 2678 setis.
909 2609 950 2678 Et
974 2608 1153 2678 noandum
1178 2610 1213 2678 in

69 2715 232 2784 criminali
244 2737 397 2807 processu
409 2715 493 2783 nihil
502 2715 592 2784 aliud
604 2717 727 2808 requiri
740 2739 840 2808 quam
853 2715 1046 2807 pradictum
1060 2738 1212 2805 examen,

68 2822 113 2890 ad
139 2821 356 2891 inducendam
380 2823 647 2892 contestationem
673 2823 751 2892 litis.
778 2823 848 2892 Hoc
876 2824 948 2915 ipso
974 2822 1095 2893 scilicet
1123 2823 1211 2916 qued

69 2951 147 2996 reus
160 2952 179 2998 a
190 2927 302 3022 judice
316 2929 523 3000 examinatus
536 2929 691 3000 delictum
706 2951 772 2999 non
788 2929 973 3017 confitetur,
986 2931 1057 3021 jam
1076 2930 1117 3000 lis
1131 2953 1212 3001 con-

68 3043 186 3104 testata
199 3043 259 3105 est.

115 3140 214 3210 Nulla
236 3149 322 3210 certa
344 3140 486 3211 termula
508 3141 594 3210 tradi
612 3149 717 3233 potest
738 3141 781 3211 ad
805 3143 1063 3212 examinandum
1091 3166 1208 3232 reum;

68 3245 129 3314 sed
158 3246 340 3339 prudentias
368 3247 488 3340 judicis
517 3247 714 3341 relinquitur
745 3257 784 3318 nt
811 3257 886 3341 apta
918 3249 1210 3340 interrogationum

68 3356 153 3424 serie
173 3355 407 3426 malassionem
428 3354 579 3424 criminis
601 3379 621 3424 a
643 3377 699 3425 reo
722 3355 880 3441 obtinent;
905 3356 959 3426 vel
982 3356 1098 3426 saltem
1124 3381 1210 3428 nova

67 3461 202 3549 indicia,
222 3484 298 3555 quas
312 3483 354 3532 ex
375 3461 683 3532 contradictionibus
701 3474 734 3532 et
748 3463 1071 3553 tergiversationibus
1088 3464 1123 3533 in
1139 3488 1209 3535 res-

67 3568 244 3662 pondendo
261 3569 341 3641 oriri
362 3567 476 3638 solent.
501 3567 651 3661 Exempli
667 3577 776 3639 tamen
790 3567 906 3659 gratia,
929 3569 1070 3662 aliquem
1096 3593 1208 3642 casum

69 3675 299 3764 figurabimus,
323 3695 384 3766 pro
406 3697 473 3767 quo
499 3681 531 3742 et
552 3674 698 3766 aliquam
719 3675 880 3744 examinis
902 3675 1043 3745 formam
1065 3677 1207 3748 breviter

67 3782 308 3852 subnectemus.

62 3963 65 3970 Ι
112 3887 344 3980 Supponamus
357 3909 452 3957 reum
466 3895 709 3981 comparentem
723 3910 793 3958 esse
808 3888 974 3960 Andream
992 3890 1050 3977 Ν.,
1069 3891 1206 3983 presby·

64 4006 174 4066 terum
199 4024 206 4064 :
224 3995 485 4066 denuntiatorem
501 3997 661 4066 ioannem
675 3995 819 4065 Zelatam
838 4005 956 4066 :testes
973 3998 1204 4088 Ratranunum,

64 4105 286 4173 Bertrannum
302 4111 334 4172 et
353 4103 509 4172 Bertbam
529 4127 537 4167 ι
553 4103 689 4190 crimen,
705 4104 794 4195 quod
808 4104 958 4174 Andreas
979 4104 1020 4174 N.
1038 4105 1151 4175 subtus
1165 4107 1207 4175 sit

64 4211 271 4304 perditarum
289 4209 472 4303 puellarum
492 4209 627 4280 domum
642 4219 740 4304 noctu
755 4211 971 4305 frequentare.
994 4209 1047 4280 Ad
1066 4235 1206 4288 examen

63 4315 199 4412 procedi
210 4319 327 4411 poterit
338 4317 374 4388 in
388 4318 477 4388 hunc
490 4317 625 4388 modum
639 4345 647 4388 :
