3050 4984
551 497 626 545 raas
649 497 796 544 sacrum.
1199 473 1239 540 77

101 645 118 682 ιι
141 618 301 687 Praelatus
313 617 484 709 procedere
495 619 535 686 ad
552 620 798 711 inquirendum,
815 641 891 686 cum
905 617 1030 686 famam
1045 626 1074 684 et
1087 616 1242 710 frequen-

103 753 118 790 ιι
143 735 209 795 tem
227 728 406 796 clamorem
422 727 622 818 iutelligitdc
637 729 824 796 excessibus
839 725 976 816 alicujus
992 749 1049 793 seu
1065 726 1164 793 etiam
1180 726 1244 793 ali-

102 861 117 896 ιι
143 857 300 926 qnorum,
322 842 420 926 prout
432 844 519 926 patet
535 857 576 902 ex
591 841 700 903 tenore
724 833 824 924 hujus
838 831 1093 911 constitutionis3
1111 840 1143 900 et
1156 832 1242 924 quod

104 969 119 1005 ιι
144 942 185 1008 sit
196 941 387 1026 infamatus,
404 964 470 1010 non
484 965 502 1008 a
515 941 685 1010 malevolis
700 949 731 1008 et
747 940 902 1024 inimicis,
918 938 974 1008 scd
989 963 1009 1006 a
1022 939 1117 1008 bonis
1133 947 1164 1007 et
1178 939 1244 1007 dis-

104 1075 120 1110 ιι
144 1048 250 1114 cretis.
270 1047 309 1114 Et
326 1055 402 1114 tnnc
417 1047 580 1138 distingue
598 1076 605 1115 :
623 1049 698 1139 quia
711 1056 769 1116 aut
785 1045 928 1139 procedit
939 1043 1176 1134 exofficiosuo,
1189 1055 1246 1114 aut

104 1182 120 1218 ιι
143 1154 254 1244 aliquo
269 1155 453 1245 postulante
470 1155 729 1246 inquisitionem.

149 1289 166 1326 ιι
183 1262 224 1330 Si
238 1285 278 1330 esc
293 1263 398 1353 officio
413 1285 484 1348 scic,
499 1271 576 1330 tunc
587 1263 749 1330 Praelatns
760 1284 838 1329 curn
852 1261 1017 1352 aliquibus
1031 1261 1071 1328 de
1085 1261 1246 1330 canonicis

105 1397 120 1433 ιι
145 1370 216 1436 suis
243 1370 286 1460 (lt
309 1369 404 1436 debet
421 1368 614 1437 descendere
630 1370 670 1436 ad
695 1369 827 1454 locum,
851 1369 928 1460 quia
951 1368 996 1436 ibi
1013 1377 1116 1459 potest
1129 1368 1247 1435 melius

104 1476 291 1568 «iuquiri3
319 1485 350 1544 et
375 1477 519 1566 recipere
542 1477 729 1567 juramenta
754 1475 888 1544 Praelati
911 1483 943 1542 et
971 1476 1166 1544 clericorum
1189 1499 1246 1542 su-

104 1611 118 1647 ιι
142 1607 203 1674 per
228 1591 314 1650 statu
341 1583 506 1669 Ecclesiae,
535 1607 610 1652 eum
637 1583 780 1650 Ecclesia
801 1590 850 1649 est
875 1581 1045 1666 infamata,
1072 1582 1125 1650 vel
1150 1582 1246 1649 etiam

106 1719 120 1754 ιι
144 1715 221 1759 cum
240 1690 418 1767 Praelatus;
442 1699 473 1758 et
500 1690 545 1758 sic
570 1691 703 1782 recipiat
731 1690 816 1758 dicta
837 1690 983 1758 illorum.
1010 1689 1050 1756 Et
1068 1689 1122 1760 ille
1137 1698 1248 1757 contra

105 1825 120 1862 ιι
144 1821 247 1889 quem
261 1797 299 1864 fn
314 1798 481 1887 inquisitio
497 1797 591 1864 dehet
607 1821 676 1864 esse
690 1819 848 1889 praesens,
866 1807 897 1864 et
910 1819 1025 1864 omnes
1040 1804 1152 1865 contra
1166 1821 1248 1888 quos

104 1933 119 1970 ιι
144 1904 345 1996 proceditur,
367 1903 430 1970 nisi
456 1926 515 1995 per
530 1905 766 1972 contumaciam
794 1927 828 1971 se
848 1903 1028 1971 absentent.
1053 1903 1094 1971 Et
1116 1926 1154 1971 ea
1175 1926 1248 1994 quae

104 2039 119 2075 a
144 2012 360 2102 objiciuntur,
389 2019 420 2078 et
434 2011 569 2079 nomina
584 2011 716 2080 testium
733 2019 810 2079 sunt
825 2011 872 2078 illi
886 2008 1089 2101 exponenda.
1115 2012 1197 2078 ltem
1220 2011 1248 2077 si

104 2120 201 2187 «ille
233 2127 345 2187 contra
371 2141 470 2208 quem
498 2119 534 2186 fit
562 2120 730 2210 inquisitio
760 2120 858 2186 habet
878 2119 1024 2210 judicem
1047 2127 1245 2210 suspectum,

104 2255 119 2290 ιι
145 2233 253 2318 potest
278 2223 371 2292 illum
394 2247 554 2293 recusare.
579 2225 620 2294 Et
645 2233 758 2294 contra
780 2233 876 2294 testes
895 2226 1044 2316 excipere
1066 2234 1182 2316 potest.
1207 2225 1249 2292 Et

104 2333 286 2401 «nomina
307 2340 339 2400 et
365 2331 501 2400 dictaei
532 2331 748 2423 depositiones
773 2335 904 2401 testium
931 2341 1009 2399 suut
1037 2332 1245 2422 publicanda,

14 2449 15 2526 j
103 2469 119 2504 ιι
143 2450 185 2508 ut
206 2440 261 2506 ille
284 2440 385 2530 possit
412 2461 444 2506 se
469 2438 652 2507 defendere.
680 2439 770 2506 Etsi
795 2447 888 2506 testes
902 2440 1009 2507 dicant
1025 2461 1122 2530 super
1138 2439 1192 2506 his
1208 2444 1248 2507 de

104 2575 119 2610 ιι
144 2547 270 2638 quibus
286 2545 422 2612 infamia
438 2566 503 2612 uon
520 2545 696 2635 praeccssit,
713 2569 778 2613 non
797 2547 916 2614 valent.
935 2544 1081 2614 Crimine
1105 2569 1183 2614 vero
1204 2547 1249 2613 sic

104 2685 119 2718 ιι
145 2653 299 2746 probato,
317 2653 344 2718 si
357 2653 518 2720 Praelatus
533 2663 594 2739 est,
610 2652 704 2721 debet
718 2653 882 2720 removeri
898 2653 938 2721 ab
954 2653 1246 2723 administratione.

104 2789 119 2825 ιι
145 2760 217 2828 Alii
230 2781 307 2826 vero
322 2759 505 2848 puniuntur
519 2758 700 2826 secundum
716 2759 891 2828 arbitrium
915 2759 1049 2851 judicis,
1068 2760 1247 2828 secuudum

14 2875 16 2884 ⁴
105 2895 120 2932 ιι
146 2887 297 2959 personae
322 2865 477 2932 meritum
501 2873 531 2933 et
550 2865 738 2957 qualitatem
766 2889 917 2934 excessus
943 2865 1018 2958 (nisi
1038 2867 1100 2934 tale
1124 2867 1248 2935 crimen

105 3002 120 3038 ιι
147 2973 325 3064 probatum
347 2973 447 3040 luerit
467 2973 554 3062 quod
571 2982 643 3062 post
659 2974 882 3062 poenitentiam
907 2983 1067 3064 peractam
1094 2973 1250 3064 impediat

105 3109 121 3146 ιι
148 3079 280 3147 ordinis
296 3081 533 3164 executionem,
549 3090 585 3147 ut
596 3080 850 3147 homicidiumet
864 3081 1005 3148 simonia
1022 3108 1029 3148 :
1049 3089 1126 3148 tunc
1138 3104 1249 3172 proco.

14 3235 15 3242 ι
105 3216 121 3252 ιι
148 3187 296 3256 dandum
313 3193 372 3270 est,
400 3187 478 3252 acsi
495 3187 528 3251 in
550 3186 685 3253 modum
701 3187 913 3254 accusationis
937 3187 1058 3254 directe
1073 3190 1246 3277 probatum

105 3325 119 3358 ι
147 3295 263 3362 fuisset
279 3292 429 3382 crimen).
458 3293 594 3361 sivero
620 3294 797 3361 infamatus
824 3303 1002 3363 contumax
1027 3295 1170 3364 fueritet
1185 3322 1249 3364 uon

107 3431 123 3466 ιι
149 3409 331 3492 comparet,
355 3399 456 3489 judex
480 3399 694 3468 nihilominus
708 3410 820 3468 rantra
832 3425 910 3469 eum
924 3409 1020 3470 testes
1034 3403 1179 3495 recipiat,
1196 3405 1251 3471 lite

14 3493 16 3580 l
108 3539 124 3573 ιι
151 3531 219 3576 non
235 3515 421 3592 contestata,
436 3515 553 3574 etcum
570 3508 694 3597 puniat.

155 3644 172 3679 ιι
187 3617 229 3684 Si
240 3637 316 3682 vero
327 3613 485 3706 procedat
494 3611 604 3704 judea
618 3613 663 3680 ad
676 3615 872 3705 petitionem
887 3615 1030 3706 alicujus
1041 3622 1252 3708 procurantis

14 3763 15 3768 .
110 3753 125 3786 ι
151 3722 412 3814 deperditionem,
430 3722 497 3787 sive
513 3721 555 3786 sit
570 3721 755 3788 ordinarius
774 3721 912 3813 (judea),
931 3725 998 3791 sive
1014 3724 1193 3815 delegatus,
1210 3725 1251 3792 ad

14 3881 15 3920 ι
110 3861 126 3896 ι
151 3831 260 3900 locum
275 3829 405 3897 accedat
426 3828 453 3896 si
469 3837 572 3919 potest
598 3853 605 3894 :
622 3835 654 3896 et
669 3838 759 3896 vocet
774 3829 868 3896 illum
896 3839 1008 3898 contra
1021 3854 1120 3922 quem
1137 3856 1250 3923 proce-

14 4181 15 4192 ,
137 4137 170 4196 (tt
183 4132 269 4186 Hodie
282 4129 379 4199 absque
393 4126 578 4184 canonicorum
591 4131 737 4183 interventu
757 4135 843 4196 potest
856 4130 1001 4195 Episcopus
1012 4126 1181 4182 criminaliter
1195 4143 1253 4196 pra-

14 4235 15 4238 *
109 4216 203 4266 cedere
216 4221 241 4265 et
252 4215 417 4264 sententiare.
433 4215 477 4264 tus
491 4215 554 4264 illud
567 4214 763 4272 canonicorum,
776 4213 837 4262 oiim
854 4213 1037 4274 certissimum,
1046 4212 1198 4276 jamdudum
1213 4232 1254 4266 su·

14 4291 15 4366 ]
109 4299 207 4348 blatum
222 4295 311 4359 tuisse,
320 4295 455 4360 probatum
469 4293 527 4343 ride
542 4295 569 4344 in
585 4308 644 4344 meo
656 4297 764 4344 tractatu
777 4293 808 4342 dc
820 4293 960 4357 Capitulis.
