3050 4984
507 466 602 515 rans
628 468 774 515 samana.
1153 450 1216 514 363

75 583 265 673 approbata,
299 584 494 653 mentionem
523 586 620 655 etiam
645 588 720 655 iacit
739 586 933 659 Benedictus
954 587 1032 656 xiv
1059 588 1111 678 (de
1131 591 1216 679 Syn.

76 690 217 772 diacos„
235 692 291 763 lib.
311 696 343 777 7,
360 716 388 760 c.
409 696 464 779 71,
479 718 512 759 n.
533 693 565 785 l)
585 694 641 783 (l).

120 807 283 889 Secundo,
298 816 453 899 perpetua
468 808 607 877 Romam
623 811 735 877 venire
749 832 900 879 racemus
910 834 930 878 a
941 811 1153 901 denegatione
1164 835 1220 880 or-

75 912 209 999 dinam,
225 916 322 983 etiam
338 938 358 982 a
372 937 438 983 non
453 916 582 984 mutatis
597 916 791 1007 interjectas,
807 939 926 1008 eosque
939 939 1091 986 recursus
1101 919 1217 1009 recipi,

76 1030 105 1087 ct
126 1021 324 1112 Episcopum
340 1021 554 1111 denegantem
571 1023 681 1112 rogari
700 1031 736 1091 ut
752 1045 818 1092 non
833 1032 989 1112 gravetur
1001 1024 1142 1092 redonas
1162 1025 1219 1094 de·

75 1129 259 1217 negationis
274 1130 503 1215 manumittere,
519 1137 563 1213 et,
588 1128 650 1197 nisi
665 1152 713 1197 em
735 1130 876 1199 rationes
887 1131 985 1221 justae
1001 1132 1217 1222 reperiantur,

76 1234 148 1303 fieri
162 1235 343 1305 recurrenti
358 1236 542 1305 multatam
557 1245 595 1305 ut
609 1259 630 1304 a
644 1258 850 1330 quocumque
872 1236 1018 1306 ordinari
1038 1240 1155 1329 possit;
1172 1248 1221 1306 est

75 1342 198 1411 iactum
212 1342 327 1411 Romae
342 1342 520 1429 notorium,
538 1343 625 1433 quod
641 1343 844 1412 documentis
857 1344 994 1435 probare
1010 1344 1093 1414 forat
1105 1368 1220 1436 super-

74 1471 268 1519 vacaneum.
286 1450 356 1519 lmo
371 1449 472 1540 hujus
488 1450 600 1541 praxis
620 1450 806 1519 testimonia
821 1453 961 1542 reperies
978 1452 1013 1519 in
1032 1452 1220 1521 collectione

76 1558 168 1623 Actes
189 1555 235 1624 da
261 1556 379 1645 Clarpd
397 1555 575 1625 deiram
597 1556 784 1645 (assemblee
799 1557 839 1625 de
861 1561 957 1642 1666,
974 1557 996 1647 ἓ
1013 1561 1067 1645 13,
1087 1568 1165 1626 tam.
1185 1563 1218 1643 4,

75 1684 151 1751 pag.
173 1666 250 1747 691,
267 1663 345 1731 edit.
362 1661 402 1731 dc
416 1662 511 1731 Paris
529 1662 639 1752 1776).

123 1777 266 1868 Odjicies
294 1782 336 1845 l‘.
360 1778 408 1846 Ex
433 1772 535 1846 satiris
556 1779 735 1847 canonibus
753 1803 774 1847 a
790 1779 981 1848 Tridentino
998 1781 1125 1871 synodo
1144 1803 1221 1848 con·

76 1886 227 1970 firmatis,
246 1907 312 1952 nou
326 1884 444 1953 debent
464 1885 617 1976 Episcopi
640 1885 806 1970 ordinare,
829 1885 893 1953 nisi
911 1908 968 1954 cos
986 1887 1044 1976 qui
1063 1889 1128 1955 sint
1152 1889 1221 1955 uti·

74 1990 119 2059 les
142 2000 203 2059 aut
223 1992 395 2059 necessarii
417 1992 484 2059 suis
504 1991 675 2078 Ecclesiis3
702 2000 733 2059 et
760 1991 861 2060 simol
881 1993 1075 2060 eorumdem
1098 1993 1222 2083 judicia

73 2098 273 2189 relinquitur
297 2105 333 2166 ut
358 2098 543 2167 discernant
566 2098 702 2189 quinam
728 2098 823 2166 utiles
846 2098 911 2166 siut
931 2106 988 2165 eut
1012 2100 1184 2167 necessarii
1212 2128 1219 2168 :

75 2205 119 2273 sic
146 2206 238 2273 enirn
263 2205 361 2291 habet
393 2204 583 2273 Tridentina
609 2204 768 2295 synodus,
798 2206 901 2297 capite
930 2210 969 2273 16
997 2207 1149 2274 sessionis
1179 2213 1220 2274 23

78 2312 129 2405 (de
144 2313 398 2405 Reformationc)
414 2338 421 2379 ε
435 2315 520 2381 Cum
536 2312 648 2380 niellus
660 2312 775 2380 debeat
784 2312 944 2394 ordinari,
959 2312 1019 2403 qai
1026 2312 1157 2404 jndicio
1170 2316 1224 2381 sui

75 2420 233 2511 Episcopi
250 2442 316 2487 aaa
337 2421 382 2489 sit
395 2420 486 2487 utilis
501 2432 560 2487 aut
580 2420 776 2487 necessarias
791 2420 859 2487 sais
875 2420 1038 2501 Ecclesiis,
1056 2427 1115 2488 etc.
1134 2420 1222 2509 Ergo

75 2526 291 2594 ordinationis
309 2528 472 2594 concessio
497 2526 548 2593 vcl
575 2528 744 2615 denegatio
766 2535 815 2594 est
834 2548 932 2616 penes
949 2526 1121 2595 arbitrium
1139 2526 1222 2618 Epi-

76 2635 175 2725 scopi.

119 2748 319 2841 [terpandro.
337 2749 511 2838 Distinguo
527 2770 726 2842 consequens
745 2776 752 2815 ε
771 2762 927 2841 eriperer
942 2750 1121 2819 arbitrium
1136 2751 1221 2843 Epi-

76 2858 175 2948 scopi,
193 2857 239 2923 ita
257 2866 364 2924 umen
381 2865 417 2922 ut
430 2864 570 2947 nequeat
591 2856 771 2947 Episcopus
791 2856 1029 2925 ordinationem
1046 2857 1219 2947 denegare,

75 2964 136 3029 nisi
157 2962 281 3054 judicat
304 2986 375 3030 cam
405 2985 463 3031 nec
492 2964 702 3029 necessariam
725 2984 794 3031 esse
818 2984 878 3030 nec
897 2964 1027 3051 utilem,
1053 2965 1219 3033 concedo:

75 3067 136 3137 hoc
150 3092 249 3137 seusu
265 3069 351 3161 qnod
366 3070 467 3161 possit
482 3092 552 3137 eam
570 3070 743 3159 denegare,
766 3070 893 3137 etiamsi
910 3071 1093 3139 necessaria
1107 3073 1148 3139 sit
1168 3072 1220 3139 val

75 3177 179 3262 utilis,
209 3200 304 3265 nego.
334 3178 373 3244 Et
398 3176 516 3244 iterum
540 3204 546 3243 :
568 3178 630 3244 Est
651 3198 747 3267 penes
775 3175 952 3243 arbitrium
980 3176 1145 3268 Episcopi,
1177 3180 1222 3245 ita

76 3290 184 3351 tamen
202 3284 281 3350 atsi
303 3283 481 3373 Episcopus
502 3282 725 3371 denegandam
749 3280 985 3350 ordinationem
1003 3284 1140 3373 judicet,
1160 3307 1220 3374 ps-

76 3398 139 3457 teat
162 3398 277 3459 contra
302 3388 382 3455 illud
408 3388 568 3479 judicium
592 3410 743 3456 recursus
770 3390 811 3455 ad
839 3388 956 3456 Sedem
984 3390 1217 3480 Apostolicam,

76 3496 218 3563 concedo
240 3522 247 3561 ι
269 3494 330 3563 hoc
355 3516 452 3562 sensu
474 3494 562 3584 quad
589 3494 699 3562 nullus
722 3495 818 3562 detur
838 3503 951 3563 contra
975 3496 1036 3562 talc
1057 3496 1218 3586 judicium

76 3623 242 3687 recursus,
273 3623 367 3691 nega.
399 3601 584 3669 Voluerunt
609 3623 688 3689 argo
711 3600 897 3668 Tridentini
923 3602 1047 3688 Patres,
1077 3603 1219 3694 antiquis

76 3709 257 3777 canonibus
293 3706 497 3793 inherendo,
519 3716 556 3775 ut
583 3708 624 3774 ad
654 3708 849 3799 Episcopum
873 3710 1047 3799 pertineret
1069 3731 1219 3800 pronun-

76 3816 170 3901 tiare,
194 3814 328 3883 utilisua
349 3816 402 3901 sit,
422 3836 465 3881 an
489 3816 600 3901 noxia,
625 3814 797 3904 cujuslibet
818 3836 933 3884 eorum
955 3816 1076 3884 subditi
1095 3816 1137 3883 ad
1162 3840 1217 3884 sa-

108 4100 137 4159 lt)
154 4096 227 4145 ldem
237 4092 353 4159 Gregorii
366 4094 421 4145 lllll
436 4092 570 4145 decretum
582 4092 716 4144 retulimus
725 4107 803 4157 supra
813 4093 899 4157 (hujus
914 4092 1084 4142 subsectionis
1096 4094 1181 4158 capite
1191 4098 1217 4155 s,

78 4175 232 4240 probatione
240 4177 273 4237 t),
281 4188 313 4223 ex
325 4174 392 4225 libro
402 4180 431 4223 16
442 4176 601 4225 Litterarum
612 4174 771 4223 visitationis
785 4186 914 4224 sacrorum
926 4172 1153 4237 iimiaam,pegiua
1164 4176 1220 4235 tot,

79 4258 124 4307 iub
138 4258 181 4307 die
199 4259 228 4305 tl
246 4256 334 4319 aprilis
350 4258 420 4305 1666.

241 4356 272 4400 ιι.
1025 4338 1064 4397 23
