3050 4984
298 438 362 502 too
665 458 841 505 mneriros
869 460 907 504 oe
929 458 1062 505 marens.

296 577 488 645 trimetriam
507 577 657 647 nondam
672 578 819 648 initam?
830 616 875 631 —
898 580 984 649 Cum
1000 579 1153 671 impediri
1167 587 1304 671 nequeat
1322 580 1438 647 metri-

296 684 455 771 monium,
471 684 535 751 nisi
548 684 681 777 aliquod
695 686 964 777 impedimentum
988 686 1184 777 objiciendo,
1202 686 1250 754 illi
1264 709 1361 776 agere
1385 710 1440 753 ve-

293 789 362 858 lent
375 790 417 859 ad
432 791 677 861 matrimonium
691 792 950 883 impediendum,
966 794 1024 885 qui
1049 792 1268 861 admittuntur
1283 791 1326 861 ad
1352 794 1442 883 obji-

295 897 447 966 ciendum
460 921 518 966 eeu
533 897 794 969 denuntiandum
810 900 1022 969 ecclesiastico
1043 900 1145 992 judici
1167 898 1439 991 impedimentum

294 1003 437 1095 aliquod.
453 1006 556 1075 Porro
569 1008 612 1073 ad
625 1006 814 1098 hujusmodi
825 1006 1133 1098 impedimentorum
1142 1006 1437 1092 denuntiationem,

294 1132 361 1178 non
375 1119 502 1179 tautum
517 1110 746 1199 admittuntur,
764 1112 930 1181 sedetiam
946 1114 1007 1181 sub
1015 1112 1110 1203 gravi
1125 1120 1276 1181 tenentur
1284 1112 1439 1203 quicum·
1513 1130 1514 1181 t

294 1240 358 1310 que
373 1228 494 1287 norunt
516 1218 787 1309 impedimentum
801 1219 934 1311 aliquod
959 1220 1111 1305 existere,
1134 1228 1166 1287 et
1190 1219 1269 1287 alius
1295 1220 1440 1311 suspecti
1513 1242 1514 1263 ι

294 1347 361 1394 non
376 1334 453 1393 eunt
463 1324 504 1393 de
517 1325 678 1393 malitiosa
687 1335 720 1394 et
735 1324 818 1394 rusa
831 1324 1088 1395 denuntiatione.

337 1431 480 1514 Quaene
494 1434 542 1499 2².
558 1469 603 1483 —
620 1430 702 1515 Quis
715 1429 852 1500 admitti
865 1430 978 1501 debeat
992 1432 1039 1501 ad
1058 1432 1240 1524 poleridum
1255 1432 1440 1501 diuortium

293 1538 405 1631 quoad
414 1538 689 1606 cohabitationem
707 1550 739 1607 et
760 1550 870 1607 tarum
885 1538 1086 1608 dumtaxat?
1107 1538 1220 1609 -Ad
1246 1539 1438 1631 hujusmodi

292 1647 480 1737 petitionem
508 1644 728 1714 admittendus
752 1654 803 1714 εει
833 1656 960 1715 tantum
986 1647 1109 1738 conjux
1139 1648 1315 1731 innocens,
1343 1646 1441 1738 enjus
1513 1682 1514 1747 ι

292 1774 409 1843 nempe
423 1752 556 1821 interest
570 1751 748 1821 divortium
770 1754 926 1822 obtinere.
956 1753 1005 1821 lta
1031 1752 1249 1822 communiter
1275 1754 1436 1837 doctores,
1513 1762 1514 1779 ¹

291 1859 398 1951 quiid
413 1858 666 1927 concludenter
681 1858 847 1928 nonnullis
859 1859 945 1950 juris
961 1860 1114 1929 textibus.
1144 1858 1240 1948 (Vide
1263 1858 1439 1927 Sohmalz-

289 1969 442 2058 grueber,
458 1967 493 2034 in
507 1968 557 2035 tit.
577 1972 630 2054 18,
650 1966 726 2035 libri
742 1971 761 2034 l
775 1968 915 2055 Decret,
929 1989 963 2034 n.
994 1966 1059 2055 13.)
1080 1967 1176 2035 Ratio
1187 1976 1235 2035 εει
1248 1966 1326 2058 quie
1338 1966 1439 2035 boooe
1513 1950 1514 2007 3

290 2074 553 2164 divortiumjure
563 2074 784 2143 introductum
799 2082 847 2143 est
863 2075 899 2142 in
914 2075 1059 2143 favorem
1073 2074 1221 2165 conjugis
1236 2074 1435 2141 innocentis.
1513 2124 1514 2163 ι

289 2180 323 2249 Ῑε
337 2203 425 2266 vero,
442 2180 516 2248 licet
527 2180 667 2249 rationes
682 2179 878 2249 sufficientes
894 2180 1010 2249 babeat
1034 2178 1075 2247 ad
1092 2178 1306 2248 obtinendum
1321 2180 1439 2249 divor·
1513 2266 1514 2271 ἵ

289 2288 385 2375 bum,
406 2295 509 2378 potest
531 2296 650 2373 tamen,
668 2288 697 2355 si
721 2287 811 2373 velit,
834 2287 988 2378 injuriam
1010 2310 1030 2355 a
1053 2296 1200 2355 consorte
1224 2286 1287 2355 sibi
1309 2286 1438 2355 illatam
1513 2290 1514 2359 l

288 2394 350 2487 ipsi
364 2394 560 2479 condonare,
577 2403 698 2463 etcum
712 2394 991 2485 ipsooobabitare.
1010 2393 1105 2463 Unde
1127 2394 1156 2460 si
1171 2394 1262 2461 malit
1278 2393 1437 2483 injuriam

288 2502 426 2570 tolerare
449 2508 482 2568 et
507 2502 542 2567 in
566 2500 802 2569 cohabitatione
832 2522 1032 2591 permanere,
1050 2498 1093 2567 ad
1120 2498 1153 2566 id
1177 2500 1232 2590 jus
1258 2498 1371 2587 babet;
1399 2523 1439 2569 ae
1513 2494 1514 2561 l

287 2608 424 2701 proinde
440 2606 551 2675 nullus
564 2606 649 2675 alius
674 2607 802 2676 admitti
822 2616 939 2699 potest,
956 2607 998 2675 ed
1014 2605 1191 2699 petendum
1205 2629 1226 2673 a
1236 2604 1345 2697 judioe
1360 2608 1439 2675 die·

290 2724 361 2783 tum
377 2714 570 2783 divortium.

330 2821 473 2904 Qfflrlo
489 2824 588 2889 3²·-
600 2821 746 2906 Quinam
762 2822 799 2889 ia
806 2822 1055 2913 judiciopeterc
1064 2825 1193 2915 possint
1204 2833 1242 2890 ut
1254 2822 1438 2891 matrimo-
1513 2816 1514 2859 l

285 2930 379 2998 nium
391 2928 573 2997 declaretur
590 2929 743 2997 nullum?
756 2966 802 2981 -
821 2928 1101 3019 Distinguendum
1129 2938 1177 2999 est
1191 2930 1277 2997 inter
1291 2930 1439 3019 impedi·
1513 2950 1514 2967 ι

289 3044 398 3106 menta
410 3034 597 3104 dirimentia
607 3059 684 3127 quoe
696 3035 880 3125 allegantur
896 3062 904 3103 :
919 3036 1019 3124 unde,
1090 3084 1091 3087 ,

331 3144 357 3213 1.
374 3143 410 3211 Si
426 3142 673 3211 matrimonium
688 3141 909 3232 praetendetur
925 3143 1054 3211 nullum
1067 3166 1109 3213 ex
1121 3143 1352 3235 impedimento
1365 3142 1438 3213 im-
1513 3162 1514 3229 }

286 3252 453 3343 potentiae,
469 3251 510 3319 ad
523 3249 688 3341 agendum
703 3273 763 3341 pro
777 3250 924 3321 nullitate
937 3252 1135 3321 matrimonii
1150 3248 1342 3319 admittendi
1353 3262 1440 3320 sunt

286 3360 348 3428 soli
362 3360 528 3449 conjuges.
542 3360 592 3427 lta
602 3357 747 3426 doctores
762 3358 991 3426 communiter.
1011 3356 1107 3449 (Vide
1123 3355 1435 3446 Schmalzgrueber,

286 3466 322 3533 in
339 3465 388 3533 tit.
409 3468 462 3552 18,
478 3465 555 3533 libri
572 3468 590 3531 l
607 3464 716 3551 Deor.,
734 3486 768 3531 n.
789 3464 855 3553 ll.)
869 3464 1114 3555 Ratioestquia
1129 3464 1352 3532 nonobstante
1367 3464 1436 3531 im-

285 3572 441 3663 potentia,
454 3580 589 3663 possunt
601 3572 769 3661 conjuges,
786 3573 814 3638 si
824 3570 942 3656 velint,
958 3570 1142 3640 cohabitare
1158 3582 1312 3663 tanquam
1328 3570 1438 3641 frater

285 3683 318 3745 et
331 3699 441 3765 soror,
458 3699 537 3766 ergo
550 3699 591 3745 ne
605 3676 743 3745 laedetur
757 3677 819 3746 boc
834 3699 948 3747 eorum
960 3676 1028 3767 jue,
1045 3700 1112 3746 non
1123 3676 1220 3746 debet
1235 3678 1323 3746 nllus
1345 3678 1438 3748 alius
1513 3712 1514 3745 i

286 3786 431 3873 admitti,
459 3786 500 3852 ad
531 3785 702 3875 petendam
729 3784 855 3853 vinculi
886 3784 1133 3852 matrimonialis
1162 3784 1358 3854 solutionem
1391 3810 1437 3855 ex

285 3914 382 3962 eausa
397 3890 608 3982 impotentiae.

330 3998 370 4067 ll.
388 3998 478 4067 ldem
499 3996 672 4067 dicendum
695 4000 803 4091 quoad
819 3999 1089 4091 impedimentum
1112 4000 1232 4068 erroris
1258 4008 1291 4067 et
1308 4008 1433 4069 metus.
1513 4008 1514 4035 t

284 4107 369 4187 Quia
382 4127 492 4173 errore
514 4114 571 4173 aut
586 4114 673 4173 metu
688 4116 844 4194 cessante,
860 4116 964 4197 potest
981 4129 1055 4198 pars
1071 4129 1144 4198 quae
1157 4106 1292 4193 erravit,
1311 4106 1364 4173 vel
1390 4130 1434 4176 ex

284 4221 374 4283 metu
387 4211 561 4298 contraxit,
575 4210 675 4278 libere
690 4213 869 4280 consentire
885 4213 919 4279 iu
949 4214 1190 4280 matrimonium
1206 4222 1432 4283 contractum.
