3050 4984
547 482 622 529 rins
643 467 793 529 semum.⁸
1176 463 1233 528 521

97 609 200 692 tutus,
212 604 357 697 exprimi
375 611 479 695 potest
491 626 547 673 eos
560 604 669 672 vocari
684 602 726 670 nd
740 601 969 692 deponendum
998 603 1032 670 in
1048 625 1144 672 cnnsn
1158 625 1239 672 con·

96 723 149 781 trs
162 713 204 782 N.
223 720 380 800 vertente,
396 711 502 781 velud
523 711 704 782 iterandam
719 711 869 803 ipsorum
883 709 1117 802 depositionem
1139 711 1174 779 in
1200 733 1238 782 en

95 841 204 888 censa.

139 923 278 1006 Quando
289 923 392 1017 judex
405 925 576 1017 praesumit
588 931 702 993 testem
715 924 838 1016 ubsque
848 923 1036 992 difficultate
1047 923 1174 1015 copiam
1186 925 1237 994 sui

94 1030 272 1117 iacturum,
286 1038 390 1122 potest
405 1031 433 1098 si
447 1030 526 1099 velit
538 1053 615 1100 enm
629 1053 745 1099 vocure
759 1052 819 1123 per
833 1030 977 1122 privates
990 1029 1123 1098 litteras.

140 1137 259 1207 citatio
270 1136 411 1228 juridice
425 1137 570 1206 intimari
586 1137 681 1206 debet
693 1159 752 1228 per
767 1138 921 1206 nuntium
940 1137 1122 1229 publicum,
1139 1145 1171 1205 et
1188 1145 1236 1205 ter

92 1245 277 1313 intimanda
304 1254 364 1331 est,
381 1246 546 1335 assignato
573 1245 768 1337 competenti
796 1245 910 1338 spatio,
943 1252 1118 1337 antequem
1147 1245 1236 1313 testis

93 1361 250 1444 tenqnem
266 1359 442 1421 contumax
467 1351 580 1444 puniri
599 1351 719 1443 possit;
742 1352 806 1419 nisi
830 1360 938 1420 temen
952 1351 1055 1444 judex
1085 1373 1237 1443 expresse

92 1458 228 1545 diceret,
245 1481 279 1526 se
301 1457 468 1526 intendere
493 1466 531 1526 ut
545 1459 643 1527 unice
667 1458 776 1526 citatio
796 1458 864 1526 vim
889 1457 1026 1548 triplicis
1051 1457 1236 1526 monitionis

91 1566 222 1634 hebent.
237 1565 303 1635 Pro
318 1566 418 1634 variis
432 1572 541 1634 nutem
556 1565 696 1652 ensibus,
714 1565 771 1656 qui
788 1565 822 1632 in
832 1565 884 1633 his
898 1565 1097 1657 exequendis
1112 1565 1235 1635 citatio-

91 1673 192 1742 nibus
206 1695 375 1742 occurrere
388 1680 534 1764 possunt,
549 1672 651 1741 rnrien
667 1671 721 1740 hic
735 1671 901 1742 trudendos
919 1680 996 1740 sunt
1009 1672 1172 1742 formulis.

627 1935 698 2026 §n

340 2107 461 2157 Formuls
474 2105 586 2156 vomndi
602 2108 692 2156 testem
704 2119 752 2170 per
764 2105 877 2170 privates
886 2105 995 2156 litteras.

136 2313 152 2345 «
176 2287 408 2354 colendissimo
421 2286 552 2351 domine
568 2286 655 2369 (qnae
669 2287 768 2350 verbe
782 2303 839 2367 pro
853 2283 1008 2366 qualitate
1022 2301 1164 2365 personne
1178 2302 1234 2347 va·

90 2396 241 2476 nentur),
259 2394 398 2458 sulutem
419 2393 454 2455 in
474 2393 625 2458 Domino.
641 2428 680 2439 -
699 2392 785 2458 Cum
806 2394 841 2454 in
862 2391 1009 2474 quadam
1031 2409 1143 2468 eausa,
1162 2409 1235 2474 pere

90 2520 205 2566 coram
218 2500 310 2564 nobis
324 2501 359 2563 in
377 2500 470 2562 curia
487 2500 664 2582 episcopali
674 2500 824 2578 vertitur,
838 2499 1021 2563 necessaria
1033 2499 1077 2561 sit
1093 2515 1234 2580 presen-

89 2610 141 2672 tia
155 2616 225 2686 tun,
239 2607 286 2670 ud
297 2606 420 2671 dictum
431 2607 561 2671 citriam
574 2605 614 2670 de
626 2604 791 2670 nonnuliis
806 2604 1064 2686 insommndunr,
1078 2623 1143 2668 nore
1156 2623 1234 2685 pro-

89 2717 179 2778 oeris
199 2723 228 2778 te
245 2734 268 2778 a
283 2714 386 2783 Nobis
398 2714 496 2777 citari
511 2712 559 2776 ud
573 2711 829 2796 comparendum
842 2711 895 2775 die
908 2717 928 2776 5
946 2713 1065 2776 mensis
1075 2713 1234 2793 proximi,

90 2823 175 2886 nora
196 2827 217 2886 9
239 2822 413 2898 matutina,
436 2821 471 2884 in
485 2822 631 2904 prefata
650 2821 754 2883 curia.
771 2818 815 2884 Et
835 2820 966 2883 interim
986 2818 1180 2883 ineolumem
1205 2826 1235 2882 te

90 2929 180 2996 nee
192 2937 305 2994 servet.
324 2929 448 2993 nanim
467 2928 502 2990 in
519 2927 714 2992 cancellaria
728 2927 915 3010 episcopali,
937 2926 989 2990 dic
1062 2929 1180 2990 mensis

90 3045 216 3090 anno...
233 3060 271 3071 —
283 3025 339 3103 N„
363 3025 511 3089 Vicarius
522 3025 696 3106 peneraiis.
714 3049 729 3081 s

135 3159 173 3227 Si
186 3158 269 3228 forte
283 3160 372 3228 testu
386 3181 510 3227 morem
526 3181 592 3227 non
606 3166 697 3248 geret
711 3157 871 3249 eiusmodi
883 3156 1018 3248 privatis
1031 3157 1158 3245 litteris,
1176 3181 1233 3228 re-

90 3275 202 3336 curret
223 3266 326 3357 judex
356 3266 398 3334 nd
422 3266 606 3335 citationem
628 3265 805 3356 juridicum
822 3264 952 3356 proprie
980 3264 1111 3351 dictem,
1138 3267 1234 3357 juxte

90 3381 263 3466 sequentes
274 3373 443 3443 formulas.

612 3597 698 3687 gu.

88 3770 211 3823 Formule
224 3767 352 3819 citationis
366 3766 484 3832 juridicis
496 3765 609 3827 testium,
622 3779 671 3830 pro
684 3763 865 3816 informatione
878 3767 968 3829 curin,
985 3769 1124 3833 numquam
1139 3767 1234 3819 consti-

563 3857 633 3906 tutns
644 3855 679 3906 sit
691 3868 760 3905 reus.

133 4055 149 4086 «
181 4030 248 4095 Nos
271 4030 328 4108 N„
359 4028 504 4094 Vicarius
529 4026 690 4109 penerulis
717 4025 980 4092 reverendissimi
1005 4028 1233 4093 Ambianensir

89 4138 257 4220 Episcopi,
285 4136 494 4220 requirimus,
518 4151 686 4198 monemus
712 4140 746 4196 et
770 4133 910 4197 cr’tumus
936 4143 1100 4216 sequentes
1128 4143 1231 4216 testes,

90 4261 207 4328 nempe
234 4245 279 4327 (et
299 4243 344 4308 ibi
363 4246 525 4326 ponentur
546 4259 660 4306 eorum
681 4241 830 4319 nomine3
855 4245 953 4322 etque
972 4241 1110 4308 addetur
1129 4262 1232 4326 poenae
