3050 4984
530 519 604 566 ries
626 519 772 568 sacuam.
1154 499 1214 564 tlt

74 643 165 706 rium
187 642 371 724 peneralem
389 642 536 706 articulis
557 642 827 724 interropatoriis,
847 642 972 707 censuit
986 643 1216 726 corripendum

76 768 144 814 esse
157 751 332 816 articulum
343 752 491 832 primam
505 751 584 832 (sivo
596 749 785 829 seeundum,
801 754 873 830 ela,
890 754 922 814 et
939 752 1140 833 exprimatur
1154 771 1218 816 nu·

76 877 188 922 merus
198 857 347 940 articuli),
361 859 441 941 qaia
455 857 638 940 superfluas
652 866 714 937 est;
727 857 854 939 pariter
869 859 1013 937 tertiam,
1028 861 1109 943 qaia
1126 862 1219 926 nrrllo

75 964 174 1028 modo
194 966 335 1047 pertinet
355 965 402 1029 acl
421 983 573 1042 eaasarn;
593 965 769 1048 itidemque
787 973 955 1048 quartam,
972 969 1052 1049 qaia
1072 976 1120 1031 est
1134 987 1220 1050 pare

76 1073 318 1152 infamatorias.
331 1073 474 1138 Proinde
487 1091 585 1156 saper
595 1071 761 1154 praelialis
775 1090 842 1136 non
855 1072 994 1137 intendit
1006 1083 1148 1156 repetere
1162 1085 1221 1141 tes-

76 1188 140 1258 tes;
158 1179 283 1244 sedeas
297 1187 438 1262 repetere
452 1196 549 1262 saper
567 1181 690 1244 catoris
708 1177 859 1244 decrevit.
876 1181 960 1245 Aeta
974 1190 1050 1245 sant
1062 1182 1140 1262 liae,
1157 1192 1217 1249 ete.

63 1309 117 1333 ¹-
130 1287 205 1369 Epo
217 1287 249 1351 N
253 1335 273 1366 .,
295 1287 440 1352 Vioarins
452 1287 623 1370 peaeralis.
640 1321 680 1335 -
695 1286 767 1368 Epo
781 1287 837 1364 N,
852 1291 1030 1352 actuarias.
1047 1313 1063 1346 »

520 1484 663 1556 CAPUT
685 1483 841 1555 XXXVI.

76 1661 183 1708 ronna
206 1662 326 1710 cluam
349 1662 431 1708 REUM
455 1662 583 1716 musana
605 1659 770 1705 PATRONUM
793 1659 833 1705 ΑΙ)
856 1660 1013 1709 ἮῦΕΝὓῑΙΜ
1040 1664 1221 1713 tannasara

329 1769 458 1816 wasnau
480 1769 538 1816 Pno
561 1767 728 1834 EORUMDEM
751 1767 961 1815 flammeria.

121 1933 137 1965 «ε
159 1908 396 1991 Consequenter
422 1907 619 1973 reverendus
642 1908 684 1972 N.
716 1902 863 1976 Viearias
888 1910 1049 1991 petieratis
1081 1911 1223 1977 decrevit

76 2017 179 2082 citare
199 2016 369 2080 dominnm
384 2016 427 2084 N.
449 2034 553 2094 ream,
575 2025 606 2081 et
623 2017 794 2083 dominnm
813 2017 854 2080 N.
874 2017 945 2099 ejas
961 2027 1139 2101 patronam
1158 2019 1223 2099 (vel

75 2125 341 2206 procuratorem),
357 2123 405 2187 ad
412 2122 591 2190 videndum
605 2130 801 2209 juramenta
815 2127 945 2191 testium
960 2128 1219 2210 repetendorum.

79 2231 287 2316 Quapropter
309 2239 422 2296 vocato
445 2232 571 2297 loanne
596 2234 652 2312 N,
672 2234 866 2318 episcopalis
890 2236 990 2300 caria
1015 2237 1129 2301 nuntio
1154 2255 1221 2320 pa-

76 2338 170 2419 llieo,
182 2341 213 2403 ei
229 2341 433 2422 eoresipnaoit
445 2339 588 2404 libellam
599 2343 774 2420 citationes,
785 2341 952 2423 praedietis
965 2361 1020 2406 reo
1039 2351 1221 2427 etpatrono

72 2447 302 2530 personaliter,
318 2449 371 2512 vel
388 2451 422 2512 ia
436 2449 531 2514 aomo
552 2449 654 2513 solita
673 2449 883 2514 habitationis
904 2451 1125 2516 intimandnm
1138 2474 1148 2515 .·
1163 2455 1223 2537 qui

76 2555 205 2619 libellus
219 2565 266 2620 est
288 2558 407 2620 tenoris
424 2558 585 2639 sequentis
602 2578 611 2618 :
627 2557 667 2620 de
681 2557 838 2622 mandato
852 2558 1023 2622 reverendi
1034 2560 1074 2623 N.
1102 2561 1224 2628 Viearii

75 2664 239 2743 peneralis
252 2666 396 2728 citantur
414 2664 564 2728 dominas
583 2664 627 2727 N.
642 2683 727 2743 rens,
744 2673 777 2729 et
790 2665 943 2729 dominas
963 2667 1007 2735 N.
1023 2668 1092 2749 ejns
1102 2677 1221 2751 patro-

75 2788 152 2848 nus,
167 2771 214 2834 acl
225 2769 480 2853 comparendum
490 2789 602 2836 eoram
612 2771 723 2836 eodem
733 2772 908 2836 reverendo
928 2773 1054 2840 Vieario
1064 2777 1222 2857 penerati,

77 2879 114 2939 in
143 2879 229 2941 atrio
252 2878 389 2960 justiciis
417 2878 637 2944 ecelesiasticis
664 2879 874 2962 eapediendis
902 2881 1076 2961 destinato,
1097 2883 1149 2946 die
1173 2931 1220 2965 ...,

75 2986 161 3049 liora
175 3003 228 3065 ...;
242 2987 289 3050 aa
299 2987 446 3068 effectum
462 2987 597 3051 videndi
614 2989 744 3052 testium
765 2991 974 3069 juramenta,
990 2996 1023 3053 et
1041 3007 1152 3056 eoram
1167 3011 1219 3057 re·

72 3095 265 3176 petitionem
291 3113 365 3158 eam
393 3094 540 3158 articulis
564 3095 833 3176 interropatoriis.
861 3095 909 3161 Et
931 3096 1016 3161 hana
1035 3099 1218 3167 citationem

75 3202 216 3266 mandat
238 3200 323 3266 idem
350 3201 496 3268 Viearias
516 3202 677 3284 pererratis
697 3203 848 3266 intimari
862 3203 1089 3286 personaliter,
1116 3208 1169 3272 vel
1187 3211 1220 3273 in

76 3311 174 3374 darno
189 3309 397 3380 habitationis
407 3310 519 3374 solite.
533 3311 658 3374 Dalana
669 3311 703 3373 in
715 3309 911 3374 cancellaria
924 3313 1109 3395 episcopali,
1121 3315 1174 3380 die

76 3419 197 3482 mensis
272 3436 395 3480 anno...
413 3453 452 3464 -
470 3417 545 3500 Epo
565 3417 621 3496 N,
654 3417 801 3484 Viaarius
822 3418 993 3499 poneretis.
1014 3453 1056 3468 -
1071 3421 1144 3504 Epo
1162 3425 1217 3505 N,

75 3527 257 3590 actuarius.
276 3525 373 3606 Quod
389 3525 584 3590 mandatam
602 3532 777 3607 postquam
800 3525 940 3607 explevit
956 3526 1060 3592 dietas
1078 3529 1221 3596 loannes

76 3634 119 3701 N.
137 3651 258 3710 cursor,
275 3631 322 3695 aa
331 3649 383 3695 me
405 3633 592 3696 actuariarn
605 3649 753 3695 reversas
773 3633 894 3708 retulit,
910 3651 944 3698 se
954 3636 1161 3716 praemissam
1175 3641 1221 3702 ei-

77 3741 234 3804 tationem
246 3741 460 3822 personaliter
474 3741 651 3819 intimasse,
670 3741 764 3822 eopia
779 3738 901 3819 relicta,
919 3750 1020 3823 prout
1033 3745 1068 3806 in
1078 3747 1219 3811 manda-

75 3850 127 3912 tis.
145 3849 228 3912 Aeta
240 3853 317 3910 sant
330 3847 397 3912 liae
412 3847 464 3911 die
534 3848 653 3910 mensis
723 3865 846 3910 anno...
864 3883 902 3893 -
915 3848 990 3931 Epo
1011 3849 1150 3917 loannes
1162 3855 1219 3933 N,

75 3954 267 4038 episcopalis
287 3955 387 4018 euriae
407 3973 529 4033 cursor,
551 3951 677 4034 affirmo
696 3962 732 4017 at
750 3972 863 4036 snpra.
886 3991 925 4000 —
945 3957 1019 4039 Epo
1033 3959 1088 4038 N,
1108 3971 1219 4028 actua.

73 4066 158 4126 r’t'us.
175 4089 190 4120 >r

119 4165 221 4232 Nota.
240 4203 284 4216 -
298 4165 447 4234 Citaatur
472 4163 592 4256 pariter
612 4171 723 4242 testes;
742 4184 886 4255 proquo
905 4162 1048 4236 formula
1069 4169 1162 4242 facile
1177 4199 1220 4247 ex

74 4271 256 4363 praemissis
269 4271 458 4340 concinnari
473 4271 592 4361 poterit
606 4296 614 4338 ε
629 4269 715 4338 unde
731 4269 822 4338 illam
833 4271 1125 4362 praetermittimus.

237 4397 270 4446 11.
1025 4386 1063 4448 37
