3050 4984
292 484 354 548 258
672 502 847 551 reserares
869 502 909 549 oa
929 503 1063 551 mornas.

296 654 311 689 ιι
335 624 423 714 quod
458 623 498 691 ud
530 622 719 713 presidium
750 624 972 693 innocentium
1001 604 1202 713 dignoscitur
1229 621 1432 693 institutum.

295 759 312 795 ιι
335 731 544 811 Quocirca
563 730 717 821 praesenti
730 729 857 799 decreto
876 730 1048 799 statuimus
1067 738 1115 817 ut,
1132 752 1190 798 nec
1206 729 1352 815 Praelati,
1369 730 1434 798 nisi

294 867 310 903 ιι
334 840 487 908 canoniea
503 839 679 907 monitione
694 840 875 932 praemissa,
894 838 1118 929 suspensionis
1133 838 1185 906 vel
1205 839 1435 906 excommuni-

294 976 311 1013 ιι
334 946 467 1015 cationis
489 946 680 1015 sententiam
704 947 871 1039 proferant
886 945 921 1015 in
938 945 1085 1015 subditos
1107 974 1189 1023 ....;
1214 966 1274 1013 nec
1295 944 1435 1035 subjecti

292 1080 308 1118 ιι
332 1063 444 1122 contra
472 1052 679 1144 disciplinam
709 1052 959 1121 ecclesiasticam
994 1054 1029 1121 in
1065 1074 1176 1121 vocem
1208 1050 1435 1143 appellationis

292 1190 309 1227 ι
332 1170 546 1251 erumpant...
562 1160 733 1251 Praecipua
747 1182 825 1229 vero
838 1160 900 1229 hoc
924 1159 1134 1249 inreligiosis
1152 1157 1304 1227 volumus
1318 1157 1434 1227 obser·

291 1297 307 1333 ι
331 1269 414 1354 vari,
431 1291 471 1335 ne
483 1268 643 1357 religiosi,
658 1290 734 1337 cum
748 1290 809 1358 pro
823 1267 933 1359 aliquo
945 1288 1081 1335 excessu
1094 1267 1217 1335 fuerint
1230 1266 1433 1354 corrigendi,

290 1402 307 1440 ιι
330 1385 441 1443 contra
452 1374 634 1462 regularem
646 1372 778 1443 Praelati
792 1374 843 1443 sui
859 1383 891 1442 et
904 1373 1038 1465 capituli
1052 1372 1257 1465 disciplinam
1268 1372 1435 1465 appellare

290 1510 308 1549 ιι
332 1490 550 1573 preasumant5
566 1480 622 1549 ssd
637 1481 805 1549 humiliter
820 1504 856 1549 ac
873 1480 987 1551 devote
1001 1480 1180 1572 suscipiant
1201 1479 1290 1571 quad
1307 1501 1365 1570 pro
1380 1504 1433 1549 sa·

289 1616 306 1655 ιι
329 1590 397 1658 luta
409 1611 468 1656 sua
482 1588 580 1657 luerit
591 1587 713 1656 eisdam
726 1587 923 1677 injunctum.
936 1614 953 1653 s
966 1587 1084 1679 (Caput
1095 1586 1429 1676 reprehensibilem,

284 1694 324 1763 de
338 1694 644 1786 Appellationibus.)

329 1805 369 1872 Il.
399 1804 594 1886 Questionis
611 1804 792 1893 proposita
817 1802 982 1871 resolutio.
1010 1840 1053 1853 -
1079 1800 1327 1891 Distinguendae
1353 1810 1433 1873 sunt

284 1912 386 1981 varim
402 1910 645 2002 appellationes,
663 1932 737 2000 quae
758 1910 830 1978 lieri
853 1918 990 2001 possunt
1005 1910 1042 1976 in
1062 1908 1169 1978 causis
1184 1908 1378 1979 visitationis
1401 1920 1433 1977 et

283 2019 492 2087 correctionis
527 2040 656 2087 morum
685 2044 692 2084 :
724 2016 776 2085 vel
804 2017 894 2085 enim
923 2016 998 2107 quis
1023 2016 1165 2107 appellat
1186 2024 1300 2085 contra
1324 2016 1432 2107 legem

251 2200 253 2205 ,
283 2127 402 2217 ipsam,
420 2147 518 2216 quam
533 2124 596 2213 ipsi
609 2124 750 2215 applicat
762 2125 955 2216 Episcopus,
970 2146 1046 2194 cum
1058 2124 1258 2215 caeteroquin
1266 2124 1431 2193 notorium

282 2234 324 2301 sit
339 2254 415 2300 eum
436 2254 505 2299 esse
521 2232 555 2298 in
569 2253 646 2298 casu
661 2254 681 2298 a
696 2231 767 2321 lege
783 2233 937 2321 praeviso,
955 2253 1060 2322 neque
1075 2230 1136 2299 hoc
1151 2231 1219 2321 ipse
1238 2241 1334 2321 neget
1352 2257 1361 2299 ι
1379 2231 1432 2300 vel
1509 2319 1510 2322 Ἴ

281 2338 422 2430 appellat
445 2338 486 2407 ab
513 2339 583 2429 ipso
603 2348 677 2407 actu
699 2338 875 2429 episcopali
888 2337 1190 2428 exoa-judicialiter
1205 2346 1297 2428 gesto
1317 2366 1325 2407 :
1342 2338 1432 2406 vela

282 2446 441 2515 sententia
462 2445 632 2513 definitiva
654 2445 806 2536 Episcopi
827 2446 999 2536 injudicio
1021 2446 1172 2538 prolata:
1191 2445 1243 2514 vel
1262 2446 1431 2515 taudema

281 2554 441 2621 sententia
472 2552 645 2643 episcopali
672 2552 926 2621 interlocutoria.
958 2553 1062 2622 Porro
1090 2553 1219 2620 attentis
1249 2552 1430 2644 promissis

279 2660 364 2749 juris
380 2658 535 2744 textibus,
552 2656 705 2727 videntur
720 2659 805 2727 varii
823 2659 871 2728 illi
891 2682 986 2729 casus
1005 2659 1124 2729 resolvi
1144 2658 1262 2728 debere
1280 2660 1428 2750 sequenti
1508 2729 1509 2756 ἶ

280 2767 378 2835 modo
396 2794 403 2833 :

329 2878 359 2939 1ο
373 2874 414 2941 Si
428 2874 500 2963 qao
520 2874 662 2964 appellet
678 2889 792 2942 cocttra
806 2876 910 2963 lepem
924 2873 1032 2964 ipsam
1047 2896 1122 2965 quaa
1143 2873 1208 2964 ipsi
1221 2873 1426 2965 applicatur,
1508 2863 1509 2880 ¹

280 2985 352 3071 ejas
370 2981 550 3072 appellatio
565 3004 622 3049 occ
643 2982 869 3073 suspensivam
882 3004 938 3049 nec
960 2982 1184 3051 decolatioum
1204 2982 1355 3072 effectum
1372 2986 1428 3049 ie-

279 3090 439 3179 pulariter
452 3089 570 3169 lalet‚·
585 3088 641 3157 sed
658 3089 780 3179 friuola
802 3102 861 3171 est,
887 3103 918 3157 ct
932 3113 953 3156 a
963 3089 1081 3179 judice
1099 3088 1146 3157 ad
1158 3111 1256 3180 quem
1274 3090 1427 3181 appella·
1507 3135 1508 3152 ι

279 3212 335 3265 tor
349 3218 484 3286 prorsas
504 3195 693 3284 rejicienda.
718 3234 762 3247 —
782 3195 1027 3287 Suppouamus,
1055 3196 1147 3265 verbi
1167 3196 1284 3284 gratia,
1305 3196 1426 3266 Titium
1507 3269 1508 3286 ἒ

278 3304 431 3370 clericum
447 3302 578 3370 solitum
593 3324 661 3370 esse
676 3303 799 3393 absque
813 3302 926 3371 habitu
943 3302 1084 3371 clericali
1100 3302 1265 3390 insedere;
1287 3302 1426 3393 hincque

278 3419 390 3479 contra
401 3409 508 3498 ipsum
526 3408 566 3475 ab
581 3408 738 3498 llpiscopo
756 3409 1002 3499 pronuntiatam
1016 3432 1085 3477 esse
1101 3430 1245 3499 poenam,
1263 3431 1363 3499 quam
1373 3409 1428 3500 jus

279 3538 464 3600 commuue,
489 3514 539 3583 vel
557 3515 658 3583 etiam
680 3514 864 3583 dioecesans
884 3516 1086 3602 constitutio,
1109 3525 1222 3584 contra
1243 3516 1427 3584 istiusmodi

279 3621 559 3691 deordiustionem
568 3622 721 3691 decrevit.
733 3621 876 3706 Tunc,si
887 3623 1066 3692 notoriasit
1077 3621 1232 3713 praedicta
1240 3621 1318 3690 Titii
1326 3644 1428 3713 prava
1506 3621 1507 3694 j

280 3726 492 3809 consuetudo,
522 3749 627 3817 namne
642 3728 731 3797 illam
757 3728 826 3818 ipse
856 3740 964 3818 neget,
991 3727 1225 3820 appellandos
1249 3728 1427 3819 poenasibi

280 3836 413 3919 inflicta,
431 3846 543 3903 contra
556 3836 664 3923 ipsam
683 3836 890 3925 disciplinam
909 3836 1156 3904 ecclesiasticam
1171 3836 1335 3927 appellare
1350 3858 1427 3905 cen·
1505 3907 1506 3918 ,

280 3952 380 4008 setur.
406 3938 447 4005 Et
462 3937 515 4005 hic
532 3936 659 4006 videtur·
675 3962 743 4006 esse
767 3962 861 4007 casus
876 3940 911 4007 in
926 3940 1022 4008 citato
1037 3940 1139 4030 capite
1159 3940 1426 4029 Repreltercsibilis

280 4048 450 4135 praevisus.
479 4044 625 4112 Dicimus
643 4054 751 4112 autem
773 4046 809 4112 in
832 4046 894 4114 hoc
913 4069 989 4114 casu
1009 4045 1271 4135 appellationem,
1296 4046 1425 4137 regula-

279 4154 360 4219 riter·
379 4150 554 4242 loquendo,
577 4172 646 4219 csse
661 4150 812 4221 frivolum
827 4162 859 4220 et
876 4175 940 4221 nou
959 4152 1206 4221 admittendam.
1232 4153 1426 4245 Appellatus
1504 4233 1505 4246 χ

281 4259 367 4325 cuim
387 4258 559 4326 dumtaxat
580 4257 622 4325 ab
637 4256 758 4351 injusto
780 4260 972 4347 gravamina
991 4285 999 4325 ι
1016 4257 1208 4349 leuantem,
1230 4259 1425 4351 regulariter
1504 4255 1505 4266 ³
