3050 4984
456 532 464 549 ·
538 512 613 559 rens
637 512 781 559 sueonos.
844 499 848 505 '
1164 491 1225 557 tot

74 626 136 696 sed
149 624 347 695 cumulatius
362 632 567 711 exercerent3
585 625 631 693 ita
646 646 760 715 nempe
776 624 862 693 utin
876 647 942 693 una
954 625 1132 718 eademque
1143 624 1226 693 diee-

76 732 158 818 cesi,
177 740 291 801 contra
304 754 378 801 reos
392 731 556 800 haereticae
573 731 743 823 pravitatis
756 732 929 823 procedere
939 733 1052 823 possit,
1065 741 1136 800 tum
1152 731 1229 823 Epi·

78 863 214 931 scopus,
239 849 310 907 tum
329 839 536 930 inquisitora
552 836 634 907 Sede
657 837 844 929 Apostolica
866 838 1043 929 delegatus.
1069 838 1163 921 Quod
1183 838 1229 906 ita

76 946 254 1014 inductum
276 953 336 1033 ast,
352 946 544 1013 testantibus
565 946 790 1015 Rornanorum
812 945 1009 1014 Pontificum
1024 946 1229 1014 constitutio-

80 1053 196 1138 nibus,
217 1060 268 1139 ut,
284 1052 313 1119 si
331 1051 416 1121 torte
435 1052 555 1120 alicubi
571 1052 773 1119 remissiores
786 1052 893 1120 forent
911 1052 1061 1143 Episcopi
1080 1053 1116 1119 in
1137 1073 1227 1120 coer·

81 1157 195 1227 cendis
211 1167 242 1226 et
257 1158 459 1250 extirpandis
474 1158 665 1243 haeresibus,
676 1179 791 1226 eorum
807 1158 1004 1249 negligentia
1019 1180 1078 1250 per
1090 1158 1172 1227 alios
1187 1158 1227 1227 ad

80 1266 118 1335 id
133 1264 231 1335 officii
245 1266 426 1357 specialiter
439 1263 622 1356 deputatos,
640 1265 857 1356 suppleretur.
872 1265 956 1333 flinc
976 1266 1097 1357 duplex
1117 1266 1231 1357 inqui-

82 1374 160 1441 sitio
176 1398 183 1440 :
202 1372 374 1441 ordinario
388 1394 463 1463 quae
480 1371 656 1440 hodiedum
673 1381 859 1462 permanet;
876 1381 909 1440 et
922 1372 1071 1464 delegato
1085 1395 1159 1463 quae
1174 1395 1233 1464 per

81 1481 183 1571 plura
198 1479 364 1547 secutast
379 1479 412 1545 in
427 1478 590 1570 plerisque
609 1478 698 1547 orbis
712 1478 860 1547 catholici
878 1479 1076 1568 regionibus,
1100 1479 1146 1546 ita
1163 1479 1232 1546 dis-

82 1596 228 1677 ponente
249 1594 281 1653 et
303 1586 380 1654 utile
394 1585 561 1677 judicante
579 1585 733 1669 Ecclesia,
753 1608 873 1653 munus
893 1608 990 1653 sunm
1010 1586 1089 1653 obiit
1096 1612 1106 1673 ;
1124 1594 1233 1677 postea

18 1740 21 1747 ·
83 1716 168 1762 vero
190 1693 294 1783 (aliter
313 1715 355 1760 ex
377 1692 488 1761 eodem
512 1691 664 1759 Ecclesia
686 1692 810 1782 judicio
831 1693 1069 1783 postulantibus
1087 1694 1233 1761 circum-

84 1799 228 1889 stantiis)
241 1797 389 1867 adhiberi
403 1798 597 1888 generaliter
610 1797 719 1868 desiit.

133 1907 277 1975 invaluit
291 1914 398 1975 autem
412 1928 504 1993 usus,
524 1914 560 1974 ut
574 1907 635 1973 suh
650 1907 785 1975 nomine
801 1908 920 1976 Sancti
935 1909 1053 2000 Officii,
1072 1908 1121 1978 vel
1137 1909 1233 1978 etiam

86 2014 154 2083 sub
168 2013 306 2104 simplici
324 2013 542 2104 munitionis
557 2012 830 2099 denominatione,
853 2037 918 2082 non
938 2023 1076 2107 utraque
1095 2016 1235 2107 inquisi-

87 2122 150 2207 tio,
169 2118 225 2187 sed
239 2119 390 2211 delegata
405 2119 575 2187 dumtaxat
591 2140 678 2210 saepe
693 2119 928 2207 designaretur.
940 2120 1024 2188 Cum
1038 2142 1154 2212 nempe
1165 2121 1236 2188 haec

88 2227 201 2315 magis
214 2225 326 2294 oculos
344 2225 469 2311 feriret,
491 2235 588 2316 atquc
610 2225 645 2291 in
668 2246 739 2293 eam
760 2226 933 2317 scriptores
953 2226 1121 2294 acatholici
1139 2227 1236 2295 inex-

88 2336 212 2403 hausta
230 2331 501 2401 declamationum
516 2332 610 2423 copia
625 2332 772 2399 insectati
787 2333 863 2419 sint,
880 2332 1038 2400 celebrior
1058 2335 1171 2421 evasit,
1188 2344 1237 2402 at-

87 2464 158 2534 que
175 2439 393 2531 inquisitionis
416 2460 534 2506 nomen
561 2438 662 2507 veluti
682 2438 960 2507 antonomatistice
980 2440 1043 2506 sibi
1066 2442 1236 2531 proprium

89 2547 244 2615 retinuit.

138 2654 196 2721 ΙΙΙ.
214 2657 262 2721 De
282 2653 408 2743 oripine
426 2652 582 2745 delegatae
604 2654 834 2745 inquisitionis.
850 2655 963 2724 -Sic
985 2656 1079 2725 h'abet
1099 2656 1237 2725 Paramo

90 2762 148 2854 (nte
163 2760 298 2851 Oripine
310 2772 430 2830 sanetae
443 2761 673 2852 inpeditione,
692 2762 775 2830 libro
790 2767 823 2848 2,
838 2762 934 2831 titulo
953 2765 984 2850 l,
999 2764 1102 2854 capite
1119 2762 1164 2853 t).
1181 2768 1238 2831 «A

94 2896 114 2935 n
141 2867 333 2960 primordiis
348 2868 507 2935 nascentis
520 2867 672 2937 Ecclesiae
687 2868 722 2935 iu
738 2869 892 2937 omnibus
907 2870 1089 2961 provinciis
1104 2872 1240 2961 provin-

96 3005 115 3043 c
141 2976 235 3044 cialia
249 2974 383 3043 concilia
404 2974 508 3042 bisin
529 2997 615 3043 anne
635 2976 847 3065 cogebantur,
864 2977 899 3043 in
914 2976 1034 3068 quihus
1053 2975 1168 3047 tierent
1188 3000 1239 3045 re·

97 3111 117 3150 c
142 3082 274 3172 gulares
292 3081 535 3172 inquisitiones.
562 3081 663 3173 idque
689 3104 768 3150 usus
788 3082 1052 3175 obtinuit‘usque
1067 3084 1109 3152 ad
1132 3087 1240 3153 conci-

98 3220 118 3255 «
143 3190 226 3258 lium
247 3196 377 3257 sextum
400 3188 682 3280 Constantinopoli
700 3189 910 3274 celebratum,
935 3190 994 3258 ubi
1016 3191 1176 3259 sancitum
1193 3202 1242 3259 est

99 3326 120 3364 a
146 3288 183 3365 nt
205 3294 305 3365 semel
323 3302 448 3363 tanturn
471 3296 504 3361 in
527 3317 614 3363 anno
633 3295 831 3387 provinciale
854 3296 1025 3364 concilium
1054 3297 1239 3386 haberetur,

101 3434 121 3473 a
147 3407 183 3473 in
194 3427 259 3495 quo
274 3403 440 3493 regulares
455 3400 520 3470 illae
538 3402 977 3494 inquisitionesobtinerent3
995 3412 1028 3471 et
1046 3404 1164 3473 iterum
1188 3407 1241 3473 id-

100 3539 122 3579 e
148 3513 256 3603 ipsum
270 3516 317 3577 est
332 3508 560 3577 confirmatum
572 3508 608 3574 in
624 3509 761 3599 septima
774 3507 899 3599 synodo
917 3508 1051 3577 Nicaena
1067 3538 1075 3578 ι
1091 3511 1137 3579 sic
1151 3512 1243 3580 docet

101 3646 122 3685 e
146 3640 276 3686 sacrum
300 3616 475 3684 concilium
501 3614 686 3683 universale
712 3615 939 3701 Lateranensc,
965 3616 1027 3683 sub
1053 3618 1240 3687 Innocentio

102 3753 123 3791 a
147 3726 237 3814 Papa
249 3722 307 3808 ΙΙΙ,
319 3721 514 3791 celebratum
529 3742 614 3788 anno
631 3724 729 3807 1215,
746 3729 778 3789 et
792 3721 930 3789 habetur
940 3722 976 3789 iu
987 3723 1090 3814 capite
1104 3724 1156 3792 Ad
1165 3724 1243 3793 cbo-

103 3861 124 3899 e
147 3831 290 3911 tendam
309 3830 412 3921 capite
436 3832 575 3898 Comen
591 3828 754 3919 injuncto,
776 3835 809 3896 et
830 3830 934 3920 capite
956 3832 997 3897 Ut
1017 3832 1179 3899 commissi
1195 3832 1245 3921 (dc

105 3966 124 4006 ι(
149 3937 342 4027 daretne).
366 3936 488 4003 Tamen
511 3934 705 4025 quibusdam
729 3934 895 4027 Episcopis
919 3937 1158 4025 negligentibus
1180 3948 1247 4008 tam

105 4074 125 4111 a
149 4044 353 4113 solutilermn
370 4043 430 4109 hoc
446 4042 587 4111 officium
604 4063 767 4127 exercere,
788 4042 985 4133 quibusdam
1005 4053 1114 4112 autem
1129 4046 1172 4113 ob
1194 4048 1246 4113 di-

108 4180 126 4220 u
151 4174 248 4221 versa
262 4151 325 4219 alia
339 4150 468 4239 negotia
486 4148 663 4239 impeditis,
681 4149 811 4216 Summi
831 4149 1004 4218 Pontifices
1022 4160 1150 4219 matura
1165 4154 1247 4222 deli-

110 4287 129 4331 «
152 4258 319 4331 beratione
343 4256 558 4325 decreverunt
581 4256 670 4325 viros
695 4255 806 4324 doctos
829 4265 862 4323 et
885 4256 1057 4325 catholicos
1076 4258 1166 4351 eligi,
1191 4264 1248 4356 qui
