3050 4984
308 497 373 565 186
683 519 860 566 mesenus
883 519 921 564 na
943 515 1077 564 sunium.

306 639 499 719 statuimus;
518 639 636 702 ideireo
652 639 692 703 de
711 648 769 703 tua
784 639 950 718 fidelitate,
975 638 1186 721 experientia,
1210 645 1243 700 et
1259 638 1451 702 dexteritate

306 748 341 809 in
355 747 449 811 reim
460 747 595 828 monetis
607 747 687 810 satis
699 745 816 824 edocti,
835 746 875 810 Te
890 745 1124 830 depositorium
1136 745 1362 826 pecuniarum,
1384 763 1453 808 cen-

306 873 415 933 suum,
430 853 624 932 libellorum,
643 871 818 932 monum,
834 854 1092 935 responsionum,
1112 851 1320 934 alioruosque
1338 869 1453 914 rerem

306 961 354 1024 aa
368 968 514 1024 nostram
537 979 684 1024 mensam
706 968 738 1024 et
754 961 975 1043 episcopatum
997 959 1212 1040 spectantium
1235 966 1267 1021 et
1288 960 1453 1039 pertinen-

308 1069 402 1146 tium,
424 1068 471 1133 ael
489 1075 638 1131 nostrum
659 1067 905 1150 beneplacitum,
928 1084 1002 1130 cum
1022 1064 1209 1142 nonoribus,
1236 1064 1403 1142 oneribus,
1424 1073 1454 1128 et

304 1175 498 1258 priuilepiis,
511 1182 581 1238 tam
601 1173 641 1238 de
660 1178 741 1257 jure
760 1191 863 1257 quam
883 1174 922 1238 de
945 1172 1173 1237 oomuetudine
1193 1171 1319 1250 debitis,
1334 1173 1453 1236 consti-

308 1283 429 1346 caimos
441 1289 472 1345 et
487 1281 692 1366 deputamus.
710 1283 832 1347 Dentes
855 1279 926 1346 Tibi
938 1279 1072 1364 plenam
1089 1278 1281 1359 facultatem
1302 1279 1453 1362 deposita

300 1390 520 1473 pecuniarum
534 1388 721 1470 reeipiendi,
736 1405 886 1467 eunome,
907 1405 1030 1466 acessus,
1044 1387 1264 1468 responsiones
1283 1385 1450 1466 ceipendi,

306 1495 499 1578 deponentes
518 1503 550 1559 et
567 1495 724 1559 soluentes
746 1495 918 1578 respective
936 1496 1053 1578 scripto
1073 1491 1243 1578 quietandi
1258 1514 1268 1554 :
1283 1493 1377 1574 sacta
1402 1501 1450 1556 ta-

307 1620 382 1665 men
396 1602 490 1682 prius
505 1618 567 1682 per
589 1600 630 1666 Te
647 1600 845 1683 oblipatione
863 1602 897 1664 in
918 1601 998 1664 actt's
1020 1608 1139 1666 nostre
1159 1597 1376 1675 carteellariae,
1397 1617 1451 1660 ra·

310 1709 430 1772 tionem
444 1709 494 1771 tui
512 1708 612 1787 officii
628 1708 677 1771 ad
691 1727 786 1772 onme
800 1708 993 1772 mandatum
1008 1715 1155 1772 nostrum
1169 1705 1339 1782 reddendi,
1355 1713 1390 1769 et
1401 1705 1456 1768 eui

309 1817 362 1880 uel
373 1815 491 1898 quilius
504 1813 773 1879 mandaverimus
787 1816 932 1898 deposita
946 1823 1005 1878 aut
1026 1813 1225 1897 reliquatum
1238 1812 1396 1876 solvendi.
1415 1813 1452 1877 ln

310 1940 451 2004 quorum
475 1923 695 1985 testimonium
715 1930 889 2004 presentes
912 1940 933 1984 a
957 1921 1056 1990 Nobis
1078 1921 1275 2004 subscriptas
1291 1919 1452 2004 sepediri,

309 2037 341 2091 et
363 2029 397 2091 in
415 2037 526 2092 nostra
545 2028 739 2092 cancellaria
762 2030 934 2111 repistrori
950 2037 981 2093 et
1005 2028 1171 2110 publicari
1188 2029 1365 2110 jussimus.
1385 2028 1451 2092 Da·

309 2143 391 2212 tum,
412 2143 470 2198 ete.
484 2171 524 2182 —
538 2136 594 2214 N,
615 2136 796 2218 Episcopus
811 2136 852 2204 N.
869 2171 907 2182 -
922 2135 978 2214 N,
1000 2135 1223 2201 concellarius.
1249 2161 1264 2190 ι»
1286 2169 1325 2180 -
1340 2132 1379 2198 Et
1397 2151 1450 2216 po-

311 2245 407 2306 natur
421 2242 565 2324 sigillum
579 2245 733 2308 consueto
747 2243 827 2306 loeo.

833 2489 925 2558 xvi.

484 2673 627 2721 romu
649 2673 866 2720 nzeuuuouts
893 2673 1081 2721 nsseosmu
1103 2671 1271 2720 elationum.

352 2845 506 2914 Officium
522 2846 699 2938 ejusmodi,
716 2848 798 2916 dum
817 2870 917 2939 supra
936 2847 976 2918 de
991 2848 1092 2920 curiae
1107 2845 1300 2938 episcopalis
1318 2844 1451 2914 ordine·

307 2953 396 3021 tione
415 2974 600 3042 ageremus,
618 2975 658 3020 ex
680 2953 918 3022 inadvertentia
939 2953 1212 3045 pretermisimus
1231 2951 1314 3021 :sed
1337 2951 1373 3020 in
1388 2973 1451 3042 quo

307 3058 472 3147 consistat,
488 3058 564 3128 setis
580 3059 701 3150 patebit
711 3082 753 3128 ex
770 3061 839 3152 ipsa
855 3059 1072 3151 deputationis
1086 3059 1242 3146 formula,
1257 3079 1334 3152 quse
1350 3065 1452 3149 potest

308 3163 446 3232 describi
463 3165 498 3232 in
511 3165 600 3234 hune
615 3165 752 3234 modum
769 3195 777 3235 :

350 3332 365 3368 a
384 3309 439 3386 N.,
461 3308 640 3390 Episcopus
654 3310 697 3378 N.
712 3345 752 3356 -
766 3311 887 3377 Dilecto
905 3313 946 3381 N.
963 3347 1001 3358 -
1012 3311 1238 3388 indemnitati,
1258 3326 1326 3374 non
1343 3309 1450 3372 minus

307 3415 504 3479 creditorum
531 3435 633 3499 quam
660 3417 853 3492 debitorum,
881 3419 950 3482 lites
976 3419 1144 3501 apentium
1173 3417 1207 3480 iu
1229 3423 1341 3480 nostro
1365 3415 1449 3496 foro,

306 3523 470 3586 consulere
486 3524 659 3604 cupientes,
676 3523 715 3590 ele
728 3525 846 3589 iclonea
857 3543 1009 3609 persona,
1026 3543 1099 3608 quea
1117 3525 1260 3607 pipnora
1281 3524 1315 3586 in
1336 3539 1448 3586 eoene-

309 3629 394 3693 tione
416 3630 500 3693 reali
518 3640 614 3715 copta
637 3632 797 3696 custodire
822 3631 936 3696 debeat
955 3631 1126 3714 prouidere
1149 3632 1335 3695 statuimus.
1360 3631 1447 3711 Qua·

306 3743 441 3819 propter
456 3737 490 3799 in
504 3744 561 3799 tua
576 3736 731 3816 fidelitate
753 3739 873 3816 confisi,
887 3739 977 3820 saeta
991 3739 1084 3821 prius
1097 3756 1159 3821 per
1175 3738 1216 3802 Te
1231 3739 1266 3801 in
1278 3739 1358 3802 actis
1377 3755 1445 3799 nos·

311 3849 369 3905 tre
391 3842 593 3908 cancellariae
616 3843 824 3926 oblipatioue,
839 3845 982 3924 officium
998 3844 1188 3924 hujusmodi
1203 3844 1342 3926 fideliter
1358 3863 1447 3908 eaer-

310 3949 414 4028 eendi,
441 3959 472 4014 et
494 3949 612 4014 librum
633 3949 709 4013 bene
732 3959 947 4033 compactum,
971 3953 1006 4015 in
1023 3970 1088 4034 quo
1105 3954 1248 4035 pipuora
1268 3951 1447 4017 describan-

312 4063 366 4118 tur
394 4054 564 4133 retinendi,
594 4055 754 4139 descripta
783 4057 994 4138 uestoeiiendi,
1023 4069 1054 4123 et
1080 4061 1212 4124 nonnosi
1237 4059 1395 4126 mandato
1415 4068 1447 4122 in

308 4163 436 4244 seriptis
450 4161 560 4226 latito
573 4165 680 4227 nostri
691 4164 864 4228 tribunalis
878 4164 935 4229 illo
949 4167 1139 4231 restituendi
1150 4186 1207 4232 seu
1223 4168 1445 4252 oonsipnemdi,

308 4275 341 4329 et
367 4270 527 4334 rationem
550 4269 723 4352 reddente
750 4269 792 4334 Te
818 4272 852 4335 in
874 4271 1108 4358 depositarium
1123 4276 1305 4358 pipnorum
1333 4285 1446 4342 nosue
