3050 4984
549 495 625 544 rans
646 495 793 544 sucrum.
1173 479 1235 546 463

93 643 113 683 c
133 623 307 688 tencantur
325 617 545 687 authenticam
567 623 746 709 reportare,
765 616 855 709 quod
871 638 930 708 pro
951 617 1009 687 tali
1031 615 1238 690 matrimonio

94 757 114 801 c
134 733 270 804 fuerunt
285 734 463 804 examinati
478 741 573 802 testes
585 733 622 802 in
632 755 748 803 eorum
762 733 932 822 tribunali,
947 734 1004 826 qui
1018 735 1158 826 probant
1171 744 1238 806 sta·

93 867 112 908 a
135 848 208 911 tum
221 842 365 911 liberum
380 841 572 911 contrahere
586 840 779 910 volentium·

140 975 157 1013 o
180 949 470 1019 Controvenientes
483 956 593 1018 autem
608 969 719 1018 serere
733 947 924 1040 puniantur.
941 975 959 1015 n

135 1057 285 1129 mnne
305 1057 347 1126 Π.
369 1095 416 1110 ·-
429 1055 639 1149 Rependitur
656 1053 825 1148 quodnam
846 1079 887 1125 ec
902 1055 1085 1149 praemissis
1106 1057 1240 1128 decretis

91 1185 265 1233 cocnmooc
281 1165 343 1256 jus
359 1163 502 1233 oriatur.
519 1200 565 1213 —
586 1164 617 1229 1·
638 1162 781 1231 Attentis
799 1161 935 1232 decretis
954 1163 1159 1257 hujusmodi,
1179 1188 1239 1259 pro

89 1279 178 1342 certa
192 1272 232 1341 de
245 1271 321 1364 jore
331 1270 499 1340 communi
514 1269 665 1338 habenda
677 1277 726 1339 est
740 1270 904 1361 generalis
919 1271 1046 1362 regula,
1063 1295 1130 1342 non
1145 1296 1239 1367 posse

90 1379 178 1450 licite
196 1378 240 1448 ad
259 1378 542 1449 matrimoniorum
563 1376 811 1446 celebrationem
831 1376 981 1471 procedi,
1006 1378 1070 1449 nisi
1091 1380 1184 1473 prius
1205 1383 1240 1451 in

92 1488 188 1558 curia
200 1486 376 1579 episcopali
386 1483 527 1578 juridice
538 1484 694 1576 probatus
711 1484 811 1554 luerit
827 1485 911 1555 liber
924 1487 1115 1558 contrahere
1127 1489 1241 1560 volen-

93 1595 178 1664 tium
193 1602 308 1664 satus.

138 1701 290 1772 Procedit
308 1709 418 1770 autem
441 1698 556 1790 regula
572 1699 658 1788 brec,
674 1699 802 1770 etiarnsi
821 1701 1017 1772 contracturi
1037 1704 1102 1772 sint
1123 1704 1242 1776 dicece-

96 1808 180 1898 sani,
193 1817 225 1878 et
235 1808 398 1902 parochus
407 1807 551 1878 liberum
566 1829 680 1877 eornm
694 1815 814 1878 statum
828 1817 916 1880 certo
927 1821 1110 1901 cognoscat.
1124 1813 1243 1884 Decre-

96 1917 279 1986 tamenim
301 1915 476 1986 Clementis
499 1914 533 1983 X
558 1936 625 1984 non
652 1915 836 2006 prescribit
865 1924 992 1986 tantum
1021 1927 1058 1988 ut
1085 1918 1243 1992 habeatur

96 2024 231 2094 scientia
256 2032 366 2112 certa,
397 2023 454 2092 sed
483 2031 520 2091 ut
548 2030 697 2092 sumatur
725 2023 873 2116 probatio
899 2023 1042 2116 juridica
1071 2026 1112 2098 de
1139 2027 1243 2100 libero

96 2133 269 2224 utriusque
283 2129 484 2201 contracturi
495 2137 592 2199 statu.

142 2244 177 2308 2·
190 2240 338 2310 Examen
354 2237 500 2326 testium,
519 2237 578 2329 qui
592 2235 853 2329 adprobandum
873 2244 993 2310 statum
1010 2239 1150 2312 liberum
1165 2267 1244 2338 pro-

97 2349 276 2434 ducuntur,
293 2347 366 2415 fieri
381 2344 576 2436 regulariter
590 2343 686 2413 debet
704 2366 815 2414 coram
836 2345 994 2440 Episcopo
1014 2349 1068 2418 vel
1086 2355 1159 2441 ejus
1182 2353 1244 2423 Vi-

99 2456 188 2525 cario
206 2453 377 2545 generali:
401 2451 457 2523 sed
476 2458 582 2543 potest
595 2451 692 2520 etiam
707 2451 901 2522 Ordinarius
920 2453 1019 2524 alicui
1038 2455 1111 2525 viro
1127 2457 1246 2529 idoneo

98 2564 133 2633 id
157 2561 256 2632 officii
276 2559 488 2648 demandare3
515 2559 561 2627 ita
581 2566 691 2628 tamen
712 2567 750 2628 ut
774 2567 851 2629 tunc
876 2559 1092 2654 depositiones
1115 2566 1245 2636 testium

99 2670 142 2739 ad
167 2669 292 2740 curiam
313 2666 526 2760 episcopalem
548 2665 732 2755 mittantur,
756 2673 789 2736 et
810 2667 852 2736 ab
873 2668 986 2738 eadem
1007 2671 1098 2740 curia
1118 2695 1246 2767 semper

98 2777 292 2870 expediatur
321 2783 423 2844 status
452 2771 547 2842 liberi
576 2774 747 2843 attestatio.
784 2799 802 2842 c
832 2773 941 2845 Testes
972 2777 1027 2868 (ait
1057 2777 1244 2871 Monacelli,

103 2911 122 2952 n
143 2893 236 2979 parte
256 2887 287 2972 1,
310 2883 361 2952 tit.
386 2886 418 2969 8,
435 2881 578 2951 formula
598 2886 630 2969 1,
651 2881 860 2951 adnotatione
881 2885 910 2975 1)
933 2885 1040 2978 quiin
1062 2888 1155 2959 curia
1176 2891 1247 2982 epi-

102 3019 121 3058 c
145 2991 266 3083 scopuli
288 2988 491 3081 recipiuntur
516 2986 556 3055 ad
585 2987 792 3079 probandum
822 2995 942 3058 statum
968 2990 1125 3082 liberum,
1152 2995 1247 3086 juxta

105 3097 394 3167 «instructionem
417 3095 527 3166 Sacrae
551 3095 822 3186 Congregationis
842 3095 1062 3188 inquisitionis
1084 3100 1124 3170 de
1144 3101 1245 3193 Urbe,

103 3231 123 3271 n
147 3203 266 3272 debent
277 3201 460 3272 examinari
474 3221 583 3270 eoram
597 3201 756 3294 Episcopo
773 3201 826 3270 vcl
846 3201 918 3293 ejus
936 3201 1071 3274 Vicario
1090 3209 1247 3296 generali.

105 3339 125 3380 c
147 3313 187 3382 ln
200 3311 330 3382 ditecesi
342 3317 454 3379 tamen
468 3309 589 3402 ample,
604 3331 647 3378 nc
660 3316 756 3380 testes
770 3318 802 3378 et
817 3319 925 3402 partes
939 3307 1094 3383 distantes
1109 3316 1249 3386 nimium

107 3448 125 3489 s
146 3428 326 3510 graventur
345 3439 477 3487 accessu
501 3417 543 3486 ad
565 3417 691 3485 curiam
713 3416 947 3509 episcopalem,
971 3420 1090 3510 poterit
1113 3445 1250 3494 examen

107 3553 126 3596 n
149 3550 210 3619 pro
231 3525 448 3596 matrimoniis
467 3521 726 3595 dioeccsanorum
748 3526 929 3616 (nunquam
949 3533 1058 3597 tamen
1076 3533 1247 3624 vagorum)

107 3662 127 3701 o
149 3634 249 3704 alicui
265 3632 383 3703 idoneo
401 3630 474 3702 rirc
494 3630 650 3721 delegari,
670 3638 771 3722 prout
788 3631 858 3723 ipsa
880 3631 1051 3704 instructio
1075 3639 1232 3728 permittit
1237 3667 1247 3728 3

107 3771 127 3810 «
150 3742 304 3812 mandato
316 3747 427 3810 tamen
442 3740 531 3833 quod
546 3739 678 3810 testium
693 3746 899 3831 receptorum
914 3740 1129 3834 depositiones
1142 3755 1251 3816 trans-

107 3879 127 3919 α
149 3851 322 3920 mittantur
335 3849 377 3919 nd
391 3849 518 3919 curiam
533 3845 761 3939 episcopalem,
781 3870 802 3916 a
817 3870 883 3940 qua
896 3847 992 3920 debet
1007 3873 1136 3944 semper
1151 3877 1250 3948 cxpe-

109 3985 128 4026 ι(
150 3959 216 4028 diri
230 3957 405 4028 attestatio.
421 3982 440 4023 n

151 4070 186 4135 3ο
201 4065 321 4136 Forma
340 4063 482 4134 faciendi
494 4061 628 4155 juridici
645 4061 809 4132 examinis
824 4085 891 4134 non
911 4065 1109 4158 relinquitur
1125 4073 1252 4142 exami-

105 4174 218 4244 nantis
242 4173 390 4262 arbitrio‚
417 4173 473 4242 scd
496 4177 594 4263 prout
613 4171 651 4240 in
669 4171 841 4263 praemissa
864 4172 966 4242 sancti
980 4173 1088 4244 Officii
1108 4177 1252 4252 instruc-

105 4284 197 4353 tione
211 4279 460 4369 dcterminstur‚
474 4277 515 4346 ad
530 4300 676 4369 unguem
692 4278 819 4350 servari
832 4279 1035 4373 precipitur.
