3050 4984
572 498 646 545 nans
669 492 821 544 amenus.
1196 476 1258 543 tlt

118 618 185 711 ipsi
209 627 327 711 praesto
353 626 437 688 esset
466 626 646 711 pretextus
673 641 707 686 se
734 617 775 686 de
803 623 929 709 patrato
957 616 1075 686 delicto
1101 618 1262 709 privatam

121 728 288 797 scientiam
304 736 335 795 et
357 727 596 797 convictionem
621 726 815 795 habereiit
837 724 920 792 sicut
945 746 986 791 ex
1013 725 1147 810 malitia,
1163 727 1208 795 ita
1222 748 1263 795 ex

123 856 234 903 errore
255 834 374 926 judicis
400 833 560 926 ejusmodi
577 832 744 925 injustitias
772 831 916 901 accidere
938 841 1080 922 possent,
1097 834 1177 925 quin
1198 836 1266 903 ullo

125 941 283 1009 tutamine
298 942 482 1011 innocentia
505 947 730 1032 protegeretur
748 967 756 1006 ε
773 962 849 1007 nem
864 938 1006 1006 tribunal
1032 938 1073 1006 ad
1088 940 1176 1029 quod
1191 964 1266 1011 rens

125 1057 319 1135 recurreret,
335 1071 401 1118 non
413 1056 520 1139 posset
528 1047 698 1115 veritatem
714 1046 916 1133 discernere,
927 1067 1001 1113 cum
1015 1044 1068 1137 (ex
1081 1045 1263 1140 hypothesi}

124 1156 267 1223 rationes
281 1154 324 1224 ob
338 1176 421 1246 ques
444 1153 509 1222 lota
523 1151 587 1221 luit
600 1152 784 1245 suspensio,
812 1161 896 1244 aptes
912 1173 976 1220 non
991 1152 1055 1220 sint
1069 1155 1109 1222 sd
1124 1156 1265 1226 convin-

125 1262 267 1331 cendum
288 1261 431 1353 judicem
448 1259 495 1328 ad
519 1282 627 1351 quun,
645 1259 700 1327 sed
717 1260 856 1350 probent
870 1259 1041 1328 dumtaxat
1055 1262 1161 1352 quoad
1174 1264 1267 1353 judi-

125 1392 197 1439 cem
210 1369 267 1461 qui
280 1368 472 1438 sententiam
487 1366 561 1435 tulit
580 1393 587 1434 :
607 1375 639 1434 et
652 1365 869 1435 nihilominus
886 1366 935 1457 (ut
946 1369 1152 1460 supponitur)
1169 1370 1264 1440 debe

126 1484 176 1545 ret
186 1474 286 1567 judex
303 1474 344 1543 ed
370 1496 466 1566 quem
495 1473 687 1559 recurritur,
712 1473 904 1541 sententium
930 1495 989 1564 pro
1002 1476 1090 1565 justa
1105 1475 1223 1548 habere
1237 1487 1269 1547 et

126 1606 198 1652 eam
216 1582 385 1651 sustinere.
405 1580 493 1670 Ergo
508 1580 590 1647 sicut
614 1580 649 1646 in
671 1578 806 1670 judiciis
830 1579 1016 1667 ordinariis,
1034 1582 1077 1649 ita
1099 1583 1179 1651 etin
1194 1608 1268 1653 sen-

126 1690 237 1759 tentiis
251 1686 557 1778 exus-judicialiter
572 1686 720 1777 prolatis,
742 1686 812 1776 juri
826 1685 968 1755 naturali
980 1698 1141 1780 repugnat
1156 1700 1192 1758 ut
1212 1692 1267 1783 ju-

128 1796 195 1865 dex
219 1794 320 1887 possit
345 1816 437 1863 reum
460 1792 690 1878 condemnare,
711 1792 754 1860 ob
769 1792 913 1861 rationes
936 1816 1012 1885 quse
1027 1796 1134 1885 quoad
1160 1797 1269 1888 ipsum

128 1903 299 1971 dumtaxat
313 1901 465 1992 probant,
483 1908 514 1967 et
529 1920 604 1989 ques
630 1897 717 1989 apud
732 1897 850 1967 Sedem
866 1899 1084 1989 Apostolicem
1104 1899 1155 1989 (ad
1171 1926 1270 1993 quam

128 2018 217 2101 patet
231 2007 393 2097 recusam)
415 2004 496 2074 nibil
513 2004 697 2097 probarent.

176 2117 338 2185 Anenrrnn
354 2116 400 2181 2⁰.
417 2152 462 2165 -
477 2116 532 2181 Ec
548 2134 583 2180 ec
604 2111 693 2203 quod
706 2135 727 2179 a
742 2112 1001 2203 aspersionibus
1016 2116 1272 2206 extra-jndicia-
1401 2116 1405 2123 '

130 2224 206 2293 liter
216 2220 370 2312 prolatis,
396 2234 522 2289 cutum
547 2219 589 2287 sit
613 2218 688 2287 dari
702 2217 748 2286 ad
765 2222 896 2310 Papam
909 2241 1089 2288 recursum.
1107 2262 1152 2275 -
1165 2224 1271 2293 Eccos

129 2332 218 2399 enim
234 2329 330 2398 datur
345 2350 509 2414 recursus,
520 2326 584 2394 nisi
600 2334 637 2394 ut
652 2324 855 2417 pontificium
867 2326 1010 2395 tribunal
1024 2329 1186 2419 expendat
1198 2332 1270 2422 jus-

130 2446 207 2505 tene
217 2458 258 2505 an
274 2433 398 2525 injusta
410 2432 452 2501 sit
467 2432 636 2519 sententia,
653 2439 685 2499 et
699 2454 784 2518 eam,
802 2453 862 2522 pro
877 2440 1005 2523 reperta
1015 2433 1204 2523 iustitiaaut
1218 2439 1270 2506 in-

127 2542 266 2635 justitie,
281 2540 389 2609 firmet
403 2539 455 2608 vel
470 2538 652 2607 rescindat?
667 2538 731 2607 Sed
747 2538 911 2631 quomodo
933 2538 1187 2611 Eminentissimi
1210 2544 1270 2613 Sa-

131 2672 199 2717 crae
236 2647 505 2738 congregationis
534 2646 657 2732 Patres,
687 2645 879 2736 episcopalis
914 2647 1082 2715 cncede
1110 2648 1270 2739 justitiam

131 2754 315 2823 discernere
340 2761 503 2845 poterunt,
530 2752 558 2820 si
580 2752 790 2844 probationes
815 2752 856 2821 ab
878 2751 1036 2845 Episcopo
1058 2758 1268 2847 transmissa,

131 2862 319 2931 nullatenus
337 2863 383 2951 (ut
398 2860 605 2953 supponitur)
632 2858 738 2950 quoad
754 2860 843 2950 ipsos
857 2858 926 2926 vim
940 2860 1098 2949 probandi
1114 2862 1273 2933 habeant?

178 2968 263 3036 Hinc
285 2969 318 3035 in
344 2967 445 3035 curiis
460 2964 707 3057 episcopalibus,
725 2974 899 3056 antequam
914 2964 955 3034 ad
971 2969 1215 3059 suspensionem
1230 2996 1271 3041 ex

131 3076 310 3145 informata
324 3074 517 3143 conscientia
532 3072 734 3158 deveniatur,
751 3072 933 3162 prudentiss
948 3075 1009 3141 erit
1022 3075 1135 3145 sedulo
1148 3102 1273 3171 expen-

132 3183 224 3268 dere,
241 3204 306 3252 non
331 3189 458 3251 tantum
482 3203 524 3248 en
549 3189 673 3249 certum
697 3179 739 3246 sit
760 3178 934 3270 deliquisse
959 3180 1127 3269 clericum,
1148 3184 1188 3253 dc
1207 3211 1273 3278 quc

134 3286 361 3379 suspendendo
374 3288 495 3377 agitm,
513 3286 568 3354 sed
585 3286 747 3375 imprimis
760 3308 803 3353 sn
828 3285 934 3354 adsint
948 3288 1131 3357 testimonia
1144 3292 1196 3360 vel
1210 3295 1274 3363 alia

135 3394 431 3485 documentaque
458 3392 497 3461 de
511 3414 544 3459 se
557 3404 638 3483 apta
653 3391 719 3458 sint
744 3390 786 3457 ad
805 3390 1076 3473 constituendam,
1100 3397 1186 3486 apud
1213 3398 1276 3467 Se-

134 3524 226 3571 cram
250 3500 544 3590 Congregetionem
569 3497 716 3584 Consilii,
736 3496 949 3565 sufficientem
976 3497 1085 3567 delicti
1111 3503 1275 3593 probatio.

135 3629 225 3675 nens.
240 3606 394 3697 Alioquin
407 3605 575 3697 suspensio
587 3601 766 3672 omittenda
781 3603 855 3690 erit,
873 3605 961 3694 quia,
980 3604 1063 3675 lacto
1078 3628 1223 3696 recursu,
1240 3612 1275 3679 in

136 3714 237 3783 Sacra
247 3712 504 3802 Congregatione
517 3710 653 3780 Concilii
667 3732 733 3779 non
748 3710 973 3780 sustineretur.

186 3822 335 3913 Objicies.
354 3820 516 3912 Supponit
538 3818 731 3887 benedictus
746 3818 827 3888 XIV
845 3817 896 3909 (de
911 3822 995 3910 Syn.
1014 3818 1121 3904 dicen,
1139 3822 1197 3890 lib.
1218 3830 1271 3912 lt,

135 3954 166 3998 c.
184 3934 216 4014 8,
235 3952 268 3997 n.
289 3930 319 4017 6)
338 3949 429 4018 posse
444 3928 484 3996 ab
500 3927 658 4018 Episcopo
672 3925 828 4017 suspendi
842 3948 883 3994 ex
898 3925 1072 3995 informata
1083 3930 1277 4005 conscientia

137 4038 284 4121 clericos,
303 4035 452 4126 quamvis
467 4057 579 4101 eorum
606 4032 762 4101 delictum
788 4055 853 4100 nors
863 4034 968 4123 possit
994 4034 1029 4100 in
1054 4036 1128 4125 soro
1144 4051 1277 4109 esterno

138 4141 371 4213 concludenter
390 4141 538 4232 protem.
566 4179 611 4193 —
625 4139 818 4230 Respondeo
846 4167 853 4207 :
885 4141 990 4232 primo
1011 4140 1144 4231 quidem
1159 4143 1279 4218 intuitu

141 4249 246 4328 videri
262 4257 368 4341 posset
381 4248 597 4317 clarissimum
612 4246 802 4316 Pontificem
817 4248 852 4313 in
868 4248 929 4314 hac
942 4248 1100 4315 sententia
1113 4247 1229 4343 fuisse,
1247 4267 1280 4328 et
