3050 4984
301 522 364 587 332
675 538 851 589 reserares
873 540 912 586 oa
933 538 1065 586 ruorcus.
1133 596 1137 607 Ι

299 665 344 731 tia
368 661 601 755 suspendendi;
626 662 717 731 verbi
742 661 861 752 gratia,
890 660 1101 730 benedictum
1125 659 1204 730 XIV
1231 662 1282 752 (de
1302 662 1433 755 Spuode
1506 651 1507 724 l

299 770 439 852 dioeeea,
456 770 513 838 lib.
533 773 586 855 tb,
602 769 705 861 capite
724 769 768 859 8).

340 875 534 968 Respondee.
562 874 754 943 Benedictus
775 874 867 961 XIV,
889 874 986 943 citato
1013 874 1129 965 capite,
1160 875 1275 943 assent
1302 876 1433 968 quidem

290 984 457 1077 Episcopis
475 990 655 1073 competere
677 990 867 1074 potestatem
889 981 1191 1073 exue-judicialiter
1211 984 1432 1076 suspendendi

294 1093 335 1161 eb
348 1092 470 1159 crimen
484 1090 666 1171 oecultum·
683 1089 739 1157 sed
755 1111 961 1181 nequequam
978 1088 1094 1157 asserit
1108 1090 1240 1157 nenrrisi
1257 1090 1299 1158 eb
1311 1092 1433 1160 emman

297 1199 458 1268 occultum
471 1220 563 1289 posse
576 1219 630 1266 eos
645 1220 687 1265 ex
702 1197 878 1265 informata
892 1195 1088 1264 conscientia
1103 1197 1286 1288 precedere.

339 1307 522 1395 Psorosrrro
530 1305 588 1373 112.
598 1308 702 1373 -Ita
715 1305 869 1397 competit
878 1304 1049 1396 Episcopis
1062 1304 1150 1373 dieta
1165 1306 1309 1395 fmulos
1324 1320 1434 1377 eatre-

288 1414 497 1508 judicialiter
511 1412 641 1481 elericos
655 1410 882 1505 smpmdendi,
903 1425 941 1480 ut
954 1434 1018 1480 nen
1033 1424 1207 1481 teneantur
1220 1416 1434 1505 suspensionis

295 1544 429 1591 eausam
444 1519 522 1611 ipsis
536 1520 766 1610 manifestere?
780 1558 824 1571 -
841 1519 1002 1588 Probatur
1027 1523 1059 1587 1⁰
1079 1542 1122 1587 ex
1142 1521 1213 1611 ipso
1232 1521 1431 1591 'ludentium
1506 1591 1507 1598 ,

294 1628 411 1720 synodi
434 1634 537 1713 textu,
568 1627 602 1694 in
632 1649 697 1717 quo
724 1626 859 1694 firmum
886 1623 1067 1695 deebratur
1087 1624 1246 1717 judicium
1270 1627 1430 1720 Episcopi,
1506 1606 1507 1683 i

294 1756 462 1804 ascensum
478 1732 519 1801 ad
541 1732 674 1801 ordines
700 1732 933 1819 interdicentis,
950 1732 1058 1801 veleb
1079 1733 1249 1803 ordinibus
1270 1741 1305 1801 et
1325 1734 1432 1825 digni·

296 1842 418 1911 tatibus
431 1840 651 1932 gradibusque
667 1839 905 1931 suspendentis,
937 1840 1189 1932 quomodolibet,
1205 1840 1308 1909 etiam
1323 1856 1432 1911 cetra·

291 1949 510 2041 judicialiter.
533 1948 569 2016 Si
592 1948 750 2039 Episcopo
774 1946 869 2015 liceat
888 1946 1128 2038 quomodolibet
1149 1948 1336 2039 procedere,
1357 1973 1433 2040 ergo

295 2058 392 2126 etiam
414 2056 474 2147 ipsi
500 2053 607 2123 licebit
630 2054 821 2123 sententiam
844 2054 943 2142 ferre,
960 2054 1040 2145 quin
1062 2076 1155 2122 reum
1177 2055 1218 2123 de
1241 2078 1341 2125 causa
1364 2080 1433 2125 sus·

295 2162 460 2256 pensionis
479 2170 625 2239 meneat;
643 2162 720 2253 quia
739 2161 795 2228 ille
813 2159 931 2229 modus
949 2160 1067 2252 agendi
1086 2160 1149 2229 sub
1168 2162 1312 2251 generali
1336 2187 1435 2234 voca-

294 2270 372 2339 bulo
403 2268 641 2362 quomodolibet
670 2276 757 2337 carto
789 2268 979 2337 includitur.
1010 2269 1171 2338 Probatur
1195 2275 1230 2337 2ο
1255 2294 1299 2339 ex
1329 2272 1434 2342 Sacra

294 2376 560 2469 Congregetionis
581 2376 720 2446 Caecilii
746 2374 1029 2445 declarationibus.
1058 2378 1095 2444 ln
1119 2400 1218 2447 causa
1235 2379 1434 2449 vercellensi

295 2488 332 2553 21
359 2485 466 2553 martii
491 2487 588 2571 tete,
609 2484 653 2552 ita
667 2483 729 2552 fuit
746 2482 890 2551 decisum
910 2510 917 2551 :
935 2486 1042 2553 Sacra
1066 2486 1280 2577 Cenqrcqatie
1298 2510 1434 2581 respen-

294 2592 343 2660 dit
421 2590 649 2671 ordinarium,
667 2590 696 2658 si
710 2588 888 2681 suspendat
906 2590 1051 2682 aliquem
1072 2591 1183 2683 cipere
1203 2592 1322 2684 eapitr's
1333 2596 1436 2686 primi

292 2698 438 2766 sessionis
450 2702 487 2765 rt
506 2697 556 2789 (de
571 2698 669 2788 liet),
679 2720 744 2765 nen
756 2698 861 2765 teneri
874 2698 1056 2789 exprimere
1068 2697 1223 2767 delictum
1236 2722 1292 2768 seu
1301 2724 1435 2769 casuum
1505 2705 1506 2708 ’

292 2805 503 2897 suspensionis
528 2804 591 2896 ipsi
609 2826 675 2887 reo,
700 2803 757 2873 sed
780 2817 913 2873 tantum
934 2803 1014 2873 Sedi
1037 2805 1238 2897 Apostolica,
1263 2806 1311 2876 ad
1336 2832 1434 2901 mam
1505 2791 1506 2876 ἶ

292 2935 367 2981 reus
387 2934 552 2980 recursum
566 2911 717 2980 babuerit
740 2912 785 3003 (in
809 2911 892 2979 libro
918 2916 956 2979 t'l
979 2912 1204 2999 Decretorum,
1220 2912 1298 2982 folio
1325 2917 1435 3001 ibba
1505 2907 1506 2958 Ὗ

293 3020 406 3109 tergo).
426 3020 465 3088 Et
481 3019 525 3086 ita
536 3026 721 3101 constanter
737 3018 872 3111 praefata
886 3018 1115 3109 congregatio.

335 3128 519 3196 Prorosrrro
534 3127 605 3195 1112.
623 3164 668 3179 -
683 3128 711 3194 Α
724 3126 819 3195 dietis
832 3126 1000 3196 sententiis
1015 3150 1056 3195 ea
1068 3127 1251 3219 informata
1272 3130 1435 3199 consuen-

294 3234 342 3303 tie
357 3256 423 3301 nen
438 3233 540 3302 datur
553 3233 744 3325 appellatio.
762 3270 808 3285 -
822 3234 984 3302 Probatur
998 3237 1030 3301 1⁰
1044 3257 1086 3302 ex
1098 3233 1169 3327 ipso
1185 3243 1276 3304 textu
1292 3236 1436 3305 Triden—

292 3344 370 3411 tinae
395 3341 512 3433 synodi
543 3368 550 3409 :
582 3340 627 3409 ibi
654 3341 740 3409 enim
770 3341 810 3409 de
835 3364 873 3410 eo
903 3342 957 3411 cui
985 3342 1165 3435 Episcopus
1192 3365 1234 3411 err
1261 3344 1436 3413 informata

291 3450 487 3519 conscientia
509 3470 677 3518 ascensum
702 3448 742 3516 ad
766 3448 898 3517 ordines
921 3448 1102 3535 interdixit,
1120 3449 1164 3518 ita
1178 3451 1434 3541 pronuntiatur:

294 3559 396 3631 Nulla
422 3556 474 3649 (ei)
498 3568 611 3625 eontra
632 3556 735 3647 ipsius
756 3557 894 3625 Pralati
912 3556 1114 3625 uoluntatem
1135 3580 1282 3625 comessa
1303 3558 1437 3627 lieentia

295 3666 334 3735 de
347 3688 379 3734 se
386 3664 576 3757 promoueri
586 3662 738 3753 sumendo
753 3664 962 3755 suffraqetur.
978 3664 1066 3754 Ergo
1080 3686 1139 3731 nec
1154 3664 1435 3755 Metropolitanus,
1504 3699 1505 3716 r

294 3796 354 3842 nec
368 3774 452 3841 alius
466 3773 625 3863 superior,
642 3780 744 3862 potest
757 3771 887 3839 irritare
898 3771 1050 3863 Episcopi
1063 3772 1267 3857 sententiam,
1281 3774 1438 3864 qusquis
1504 3821 1505 3868 q

294 3905 314 3950 a
329 3880 530 3972 susceptione
546 3878 699 3947 ordinum
712 3877 905 3947 interdictus
920 3878 993 3947 tuit.
1009 3878 1096 3947 Atei
1112 3878 1245 3948 daretur
1260 3880 1347 3947 atali
1362 3902 1438 3948 sen·
1504 3883 1505 3940 l

295 3989 394 4057 tentia
413 3988 598 4079 appellatio,
621 3995 727 4078 posset
744 3985 848 4078 juder
874 3984 922 4055 ud
943 4008 1040 4079 quem
1060 4008 1133 4053 eam
1154 3986 1301 4074 irritare3
1319 4009 1439 4078 ergon

294 4096 411 4165 talibus
439 4094 606 4163 sententiis
636 4116 701 4161 non
730 4092 827 4162 datur
855 4094 1038 4185 appellatio.
1068 4094 1147 4161 Item
1179 4094 1215 4161 in
1243 4092 1438 4163 Tridentino

293 4212 397 4289 mutu,
430 4203 470 4271 de
498 4225 536 4271 eo
563 4224 660 4294 quem
689 4200 867 4296 Episcopus
895 4201 937 4268 ab
966 4199 1136 4269 ordinibus
1160 4198 1438 4294 dignitatibusque

295 4318 352 4379 eut
366 4309 522 4401 gradibus
542 4332 584 4379 ex
607 4306 782 4379 iulormata
802 4306 997 4381 conscientia
1020 4306 1200 4399 suspendit,
1224 4308 1268 4376 ita
1285 4330 1438 4403 pronun-
