3050 4984
554 444 628 489 esns
650 443 797 488 sncunnn.
1184 426 1239 491 191

99 590 116 627 a
141 563 302 631 sententia
313 590 321 631 z
334 571 367 631 et
377 571 541 653 receptum
554 573 603 631 est
615 563 736 655 passim
753 560 841 655 apud
857 560 1016 631 doctores.
1032 588 1047 625 n
1068 562 1246 654 (Schmalz-

95 670 251 758 gmeber,
266 671 301 737 in
314 670 364 738 tit.
389 675 420 758 5,
437 669 512 737 libri
538 673 557 736 2
580 669 723 756 Deerat,
740 692 775 737 n.
802 669 849 759 l.)
869 669 948 737 Eam
970 678 1076 739 autem
1101 670 1249 761 regulam

94 786 218 844 eruunt
237 776 427 860 canonista,
450 786 518 844 tum
537 799 578 845 ex
598 775 768 846 nonnullis
790 774 984 845 iustinianei
998 774 1083 867 juris
1095 774 1248 864 textibus,

96 892 167 950 tum
181 904 224 950 ex
237 883 388 951 decretali
408 883 498 951 Olim
512 883 627 975 (eapite
642 884 752 968 unico,
769 882 856 951 tituli
872 886 905 968 5,
921 880 996 949 libri
1009 884 1028 949 2
1040 880 1198 971 Deerat),
1214 881 1249 950 in

95 1012 160 1079 qua
186 989 234 1057 sie
256 989 434 1079 Gregorius
459 988 506 1056 [Χ
534 1017 540 1056 :
577 990 736 1072 Quamvis
759 987 939 1080 positiones
967 1001 999 1056 et
1027 988 1246 1080 responsiones

94 1096 171 1163 ltine
197 1096 273 1165 inde
294 1120 391 1188 snper
412 1095 564 1187 pluribus
584 1096 735 1164 articulis
753 1098 852 1185 sacta
870 1095 995 1187 ficerint
1016 1118 1128 1165 eoram
1145 1096 1245 1186 jndi-

95 1203 184 1271 cibus
202 1204 403 1285 memoratis,
421 1204 501 1295 qnia
523 1215 633 1271 tamen
654 1203 721 1271 litis
744 1204 1015 1271 contestationem
1035 1226 1102 1271 non
1120 1204 1246 1271 inveni·

95 1332 169 1377 mas
192 1332 258 1377 osse
275 1312 403 1399 saetam
428 1310 516 1397 (cnm
534 1331 601 1377 non
619 1331 681 1399 per
698 1307 875 1399 positiones
901 1320 932 1375 et
957 1308 1174 1400 responsiones
1200 1308 1247 1377 ad

95 1439 159 1497 eas,
175 1416 234 1484 sed
242 1439 304 1508 per
312 1416 511 1507 petitionem
525 1416 561 1483 in
570 1416 652 1506 jare
657 1415 877 1507 propositam,
894 1427 926 1482 et
941 1416 1181 1506 responsionem
1195 1439 1244 1484 se-

94 1538 206 1591 catam
231 1524 422 1591 contestatio
444 1523 511 1591 litis
529 1524 623 1613 siat),
643 1544 830 1613 processum
850 1522 1012 1613 ipsorum,
1039 1522 1077 1590 de
1095 1523 1243 1614 fratrum

94 1643 285 1697 nostrorum
298 1629 431 1697 consilio
447 1629 581 1697 irritum
606 1628 761 1697 ducimus
778 1628 1015 1696 nuntiandam.
1034 1628 1087 1696 Ad
1102 1630 1245 1719 proban-

95 1736 175 1805 dnm
196 1738 409 1805 neeessariam
424 1758 494 1805 esse
509 1736 576 1803 litis
595 1737 875 1821 contestationem,
890 1734 1057 1803 adducunt
1072 1736 1169 1803 etiam
1188 1760 1245 1805 ea-

95 1846 233 1912 nonistae
251 1845 424 1935 ipsammet
444 1843 690 1934 inscriptionem
712 1842 798 1909 tituli
819 1845 851 1928 6,
872 1841 948 1909 libri
972 1846 990 1908 2
1012 1842 1242 1931 Decretalinm,

94 1974 167 2041 quae
190 1952 237 2019 sie
258 1950 355 2019 habet
374 1978 381 2017 ε
398 1963 435 2018 at
451 1951 509 2018 lite
523 1972 589 2017 non
609 1961 789 2017 contestata
808 1970 873 2017 non
883 1948 1087 2040 procedatur
1108 1949 1155 2018 ad
1176 1964 1244 2019 tes-

96 2059 179 2125 tinm
199 2058 412 2149 receptionem
427 2059 479 2125 vet
497 2056 544 2125 ad
561 2056 757 2125 sententiam
777 2055 993 2147 definitivam.
1018 2057 1113 2126 Unde
1128 2080 1242 2129 revera

95 2164 178 2233 dicta
197 2164 439 2233 contestationis
460 2163 653 2251 necessitas,
683 2171 841 2254 tanquam
864 2164 977 2253 regula
998 2164 1159 2253 generalis
1180 2167 1242 2235 ad-

27 2259 28 2262 *
95 2270 244 2339 mittitur.
528 2347 531 2352 y

27 2459 28 2478 ἢ
133 2378 177 2445 11.
193 2378 410 2469 Exceptiones
424 2378 471 2446 ad
481 2380 661 2469 prefatam
680 2376 864 2467 peneralem
880 2376 1043 2467 requiam.
1061 2416 1104 2428 -
1128 2404 1144 2443 a
1163 2379 1240 2447 Dixi

27 2483 28 2512 l
96 2510 110 2547 ι
133 2483 501 2574 reputariterloqnendo
512 2510 524 2549 :
536 2505 612 2550 nam
626 2483 660 2549 in
672 2481 839 2573 aliquibus
851 2481 1149 2573 casibusjudioium
1162 2484 1239 2552 sub-

97 2619 111 2655 c
133 2592 220 2659 sistit
240 2594 338 2661 etiam
359 2595 429 2661 siue
447 2592 677 2660 contestatione
692 2590 770 2657 litis.
791 2591 833 2657 Et
851 2590 984 2681 quidem
1004 2595 1034 2657 1⁰
1056 2592 1089 2658 in
1107 2592 1239 2683 judiciis

97 2725 112 2763 s
132 2700 364 2767 summariis...
377 2705 409 2767 2⁰
416 2700 455 2766 ln
462 2699 569 2767 causis
576 2696 843 2788 appellationis..
858 2700 890 2763 3ο
900 2697 937 2763 ln
949 2697 1236 2768 causisnotoriis...

27 2859 28 2884 1
98 2833 113 2870 s
135 2810 168 2873 4⁰
184 2806 222 2873 ln
241 2829 337 2875 consa
353 2830 462 2875 eoram
482 2806 612 2897 Papa...
639 2808 671 2870 5⁰
685 2803 875 2872 Universim
889 2804 923 2871 iu
939 2804 1091 2873 omnibus
1111 2806 1239 2876 casibus

27 2921 28 2994 ᾗ
99 2940 113 2975 a
134 2913 169 2979 in
184 2914 306 3004 quibus
320 2937 386 2983 non
399 2912 578 3004 requiritur
593 2910 722 2979 libellus
730 2937 740 2997 3
755 2934 830 2979 eum
846 2911 932 2978 enim
949 2910 1080 2979 libellus
1091 2914 1132 2979 sit
1146 2914 1238 3003 origo

27 3095 28 3120 χ
98 3017 212 3103 «litis,
242 3019 378 3087 remisso
407 3018 534 3103 libello,
562 3017 739 3084 remittitur
767 3016 865 3083 etiarn
892 3016 956 3084 litis
985 3019 1184 3087 contestatio.
1217 3045 1233 3083 n

27 3179 28 3204 q
99 3124 408 3214 (Schmolzgrneber,
422 3125 456 3191 in
472 3125 522 3190 tit.
544 3128 577 3209 ὅ,
598 3123 674 3191 libri
688 3128 707 3189 2
721 3124 864 3209 Deerat„
883 3146 916 3190 n.
937 3128 981 3213 l.)

135 3232 190 3299 111.
205 3233 483 3323 Numpresatam
495 3230 838 3321 peneralemreqnlam
850 3229 1045 3321 deprocessa
1059 3232 1158 3300 etiam
1173 3234 1236 3301 eri-

97 3338 208 3406 minati
220 3351 372 3407 auctores
393 3338 604 3428 intellipant?
621 3376 665 3388 -
677 3337 751 3405 Non
774 3336 869 3429 plane
882 3336 984 3427 liquet
999 3344 1069 3406 tum
1087 3340 1166 3430 quis
1180 3342 1237 3409 ubi

97 3446 206 3515 dicmur
230 3447 452 3514 nenessitatem
472 3454 603 3534 urgent,
628 3444 669 3511 sle
692 3465 844 3536 processu
866 3443 1035 3513 dumtaxat
1057 3445 1147 3515 civili
1167 3448 1236 3539 ple·

98 3574 229 3645 rumque
242 3562 364 3642 agunt3
381 3562 452 3621 tum
469 3552 547 3643 quia
557 3551 643 3642 juris
654 3560 764 3619 textus
778 3551 819 3617 ab
837 3551 916 3642 ipsis
935 3550 1066 3619 adducti
1080 3552 1122 3620 ad
1138 3576 1234 3621 enm-

99 3658 166 3727 dem
180 3660 311 3729 oivilem
332 3682 519 3752 processum
534 3659 732 3728 referuntur.
757 3657 853 3725 Unde
871 3658 1009 3747 questio
1030 3656 1114 3745 haee,
1137 3682 1179 3727 an
1201 3662 1235 3727 in

99 3787 242 3854 processu
253 3768 351 3836 etiam
367 3767 530 3835 criminali
543 3767 723 3834 amassaria
737 3765 779 3832 sit
793 3766 862 3832 litis
873 3765 1073 3853 contestatio,
1091 3788 1157 3834 non
1172 3768 1236 3834 ol>-

98 3884 192 3944 stnnte
212 3874 349 3968 praefata
370 3874 515 3964 generali
539 3873 672 3963 regula,
699 3882 845 3941 remanet
866 3872 972 3941 adhue
998 3873 1124 3964 plenius
1153 3896 1235 3942 enu-

98 3980 233 4051 cleanda.
251 3983 304 4051 Ad
318 3982 407 4073 quod
423 3982 466 4049 sit

138 4090 277 4171 Quosne
296 4094 343 4157 3².
359 4128 402 4141 -
418 4092 469 4157 An
484 4090 587 4156 etiam
600 4089 636 4155 in
643 4108 798 4178 processe
814 4087 979 4155 criminali
991 4090 1056 4179 fiat
1074 4086 1140 4154 litis
1153 4110 1232 4155 con-

101 4199 241 4266 testatio?
255 4236 300 4251 -
318 4225 335 4261 o
351 4197 579 4289 Respondetur
598 4192 791 4262 affirmative
800 4222 809 4282 3
828 4202 1017 4262 nontamen
1038 4205 1163 4265 servata
1178 4220 1232 4269 so-
