3050 4984
261 444 321 507 l3t
631 464 805 511 reserares
828 465 868 509 ns
889 464 1022 510 subruis.

256 586 403 671 sabatm,
430 586 482 654 vel
507 584 643 654 omnino
667 610 688 653 a
710 584 775 653 fide
796 584 953 655 catholica
976 586 1149 673 defecerat,
1170 584 1224 653 vel
1246 607 1312 653 non
1338 611 1345 650 :
1371 582 1399 650 si
1515 616 1516 623 .

257 694 363 785 priua,
387 692 428 761 de
451 692 554 784 ipsus
578 693 655 763 odio
681 694 865 763 curandum
892 716 959 761 non
979 702 1049 761 erat
1066 720 1073 760 :
1092 693 1120 760 si
1143 692 1317 783 posterius,
1340 714 1399 781 ap-

256 800 361 892 prime
383 800 582 889 intelligebat
604 811 806 871 aecosatorm
828 824 871 871 ex
889 800 1094 871 conscientie
1115 800 1224 871 debito
1241 798 1304 867 sibi
1322 806 1399 867 tan-

256 916 329 977 tum
349 931 433 978 onus
455 910 684 1001 assumpsisse;
707 918 805 1001 atque
825 910 912 978 idem
932 909 974 978 de
996 908 1136 978 accnmti
1156 908 1268 977 amicis
1291 916 1324 977 et
1343 930 1400 975 co-

254 1014 363 1105 gnatis
391 1015 577 1085 dicendum.
609 1016 771 1107 Perpetuo
799 1024 958 1108 praeterea
985 1015 1165 1085 amarantis
1201 1024 1233 1083 at
1260 1014 1399 1083 accusati

255 1122 390 1191 auribus
419 1124 590 1194 insonabat
615 1133 816 1215 preceptum
842 1123 1081 1213 evangelicum,
1106 1144 1173 1215 quo
1202 1121 1288 1207 odia,
1314 1121 1400 1189 inter

254 1230 344 1322 ipsos
369 1231 467 1299 etism
488 1231 668 1321 litigantes,
692 1230 837 1299 districte
861 1232 1087 1323 probibentur.
1110 1230 1183 1313 Qua
1205 1228 1276 1319 lege
1298 1250 1400 1297 evan·
1515 1324 1516 1329 ἵ

255 1337 357 1429 getica
375 1360 451 1407 eum
467 1361 581 1408 omnes
599 1338 713 1407 fideles
725 1362 746 1407 a
760 1339 881 1407 teneris
894 1338 1164 1424 informarentur,
1179 1335 1240 1405 boc
1256 1335 1400 1423 remedio
1515 1334 1516 1405 l

254 1468 321 1513 non
337 1445 509 1537 parumsb
524 1443 591 1514 odii
606 1445 672 1533 lue,
689 1446 817 1536 inipsis
836 1444 933 1513 etiam
946 1444 1070 1531 litibus,
1086 1442 1396 1535 praemuniebantur.
1515 1488 1516 1525 ,

254 1554 298 1623 Ut
316 1554 410 1639 adam
432 1553 493 1621 etsi
510 1553 598 1646 apud
620 1552 770 1621 infideles
792 1574 960 1620 summum
979 1560 1184 1619 enasceretur
1203 1574 1246 1618 ex
1266 1572 1400 1619 aecusa-

254 1660 337 1728 toria
362 1660 468 1727 forma
496 1659 647 1728 odiorum
674 1658 919 1745 inconveniens,
945 1658 1045 1727 noxio
1073 1656 1128 1724 illo
1157 1656 1272 1725 ellectu
1297 1656 1398 1725 eccle-
1515 1688 1516 1757 t

254 1766 381 1834 siastica
407 1766 531 1859 judicia
557 1766 625 1835 fere
651 1765 814 1835 immunia
841 1766 964 1853 forent;
989 1765 1035 1833 ita
1065 1773 1115 1853 ut,
1146 1764 1174 1831 si
1202 1761 1282 1855 quid
1311 1762 1400 1831 illius

253 1873 331 1942 mali
347 1895 584 1965 nonnunquam
600 1882 798 1961 occurreret,
814 1884 846 1941 et
859 1882 1042 1965 superesset
1057 1873 1092 1940 in
1107 1873 1178 1964 ipsa
1192 1869 1269 1939 fidei
1283 1869 1400 1939 catho-

254 1981 326 2048 licar
342 1983 468 2051 interna
489 1982 523 2049 vi
538 1980 733 2068 remedium,
755 1990 788 2049 et
802 1980 997 2049 utilitatibus
1016 2004 1057 2049 ex
1078 1979 1165 2048 dicta
1187 1977 1400 2048 accusationis

254 2086 360 2155 forma
374 2087 554 2157 orientibus
565 2099 842 2180 compensaretur.
1515 2160 1516 2165 ,

297 2195 386 2284 Ergo
400 2194 607 2265 aecusatoriae
628 2196 743 2263 iormae
759 2194 945 2285 disciplina,
969 2205 1066 2287 prout
1088 2194 1270 2286 antiquitus
1287 2196 1322 2263 in
1337 2196 1400 2265 Ec-

253 2302 353 2371 alesia
366 2302 519 2390 obtinuit,
538 2325 603 2371 non
619 2303 738 2393 injusta
753 2312 785 2371 et
798 2298 950 2388 barbara,
972 2301 1030 2371 sed
1050 2304 1137 2370 bona
1151 2310 1183 2369 et
1196 2302 1285 2371 utilis
1299 2302 1400 2371 tuisse

255 2408 416 2478 censenda
429 2420 489 2477 est.
1515 2428 1516 2507 J

299 2522 333 2585 2ο
347 2518 452 2587 lmmo
467 2528 499 2587 et
519 2518 624 2607 magis
642 2518 751 2587 decuit
770 2520 887 2611 ipsam,
910 2520 1020 2610 potius
1039 2540 1139 2608 quam
1158 2518 1400 2611 inquisitoriam
1515 2508 1516 2587 ᾗ

254 2626 413 2695 adhiberi.
436 2627 484 2694 Ea
503 2628 591 2695 enim
612 2629 729 2711 torma,
753 2649 820 2695 non
841 2635 967 2695 tantum
987 2626 1075 2719 apud
1095 2627 1272 2713 Romanos,
1294 2627 1401 2695 sedet

255 2731 342 2824 apud
364 2742 499 2802 caeteros
513 2756 626 2803 omnes
639 2734 844 2824 antiquitatis
858 2734 995 2825 populos
1010 2732 1205 2802 invaluerat.
1229 2731 1323 2814 Quod
1339 2734 1401 2803 do-
1515 2748 1516 2811 ἶ

255 2840 415 2908 sumentis
429 2840 610 2932 probarunt
625 2852 772 2909 auctores
787 2840 935 2931 plurimi,
952 2840 1037 2908 inter
1053 2862 1135 2930 quos
1147 2862 1252 2931 nuper
1265 2841 1400 2909 Faustin
1515 2870 1516 2939 f

254 2946 358 3033 Helie,
375 2948 410 3015 in
420 2970 479 3016 suo
490 2947 575 3017 libro
586 2947 640 3015 cui
656 2946 783 3033 titulus,
803 2947 913 3015 Traitd
925 2947 964 3015 de
975 2946 1194 3015 [instruction
1208 2947 1372 3017 criminali
1390 2998 1398 3013 .

254 3053 450 3143 Evangelica
463 3075 543 3143 ergo
563 3052 752 3145 pradicatio
767 3063 899 3122 cuncus
921 3062 1033 3143 gentes
1050 3062 1214 3145 repererat
1236 3077 1275 3122 ea
1294 3054 1401 3123 forme
1515 3076 1516 3081 ’

253 3160 429 3227 imbibitas.
458 3161 547 3242 Quas
571 3160 707 3251 proinde
731 3159 772 3227 ad
796 3159 894 3227 fidem
920 3170 1031 3251 postes
1057 3182 1242 3247 conversas,
1269 3162 1400 3229 nonnisi
1515 3194 1516 3241 5

254 3264 384 3333 difficile
398 3266 439 3333 ad
455 3290 573 3335 novam
589 3266 786 3358 inquisitorii
799 3289 968 3357 processus
981 3266 1220 3337 institutionem
1233 3268 1398 3337 traxisset.

254 3372 426 3439 Putassent
445 3374 531 3441 euim
549 3372 644 3441 multi
660 3373 835 3463 perfectam
857 3372 961 3441 deseri
975 3371 1111 3464 justitie
1133 3373 1307 3443 reddendae
1322 3398 1400 3444 nor·

255 3500 341 3546 mam
366 3505 373 3545 :
398 3502 418 3544 e
441 3502 507 3569 quo
531 3478 721 3571 praejudicio
743 3481 802 3548 etsi
829 3479 976 3547 fidelium
997 3502 1089 3548 mens
1109 3479 1210 3548 eximi
1229 3482 1398 3572 potuisset,
1515 3474 1516 3543 3

253 3584 402 3653 infideles
417 3592 525 3653 temen
540 3608 582 3653 cx
603 3585 740 3654 adverso
760 3586 856 3676 positi
872 3584 1048 3654 novitatem
1070 3586 1200 3654 crimini
1215 3587 1396 3656 vertissent.
1515 3600 1516 3683 }

253 3696 339 3763 Cum
353 3715 432 3781 ergo
446 3692 613 3760 exclusiva
625 3693 680 3759 illa
693 3692 883 3761 accusatorii
897 3714 1066 3782 processus
1080 3692 1199 3779 forma,
1215 3693 1248 3760 in
1265 3716 1299 3762 se
1315 3696 1401 3763 mala
1515 3772 1516 3775 Ἴ

253 3824 319 3870 non
345 3808 440 3886 esset,
469 3798 522 3865 vel
549 3797 661 3866 saltem
691 3800 732 3866 ab
761 3799 945 3867 intrinsecis
975 3799 1155 3869 defectibus
1178 3799 1272 3868 facile
1292 3811 1401 3891 posset

253 3910 287 3976 in
311 3908 382 3976 loro
400 3904 613 3974 ecclesiastico
631 3906 822 3996 expurgari,
843 3927 903 3996 pro
926 3927 964 3973 eo
984 3905 1129 3996 Spiritus
1151 3904 1261 3974 Sancti
1284 3906 1397 3995 ductu,
1515 3984 1516 3989 ,

251 4038 317 4108 quo
332 4034 460 4105 semper
479 4012 515 4080 in
530 4034 589 4079 sua
610 4011 754 4101 generali
771 4004 947 4104 ,disciplina
962 4012 1104 4083 Ecclesia
1126 4011 1293 4103 dirigitur,
1320 4038 1400 4105 pru·

252 4122 366 4190 denter
391 4119 506 4188 maluit
529 4140 735 4187 communem
757 4119 842 4188 banc
864 4118 1013 4187 omnium
1039 4119 1138 4211 hujus
1158 4121 1313 4212 temporis
1340 4145 1400 4213 po-
1515 4158 1516 4185 ;

251 4230 404 4323 palorum
430 4225 664 4297 iustitutionem
692 4226 837 4317 retineri,
864 4226 1092 4323 potiusquam
1117 4250 1249 4319 novam,
1277 4228 1337 4303 etsi
1363 4230 1398 4299 iu
1515 4260 1516 4269 ¹
