<?xml version="1.0" encoding="UTF-8"?>
<!DOCTYPE html PUBLIC "-//W3C//DTD XHTML 1.0 Transitional//EN"
    "http://www.w3.org/TR/xhtml1/DTD/xhtml1-transitional.dtd">
<html xmlns="http://www.w3.org/1999/xhtml" xml:lang="en" lang="en">
 <head>
  <title>
</title>
<meta http-equiv="Content-Type" content="text/html;charset=utf-8" />
  <meta name='ocr-system' content='tesseract 3.04.00' />
  <meta name='ocr-capabilities' content='ocr_page ocr_carea ocr_par ocr_line ocrx_word'/>
</head>
<body>
  <div class='ocr_page' id='page_1' title='image "./tractatusdejudi00goog_0333.png"; bbox 0 0 3050 4984; ppageno 0'>
   <div class='ocr_carea' id='block_1_1' title="bbox 561 532 807 582">
    <p class='ocr_par' dir='ltr' id='par_1_1' title="bbox 561 532 807 582">
     <span class='ocr_line' id='line_1_1' title="bbox 561 532 807 582; baseline 0.012 -3"><span class='ocrx_word' id='word_1_1' title='bbox 561 532 633 580; x_wconf 71' lang='lat' dir='ltr'><strong>PARS</strong></span> <span class='ocrx_word' id='word_1_2' title='bbox 661 534 807 582; x_wconf 71' lang='lat' dir='ltr'><strong>SECUNDA.</strong></span> 
     </span>
    </p>
   </div>
   <div class='ocr_carea' id='block_1_2' title="bbox 568 877 795 947">
    <p class='ocr_par' dir='ltr' id='par_1_2' title="bbox 568 877 795 947">
     <span class='ocr_line' id='line_1_2' title="bbox 568 877 795 947; baseline -0.009 0"><span class='ocrx_word' id='word_1_3' title='bbox 568 877 712 947; x_wconf 81' lang='lat' dir='ltr'>CAPUT</span> <span class='ocrx_word' id='word_1_4' title='bbox 738 878 795 946; x_wconf 91' lang='lat' dir='ltr'><strong>lll.</strong></span> 
     </span>
    </p>
   </div>
   <div class='ocr_carea' id='block_1_3' title="bbox 113 1087 1252 1261">
    <p class='ocr_par' dir='ltr' id='par_1_3' title="bbox 113 1087 1252 1261">
     <span class='ocr_line' id='line_1_3' title="bbox 113 1087 1252 1153; baseline 0.003 -20"><span class='ocrx_word' id='word_1_5' title='bbox 113 1089 152 1133; x_wconf 72' lang='lat' dir='ltr'><strong>DE</strong></span> <span class='ocrx_word' id='word_1_6' title='bbox 174 1088 361 1137; x_wconf 76' lang='lat' dir='ltr'><strong>srtscoesurs</strong></span> <span class='ocrx_word' id='word_1_7' title='bbox 383 1087 780 1153; x_wconf 70' lang='lat' dir='ltr'><strong>cosmum,ssttrsttr1ss</strong></span> <span class='ocrx_word' id='word_1_8' title='bbox 800 1089 844 1135; x_wconf 78' lang='lat' dir='ltr'><strong>u</strong></span> <span class='ocrx_word' id='word_1_9' title='bbox 866 1088 1041 1137; x_wconf 67' lang='grc' dir='ltr'><strong>ΙΜΟΗΙΔΤΔ</strong></span> <span class='ocrx_word' id='word_1_10' title='bbox 1056 1090 1252 1137; x_wconf 72' lang='lat' dir='ltr'><strong>consumit</strong></span> 
     </span>
     <span class='ocr_line' id='line_1_4' title="bbox 341 1195 1022 1261; baseline -0.001 -19"><span class='ocrx_word' id='word_1_11' title='bbox 341 1196 482 1261; x_wconf 67' lang='lat' dir='ltr'><strong>titutum,</strong></span> <span class='ocrx_word' id='word_1_12' title='bbox 506 1196 696 1243; x_wconf 75' lang='lat' dir='ltr'><strong>sxrsustottu</strong></span> <span class='ocrx_word' id='word_1_13' title='bbox 718 1197 758 1243; x_wconf 79' lang='grc' dir='ltr'><strong>ΔΙ)</strong></span> <span class='ocrx_word' id='word_1_14' title='bbox 780 1195 894 1243; x_wconf 72' lang='grc' dir='ltr'>ὒΕΙίΤΟΒ</span> <span class='ocrx_word' id='word_1_15' title='bbox 916 1196 1022 1243; x_wconf 67' lang='lat' dir='ltr'><strong>CASUS.</strong></span> 
     </span>
    </p>
   </div>
   <div class='ocr_carea' id='block_1_4' title="bbox 12 1414 1257 4377">
    <p class='ocr_par' dir='ltr' id='par_1_4' title="bbox 112 1414 1257 2363">
     <span class='ocr_line' id='line_1_5' title="bbox 157 1414 1254 1507; baseline 0.002 -23"><span class='ocrx_word' id='word_1_16' title='bbox 157 1415 373 1507; x_wconf 84' lang='lat' dir='ltr'><strong>Expendendi</strong></span> <span class='ocrx_word' id='word_1_17' title='bbox 397 1437 484 1483; x_wconf 91' lang='lat' dir='ltr'><strong>nunc</strong></span> <span class='ocrx_word' id='word_1_18' title='bbox 507 1416 642 1483; x_wconf 88' lang='lat' dir='ltr'><strong>veniunt</strong></span> <span class='ocrx_word' id='word_1_19' title='bbox 671 1414 828 1507; x_wconf 78' lang='lat' dir='ltr'><strong>praecipui</strong></span> <span class='ocrx_word' id='word_1_20' title='bbox 854 1437 960 1503; x_wconf 89' lang='lat' dir='ltr'><strong>casus,</strong></span> <span class='ocrx_word' id='word_1_21' title='bbox 987 1415 1028 1484; x_wconf 90' lang='lat' dir='ltr'><strong>de</strong></span> <span class='ocrx_word' id='word_1_22' title='bbox 1053 1415 1172 1507; x_wconf 89' lang='lat' dir='ltr'><strong>quibus</strong></span> <span class='ocrx_word' id='word_1_23' title='bbox 1197 1425 1254 1486; x_wconf 88' lang='lat' dir='ltr'><strong>aut</strong></span> 
     </span>
     <span class='ocr_line' id='line_1_6' title="bbox 112 1520 1253 1615; baseline 0 -24"><span class='ocrx_word' id='word_1_24' title='bbox 112 1532 201 1593; x_wconf 90' lang='lat' dir='ltr'><strong>mota</strong></span> <span class='ocrx_word' id='word_1_25' title='bbox 216 1522 290 1609; x_wconf 85' lang='lat' dir='ltr'><strong>tuit,</strong></span> <span class='ocrx_word' id='word_1_26' title='bbox 306 1531 363 1591; x_wconf 92' lang='lat' dir='ltr'><strong>aut</strong></span> <span class='ocrx_word' id='word_1_27' title='bbox 377 1522 502 1593; x_wconf 90' lang='lat' dir='ltr'><strong>moveri</strong></span> <span class='ocrx_word' id='word_1_28' title='bbox 529 1529 636 1615; x_wconf 88' lang='lat' dir='ltr'><strong>posset</strong></span> <span class='ocrx_word' id='word_1_29' title='bbox 662 1522 814 1614; x_wconf 80' lang='lat' dir='ltr'><strong>quaestio,</strong></span> <span class='ocrx_word' id='word_1_30' title='bbox 839 1543 881 1590; x_wconf 90' lang='lat' dir='ltr'><strong>au</strong></span> <span class='ocrx_word' id='word_1_31' title='bbox 897 1520 936 1590; x_wconf 91' lang='lat' dir='ltr'><strong>ad</strong></span> <span class='ocrx_word' id='word_1_32' title='bbox 957 1523 1045 1615; x_wconf 91' lang='lat' dir='ltr'><strong>ipsos</strong></span> <span class='ocrx_word' id='word_1_33' title='bbox 1060 1521 1253 1591; x_wconf 81' lang='lat' dir='ltr'>extendatur</span> 
     </span>
     <span class='ocr_line' id='line_1_7' title="bbox 112 1628 1256 1722; baseline 0.001 -25"><span class='ocrx_word' id='word_1_34' title='bbox 112 1628 268 1721; x_wconf 74' lang='lat' dir='ltr'><strong>praedicta</strong></span> <span class='ocrx_word' id='word_1_35' title='bbox 282 1630 517 1722; x_wconf 83' lang='lat' dir='ltr'><strong>Episcoporum</strong></span> <span class='ocrx_word' id='word_1_36' title='bbox 532 1652 574 1698; x_wconf 87' lang='lat' dir='ltr'><strong>ex</strong></span> <span class='ocrx_word' id='word_1_37' title='bbox 590 1628 764 1698; x_wconf 81' lang='lat' dir='ltr'><strong>informata</strong></span> <span class='ocrx_word' id='word_1_38' title='bbox 780 1628 975 1697; x_wconf 90' lang='lat' dir='ltr'><strong>conscientia</strong></span> <span class='ocrx_word' id='word_1_39' title='bbox 989 1628 1183 1721; x_wconf 88' lang='lat' dir='ltr'><strong>procedendi</strong></span> <span class='ocrx_word' id='word_1_40' title='bbox 1195 1653 1256 1722; x_wconf 92' lang='lat' dir='ltr'><strong>po·</strong></span> 
     </span>
     <span class='ocr_line' id='line_1_8' title="bbox 113 1735 1254 1827; baseline 0.003 -24"><span class='ocrx_word' id='word_1_41' title='bbox 113 1745 222 1805; x_wconf 87' lang='lat' dir='ltr'><strong>testas.</strong></span> <span class='ocrx_word' id='word_1_42' title='bbox 239 1736 301 1806; x_wconf 89' lang='lat' dir='ltr'><strong>Cui</strong></span> <span class='ocrx_word' id='word_1_43' title='bbox 316 1736 516 1827; x_wconf 80' lang='lat' dir='ltr'><strong>indagationi</strong></span> <span class='ocrx_word' id='word_1_44' title='bbox 533 1758 571 1805; x_wconf 92' lang='lat' dir='ltr'><strong>eo</strong></span> <span class='ocrx_word' id='word_1_45' title='bbox 583 1736 766 1805; x_wconf 78' lang='lat' dir='ltr'><strong>accuratius</strong></span> <span class='ocrx_word' id='word_1_46' title='bbox 781 1735 1037 1805; x_wconf 82' lang='lat' dir='ltr'><strong>incumbendum</strong></span> <span class='ocrx_word' id='word_1_47' title='bbox 1054 1737 1254 1825; x_wconf 85' lang='lat' dir='ltr'><strong>existimavi,</strong></span> 
     </span>
     <span class='ocr_line' id='line_1_9' title="bbox 112 1842 1255 1936; baseline 0 -23"><span class='ocrx_word' id='word_1_48' title='bbox 112 1842 201 1936; x_wconf 90' lang='lat' dir='ltr'><strong>quod</strong></span> <span class='ocrx_word' id='word_1_49' title='bbox 216 1844 517 1931; x_wconf 78' lang='lat' dir='ltr'><strong>animadverterim,</strong></span> <span class='ocrx_word' id='word_1_50' title='bbox 535 1842 740 1913; x_wconf 88' lang='lat' dir='ltr'><strong>difficultates</strong></span> <span class='ocrx_word' id='word_1_51' title='bbox 755 1844 916 1935; x_wconf 83' lang='lat' dir='ltr'><strong>ejusmodi</strong></span> <span class='ocrx_word' id='word_1_52' title='bbox 937 1844 1043 1912; x_wconf 79' lang='lat' dir='ltr'><strong>adhuc</strong></span> <span class='ocrx_word' id='word_1_53' title='bbox 1067 1844 1164 1913; x_wconf 89' lang='lat' dir='ltr'><strong>hodie</strong></span> <span class='ocrx_word' id='word_1_54' title='bbox 1188 1844 1255 1913; x_wconf 86' lang='lat' dir='ltr'><strong>fre-</strong></span> 
     </span>
     <span class='ocr_line' id='line_1_10' title="bbox 112 1950 1256 2044; baseline 0 -24"><span class='ocrx_word' id='word_1_55' title='bbox 112 1960 250 2044; x_wconf 88' lang='lat' dir='ltr'><strong>quenter</strong></span> <span class='ocrx_word' id='word_1_56' title='bbox 279 1952 447 2031; x_wconf 88' lang='lat' dir='ltr'><strong>renovari;</strong></span> <span class='ocrx_word' id='word_1_57' title='bbox 479 1961 528 2039; x_wconf 91' lang='lat' dir='ltr'><strong>ut,</strong></span> <span class='ocrx_word' id='word_1_58' title='bbox 566 1951 659 2020; x_wconf 88' lang='lat' dir='ltr'><strong>verbi</strong></span> <span class='ocrx_word' id='word_1_59' title='bbox 698 1952 815 2040; x_wconf 84' lang='lat' dir='ltr'><strong>gratia,</strong></span> <span class='ocrx_word' id='word_1_60' title='bbox 846 1950 957 2019; x_wconf 87' lang='lat' dir='ltr'><strong>videre</strong></span> <span class='ocrx_word' id='word_1_61' title='bbox 1001 1958 1049 2018; x_wconf 90' lang='lat' dir='ltr'><strong>est</strong></span> <span class='ocrx_word' id='word_1_62' title='bbox 1087 1950 1121 2018; x_wconf 95' lang='lat' dir='ltr'><strong>in</strong></span> <span class='ocrx_word' id='word_1_63' title='bbox 1159 1973 1256 2020; x_wconf 89' lang='lat' dir='ltr'><strong>causa</strong></span> 
     </span>
     <span class='ocr_line' id='line_1_11' title="bbox 112 2056 1254 2149; baseline 0 -23"><span class='ocrx_word' id='word_1_64' title='bbox 112 2058 307 2128; x_wconf 87' lang='lat' dir='ltr'><strong>Lusionensi</strong></span> <span class='ocrx_word' id='word_1_65' title='bbox 332 2058 469 2149; x_wconf 73' lang='lat' dir='ltr'><strong>(bucon,</strong></span> <span class='ocrx_word' id='word_1_66' title='bbox 491 2058 524 2125; x_wconf 93' lang='lat' dir='ltr'><strong>in</strong></span> <span class='ocrx_word' id='word_1_67' title='bbox 555 2056 687 2147; x_wconf 89' lang='lat' dir='ltr'><strong>Gallia),</strong></span> <span class='ocrx_word' id='word_1_68' title='bbox 718 2060 735 2123; x_wconf 87' lang='lat'><strong>8</strong></span> <span class='ocrx_word' id='word_1_69' title='bbox 763 2057 876 2148; x_wconf 78' lang='lat' dir='ltr'><strong>aprilis</strong></span> <span class='ocrx_word' id='word_1_70' title='bbox 906 2060 1004 2144; x_wconf 73' lang='lat'><strong>1848,</strong></span> <span class='ocrx_word' id='word_1_71' title='bbox 1032 2065 1064 2125; x_wconf 90' lang='lat' dir='ltr'><strong>et</strong></span> <span class='ocrx_word' id='word_1_72' title='bbox 1094 2056 1129 2124; x_wconf 93' lang='lat' dir='ltr'><strong>in</strong></span> <span class='ocrx_word' id='word_1_73' title='bbox 1157 2080 1254 2127; x_wconf 89' lang='lat' dir='ltr'><strong>causa</strong></span> 
     </span>
     <span class='ocr_line' id='line_1_12' title="bbox 112 2164 1257 2257; baseline -0.002 -22"><span class='ocrx_word' id='word_1_74' title='bbox 112 2165 147 2235; x_wconf 90' lang='lat' dir='ltr'><strong>S.</strong></span> <span class='ocrx_word' id='word_1_75' title='bbox 166 2166 307 2257; x_wconf 80' lang='lat' dir='ltr'><strong>Agatha</strong></span> <span class='ocrx_word' id='word_1_76' title='bbox 323 2164 504 2234; x_wconf 85' lang='lat' dir='ltr'><strong>Gothorum</strong></span> <span class='ocrx_word' id='word_1_77' title='bbox 528 2168 569 2233; x_wconf 85' lang='grc'><strong>26</strong></span> <span class='ocrx_word' id='word_1_78' title='bbox 587 2164 742 2232; x_wconf 78' lang='lat' dir='ltr'><strong>februarii</strong></span> <span class='ocrx_word' id='word_1_79' title='bbox 761 2166 858 2231; x_wconf 79' lang='lat'><strong>185³.</strong></span> <span class='ocrx_word' id='word_1_80' title='bbox 889 2164 961 2233; x_wconf 89' lang='lat' dir='ltr'><strong>Sint</strong></span> <span class='ocrx_word' id='word_1_81' title='bbox 976 2186 1055 2255; x_wconf 82' lang='lat' dir='ltr'><strong>ergo</strong></span> <span class='ocrx_word' id='word_1_82' title='bbox 1083 2164 1122 2233; x_wconf 91' lang='lat' dir='ltr'><strong>de</strong></span> <span class='ocrx_word' id='word_1_83' title='bbox 1138 2164 1257 2256; x_wconf 87' lang='lat' dir='ltr'><strong>hujus-</strong></span> 
     </span>
     <span class='ocr_line' id='line_1_13' title="bbox 113 2270 788 2363; baseline -0.003 -23"><span class='ocrx_word' id='word_1_84' title='bbox 113 2272 204 2341; x_wconf 87' lang='lat' dir='ltr'><strong>modi</strong></span> <span class='ocrx_word' id='word_1_85' title='bbox 218 2271 347 2339; x_wconf 88' lang='lat' dir='ltr'><strong>casibus</strong></span> <span class='ocrx_word' id='word_1_86' title='bbox 359 2279 529 2362; x_wconf 87' lang='lat' dir='ltr'><strong>sequentes</strong></span> <span class='ocrx_word' id='word_1_87' title='bbox 542 2270 788 2363; x_wconf 85' lang='lat' dir='ltr'><strong>propositiones.</strong></span> 
     </span>
    </p>

    <p class='ocr_par' dir='ltr' id='par_1_5' title="bbox 12 2376 1257 3222">
     <span class='ocr_line' id='line_1_14' title="bbox 154 2376 1257 2469; baseline -0.002 -20"><span class='ocrx_word' id='word_1_88' title='bbox 154 2380 338 2449; x_wconf 81' lang='lat' dir='ltr'><strong>Pnorosrno</strong></span> <span class='ocrx_word' id='word_1_89' title='bbox 365 2379 407 2446; x_wconf 51' lang='grc' dir='ltr'><strong>ΙΙ.</strong></span> <span class='ocrx_word' id='word_1_90' title='bbox 439 2415 483 2430; x_wconf 90' lang='grc'>-</span> <span class='ocrx_word' id='word_1_91' title='bbox 512 2382 658 2447; x_wconf 82' lang='lat' dir='ltr'><strong>Potestas</strong></span> <span class='ocrx_word' id='word_1_92' title='bbox 688 2378 878 2469; x_wconf 83' lang='lat' dir='ltr'><strong>episcopalis</strong></span> <span class='ocrx_word' id='word_1_93' title='bbox 907 2376 1120 2469; x_wconf 82' lang='lat' dir='ltr'><strong>suspendendi</strong></span> <span class='ocrx_word' id='word_1_94' title='bbox 1145 2391 1257 2447; x_wconf 76' lang='lat' dir='ltr'><strong>catra-</strong></span> 
     </span>
     <span class='ocr_line' id='line_1_15' title="bbox 104 2484 1256 2579; baseline 0 -24"><span class='ocrx_word' id='word_1_95' title='bbox 104 2486 334 2579; x_wconf 79' lang='lat' dir='ltr'><strong>judicialiter,</strong></span> <span class='ocrx_word' id='word_1_96' title='bbox 371 2508 427 2554; x_wconf 83' lang='lat' dir='ltr'><strong>scu</strong></span> <span class='ocrx_word' id='word_1_97' title='bbox 463 2508 503 2553; x_wconf 79' lang='lat' dir='ltr'><strong>ea</strong></span> <span class='ocrx_word' id='word_1_98' title='bbox 536 2484 718 2576; x_wconf 74' lang='lat' dir='ltr'><strong>informata</strong></span> <span class='ocrx_word' id='word_1_99' title='bbox 753 2484 962 2565; x_wconf 83' lang='lat' dir='ltr'><strong>conscientia,</strong></span> <span class='ocrx_word' id='word_1_100' title='bbox 998 2485 1106 2552; x_wconf 85' lang='lat' dir='ltr'><strong>locum</strong></span> <span class='ocrx_word' id='word_1_101' title='bbox 1137 2485 1256 2555; x_wconf 76' lang='lat' dir='ltr'><strong>dobere</strong></span> 
     </span>
     <span class='ocr_line' id='line_1_16' title="bbox 109 2588 1254 2682; baseline -0.001 -21"><span class='ocrx_word' id='word_1_102' title='bbox 109 2592 251 2674; x_wconf 85' lang='lat' dir='ltr'><strong>videtur,</strong></span> <span class='ocrx_word' id='word_1_103' title='bbox 269 2614 335 2659; x_wconf 80' lang='lat' dir='ltr'><strong>uon</strong></span> <span class='ocrx_word' id='word_1_104' title='bbox 358 2602 489 2659; x_wconf 83' lang='lat' dir='ltr'><strong>tantum</strong></span> <span class='ocrx_word' id='word_1_105' title='bbox 516 2588 649 2682; x_wconf 84' lang='lat' dir='ltr'><strong>quaudo</strong></span> <span class='ocrx_word' id='word_1_106' title='bbox 672 2590 795 2659; x_wconf 82' lang='lat' dir='ltr'><strong>crimen</strong></span> <span class='ocrx_word' id='word_1_107' title='bbox 819 2602 864 2658; x_wconf 88' lang='lat' dir='ltr'><strong>est</strong></span> <span class='ocrx_word' id='word_1_108' title='bbox 890 2590 1067 2673; x_wconf 82' lang='lat' dir='ltr'><strong>occultum,</strong></span> <span class='ocrx_word' id='word_1_109' title='bbox 1084 2590 1254 2661; x_wconf 81' lang='lat' dir='ltr'><strong>sedetiam</strong></span> 
     </span>
     <span class='ocr_line' id='line_1_17' title="bbox 111 2697 1257 2793; baseline -0.002 -23"><span class='ocrx_word' id='word_1_110' title='bbox 111 2700 246 2793; x_wconf 82' lang='lat' dir='ltr'><strong>quaudo</strong></span> <span class='ocrx_word' id='word_1_111' title='bbox 263 2713 309 2769; x_wconf 86' lang='lat' dir='ltr'><strong>est</strong></span> <span class='ocrx_word' id='word_1_112' title='bbox 322 2699 506 2792; x_wconf 78' lang='lat' dir='ltr'><strong>publicum.</strong></span> <span class='ocrx_word' id='word_1_113' title='bbox 523 2737 567 2750; x_wconf 96' lang='lat'><em>-</em></span> <span class='ocrx_word' id='word_1_114' title='bbox 582 2697 817 2767; x_wconf 83' lang='lat' dir='ltr'><strong>Gravissimum</strong></span> <span class='ocrx_word' id='word_1_115' title='bbox 843 2698 1059 2789; x_wconf 75' lang='lat' dir='ltr'><strong>quaestionem</strong></span> <span class='ocrx_word' id='word_1_116' title='bbox 1080 2698 1170 2767; x_wconf 91' lang='lat' dir='ltr'><strong>illam</strong></span> <span class='ocrx_word' id='word_1_117' title='bbox 1195 2700 1257 2768; x_wconf 90' lang='lat' dir='ltr'><strong>hoc</strong></span> 
     </span>
     <span class='ocr_line' id='line_1_18' title="bbox 12 2804 1254 2901; baseline -0.003 -24"><span class='ocrx_word' id='word_1_118' title='bbox 12 2848 14 2855; x_wconf 68' lang='lat'><strong>,</strong></span> <span class='ocrx_word' id='word_1_119' title='bbox 109 2807 229 2877; x_wconf 90' lang='lat' dir='ltr'><strong>ordine</strong></span> <span class='ocrx_word' id='word_1_120' title='bbox 242 2807 454 2901; x_wconf 83' lang='lat' dir='ltr'><strong>expediemus</strong></span> <span class='ocrx_word' id='word_1_121' title='bbox 470 2832 477 2873; x_wconf 76' lang='grc' dir='ltr'><strong><em>ε</em></strong></span> <span class='ocrx_word' id='word_1_122' title='bbox 495 2805 604 2898; x_wconf 89' lang='lat' dir='ltr'><strong>primo</strong></span> <span class='ocrx_word' id='word_1_123' title='bbox 619 2805 779 2875; x_wconf 89' lang='lat' dir='ltr'><strong>nonnulla</strong></span> <span class='ocrx_word' id='word_1_124' title='bbox 792 2804 833 2872; x_wconf 88' lang='lat' dir='ltr'><strong>ad</strong></span> <span class='ocrx_word' id='word_1_125' title='bbox 851 2804 1098 2896; x_wconf 84' lang='lat' dir='ltr'><strong>intelligendam</strong></span> <span class='ocrx_word' id='word_1_126' title='bbox 1114 2804 1254 2873; x_wconf 89' lang='lat' dir='ltr'><strong>difficul-</strong></span> 
     </span>
     <span class='ocr_line' id='line_1_19' title="bbox 12 2911 1255 3008; baseline -0.002 -25"><span class='ocrx_word' id='word_1_127' title='bbox 12 2980 13 2983; x_wconf 74' lang='grc'>,</span> <span class='ocrx_word' id='word_1_128' title='bbox 110 2925 212 2985; x_wconf 88' lang='lat' dir='ltr'><strong>tatem</strong></span> <span class='ocrx_word' id='word_1_129' title='bbox 239 2922 422 3008; x_wconf 88' lang='lat' dir='ltr'><strong>opportuna</strong></span> <span class='ocrx_word' id='word_1_130' title='bbox 449 2911 706 3005; x_wconf 72' lang='lat' dir='ltr'><strong>praenotabimus</strong></span> <span class='ocrx_word' id='word_1_131' title='bbox 733 2938 740 2978; x_wconf 91' lang='lat'>:</span> <span class='ocrx_word' id='word_1_132' title='bbox 764 2920 837 2980; x_wconf 90' lang='lat' dir='ltr'><strong>tum</strong></span> <span class='ocrx_word' id='word_1_133' title='bbox 854 2934 968 2980; x_wconf 90' lang='lat' dir='ltr'><strong>eorum</strong></span> <span class='ocrx_word' id='word_1_134' title='bbox 984 2912 1040 3003; x_wconf 90' lang='lat' dir='ltr'><strong>qui</strong></span> <span class='ocrx_word' id='word_1_135' title='bbox 1056 2911 1255 2981; x_wconf 84' lang='lat' dir='ltr'><strong>conclusioni</strong></span> 
     </span>
     <span class='ocr_line' id='line_1_20' title="bbox 12 3018 1255 3112; baseline -0.004 -19"><span class='ocrx_word' id='word_1_136' title='bbox 12 3018 13 3021; x_wconf 47' lang='lat'>&#39;</span> <span class='ocrx_word' id='word_1_137' title='bbox 109 3024 327 3093; x_wconf 85' lang='lat' dir='ltr'><strong>adversantur</strong></span> <span class='ocrx_word' id='word_1_138' title='bbox 340 3028 532 3112; x_wconf 78' lang='lat' dir='ltr'><strong>argumenta</strong></span> <span class='ocrx_word' id='word_1_139' title='bbox 555 3042 756 3112; x_wconf 83' lang='lat' dir='ltr'><strong>exponemus</strong></span> <span class='ocrx_word' id='word_1_140' title='bbox 774 3046 782 3087; x_wconf 73' lang='grc' dir='ltr'>ε</span> <span class='ocrx_word' id='word_1_141' title='bbox 800 3020 896 3087; x_wconf 90' lang='lat' dir='ltr'><strong>tertio</strong></span> <span class='ocrx_word' id='word_1_142' title='bbox 921 3019 1050 3086; x_wconf 89' lang='lat' dir='ltr'><strong>tandem</strong></span> <span class='ocrx_word' id='word_1_143' title='bbox 1073 3018 1255 3088; x_wconf 90' lang='lat' dir='ltr'><strong>conclusio-</strong></span> 
     </span>
     <span class='ocr_line' id='line_1_21' title="bbox 111 3128 547 3222; baseline -0.009 -23"><span class='ocrx_word' id='word_1_144' title='bbox 111 3154 186 3201; x_wconf 90' lang='lat' dir='ltr'><strong>nem</strong></span> <span class='ocrx_word' id='word_1_145' title='bbox 204 3131 311 3222; x_wconf 89' lang='lat' dir='ltr'><strong>ipsam</strong></span> <span class='ocrx_word' id='word_1_146' title='bbox 327 3128 547 3197; x_wconf 90' lang='lat' dir='ltr'><strong>firmabimus.</strong></span> 
     </span>
    </p>

    <p class='ocr_par' dir='ltr' id='par_1_6' title="bbox 12 3231 1255 4377">
     <span class='ocr_line' id='line_1_22' title="bbox 154 3231 1251 3327; baseline -0.002 -20"><span class='ocrx_word' id='word_1_147' title='bbox 154 3241 182 3309; x_wconf 93' lang='lat'><strong>1.</strong></span> <span class='ocrx_word' id='word_1_148' title='bbox 200 3236 431 3307; x_wconf 71' lang='lat' dir='ltr'><strong>tranctanda.</strong></span> <span class='ocrx_word' id='word_1_149' title='bbox 449 3234 670 3305; x_wconf 73' lang='lat' dir='ltr'><strong>-10P0sitae</strong></span> <span class='ocrx_word' id='word_1_150' title='bbox 690 3233 890 3303; x_wconf 88' lang='lat' dir='ltr'><strong>conclusioni</strong></span> <span class='ocrx_word' id='word_1_151' title='bbox 905 3231 1071 3303; x_wconf 88' lang='lat' dir='ltr'><strong>adversari</strong></span> <span class='ocrx_word' id='word_1_152' title='bbox 1087 3236 1251 3327; x_wconf 83' lang='lat' dir='ltr'><strong>vigentem</strong></span> 
     </span>
     <span class='ocr_line' id='line_1_23' title="bbox 12 3340 1252 3437; baseline -0.002 -21"><span class='ocrx_word' id='word_1_153' title='bbox 12 3402 14 3405; x_wconf 86' lang='lat'>.</span> <span class='ocrx_word' id='word_1_154' title='bbox 111 3345 208 3416; x_wconf 89' lang='lat' dir='ltr'><strong>hodie</strong></span> <span class='ocrx_word' id='word_1_155' title='bbox 221 3344 309 3437; x_wconf 92' lang='lat' dir='ltr'><strong>apud</strong></span> <span class='ocrx_word' id='word_1_156' title='bbox 322 3345 488 3413; x_wconf 86' lang='lat' dir='ltr'><strong>Romanos</strong></span> <span class='ocrx_word' id='word_1_157' title='bbox 502 3342 684 3411; x_wconf 86' lang='lat' dir='ltr'><strong>canonistas</strong></span> <span class='ocrx_word' id='word_1_158' title='bbox 698 3340 954 3433; x_wconf 84' lang='lat' dir='ltr'><strong>persuasionem,</strong></span> <span class='ocrx_word' id='word_1_159' title='bbox 970 3340 1050 3408; x_wconf 90' lang='lat' dir='ltr'><strong>mihi</strong></span> <span class='ocrx_word' id='word_1_160' title='bbox 1064 3342 1179 3411; x_wconf 82' lang='lat' dir='ltr'><strong>Romae</strong></span> <span class='ocrx_word' id='word_1_161' title='bbox 1196 3344 1252 3413; x_wconf 89' lang='lat' dir='ltr'><strong>de·</strong></span> 
     </span>
     <span class='ocr_line' id='line_1_24' title="bbox 111 3448 1252 3545; baseline -0.002 -22"><span class='ocrx_word' id='word_1_162' title='bbox 111 3455 200 3545; x_wconf 84' lang='lat' dir='ltr'><strong>genti</strong></span> <span class='ocrx_word' id='word_1_163' title='bbox 217 3458 325 3544; x_wconf 89' lang='lat' dir='ltr'><strong>aperte</strong></span> <span class='ocrx_word' id='word_1_164' title='bbox 339 3451 491 3520; x_wconf 89' lang='lat' dir='ltr'><strong>innotuit.</strong></span> <span class='ocrx_word' id='word_1_165' title='bbox 509 3450 573 3543; x_wconf 90' lang='lat' dir='ltr'><strong>ipsi</strong></span> <span class='ocrx_word' id='word_1_166' title='bbox 591 3472 706 3541; x_wconf 89' lang='lat' dir='ltr'><strong>nempe</strong></span> <span class='ocrx_word' id='word_1_167' title='bbox 722 3448 912 3516; x_wconf 84' lang='lat' dir='ltr'><strong>existimant</strong></span> <span class='ocrx_word' id='word_1_168' title='bbox 927 3470 994 3516; x_wconf 92' lang='lat' dir='ltr'><strong>non</strong></span> <span class='ocrx_word' id='word_1_169' title='bbox 1009 3470 1101 3540; x_wconf 89' lang='lat' dir='ltr'><strong>posse</strong></span> <span class='ocrx_word' id='word_1_170' title='bbox 1117 3450 1252 3543; x_wconf 85' lang='lat' dir='ltr'><strong>Episco-</strong></span> 
     </span>
     <span class='ocr_line' id='line_1_25' title="bbox 112 3555 1254 3653; baseline -0.002 -24"><span class='ocrx_word' id='word_1_171' title='bbox 112 3583 192 3653; x_wconf 89' lang='lat' dir='ltr'><strong>pum</strong></span> <span class='ocrx_word' id='word_1_172' title='bbox 217 3582 257 3627; x_wconf 85' lang='lat' dir='ltr'><strong>es</strong></span> <span class='ocrx_word' id='word_1_173' title='bbox 285 3558 458 3627; x_wconf 82' lang='lat' dir='ltr'><strong>informata</strong></span> <span class='ocrx_word' id='word_1_174' title='bbox 475 3556 669 3625; x_wconf 90' lang='lat' dir='ltr'><strong>conscientia</strong></span> <span class='ocrx_word' id='word_1_175' title='bbox 684 3555 870 3647; x_wconf 88' lang='lat' dir='ltr'><strong>procedere,</strong></span> <span class='ocrx_word' id='word_1_176' title='bbox 888 3555 1019 3647; x_wconf 87' lang='lat' dir='ltr'><strong>quando</strong></span> <span class='ocrx_word' id='word_1_177' title='bbox 1035 3556 1191 3626; x_wconf 89' lang='lat' dir='ltr'><strong>delictum</strong></span> <span class='ocrx_word' id='word_1_178' title='bbox 1206 3571 1254 3627; x_wconf 89' lang='lat' dir='ltr'><strong>est</strong></span> 
     </span>
     <span class='ocr_line' id='line_1_26' title="bbox 111 3659 1252 3755; baseline -0.002 -22"><span class='ocrx_word' id='word_1_179' title='bbox 111 3666 199 3734; x_wconf 82' lang='lat' dir='ltr'><strong>fama</strong></span> <span class='ocrx_word' id='word_1_180' title='bbox 214 3664 404 3755; x_wconf 81' lang='lat' dir='ltr'><strong>vulgatum3</strong></span> <span class='ocrx_word' id='word_1_181' title='bbox 420 3664 475 3733; x_wconf 88' lang='lat' dir='ltr'><strong>sed</strong></span> <span class='ocrx_word' id='word_1_182' title='bbox 488 3662 668 3731; x_wconf 89' lang='lat' dir='ltr'><strong>necessario</strong></span> <span class='ocrx_word' id='word_1_183' title='bbox 682 3670 761 3730; x_wconf 86' lang='lat' dir='ltr'><strong>tunc</strong></span> <span class='ocrx_word' id='word_1_184' title='bbox 777 3659 993 3729; x_wconf 86' lang='lat' dir='ltr'><strong>adhibendam</strong></span> <span class='ocrx_word' id='word_1_185' title='bbox 1021 3659 1180 3729; x_wconf 90' lang='lat' dir='ltr'><strong>ordinarii</strong></span> <span class='ocrx_word' id='word_1_186' title='bbox 1191 3664 1252 3754; x_wconf 83' lang='lat' dir='ltr'><strong>ju-</strong></span> 
     </span>
     <span class='ocr_line' id='line_1_27' title="bbox 111 3766 1251 3862; baseline -0.002 -23"><span class='ocrx_word' id='word_1_187' title='bbox 111 3771 189 3840; x_wconf 91' lang='lat' dir='ltr'><strong>dicii</strong></span> <span class='ocrx_word' id='word_1_188' title='bbox 203 3771 354 3840; x_wconf 88' lang='lat' dir='ltr'><strong>formam.</strong></span> <span class='ocrx_word' id='word_1_189' title='bbox 371 3770 520 3862; x_wconf 89' lang='lat' dir='ltr'><strong>Cumque</strong></span> <span class='ocrx_word' id='word_1_190' title='bbox 540 3768 706 3837; x_wconf 91' lang='lat' dir='ltr'><strong>nonnullis</strong></span> <span class='ocrx_word' id='word_1_191' title='bbox 721 3790 836 3837; x_wconf 86' lang='lat' dir='ltr'><strong>eorum</strong></span> <span class='ocrx_word' id='word_1_192' title='bbox 851 3766 1069 3859; x_wconf 86' lang='lat' dir='ltr'><strong>patefecerim,</strong></span> <span class='ocrx_word' id='word_1_193' title='bbox 1086 3766 1168 3835; x_wconf 89' lang='lat' dir='ltr'><strong>mihi</strong></span> <span class='ocrx_word' id='word_1_194' title='bbox 1182 3792 1251 3838; x_wconf 86' lang='lat' dir='ltr'><strong>esse</strong></span> 
     </span>
     <span class='ocr_line' id='line_1_28' title="bbox 112 3873 1253 3971; baseline 0 -26"><span class='ocrx_word' id='word_1_195' title='bbox 112 3878 146 3945; x_wconf 96' lang='lat' dir='ltr'><strong>in</strong></span> <span class='ocrx_word' id='word_1_196' title='bbox 171 3877 337 3971; x_wconf 89' lang='lat' dir='ltr'><strong>proposito</strong></span> <span class='ocrx_word' id='word_1_197' title='bbox 351 3877 547 3946; x_wconf 88' lang='lat' dir='ltr'><strong>contrariam</strong></span> <span class='ocrx_word' id='word_1_198' title='bbox 563 3875 754 3944; x_wconf 90' lang='lat' dir='ltr'><strong>sententiam</strong></span> <span class='ocrx_word' id='word_1_199' title='bbox 778 3874 877 3959; x_wconf 90' lang='lat' dir='ltr'><strong>tueri,</strong></span> <span class='ocrx_word' id='word_1_200' title='bbox 900 3873 1017 3942; x_wconf 88' lang='lat' dir='ltr'><strong>acriter</strong></span> <span class='ocrx_word' id='word_1_201' title='bbox 1040 3874 1205 3961; x_wconf 88' lang='lat' dir='ltr'><strong>obstitere,</strong></span> <span class='ocrx_word' id='word_1_202' title='bbox 1221 3885 1253 3945; x_wconf 85' lang='lat' dir='ltr'><strong>et</strong></span> 
     </span>
     <span class='ocr_line' id='line_1_29' title="bbox 112 3980 1250 4077; baseline -0.004 -24"><span class='ocrx_word' id='word_1_203' title='bbox 112 4006 152 4053; x_wconf 90' lang='lat' dir='ltr'><strong>ne</strong></span> <span class='ocrx_word' id='word_1_204' title='bbox 167 3994 203 4053; x_wconf 93' lang='lat' dir='ltr'><strong>ut</strong></span> <span class='ocrx_word' id='word_1_205' title='bbox 219 3984 420 4077; x_wconf 86' lang='lat' dir='ltr'><strong>probabilem</strong></span> <span class='ocrx_word' id='word_1_206' title='bbox 436 3982 567 4075; x_wconf 89' lang='lat' dir='ltr'><strong>quidem</strong></span> <span class='ocrx_word' id='word_1_207' title='bbox 586 3983 669 4051; x_wconf 89' lang='lat' dir='ltr'><strong>hanc</strong></span> <span class='ocrx_word' id='word_1_208' title='bbox 685 4004 789 4050; x_wconf 85' lang='lat' dir='ltr'><strong>meam</strong></span> <span class='ocrx_word' id='word_1_209' title='bbox 816 3981 1006 4073; x_wconf 90' lang='lat' dir='ltr'><strong>opinionem</strong></span> <span class='ocrx_word' id='word_1_210' title='bbox 1023 3980 1250 4071; x_wconf 89' lang='lat' dir='ltr'><strong>admiserunt;</strong></span> 
     </span>
     <span class='ocr_line' id='line_1_30' title="bbox 12 4088 1255 4183; baseline -0.002 -23"><span class='ocrx_word' id='word_1_211' title='bbox 12 4164 13 4167; x_wconf 61' lang='grc'>,</span> <span class='ocrx_word' id='word_1_212' title='bbox 113 4099 223 4183; x_wconf 92' lang='lat' dir='ltr'><strong>utpote</strong></span> <span class='ocrx_word' id='word_1_213' title='bbox 237 4113 312 4183; x_wconf 83' lang='lat' dir='ltr'><strong>quae</strong></span> <span class='ocrx_word' id='word_1_214' title='bbox 321 4090 413 4183; x_wconf 89' lang='lat' dir='ltr'><strong>ipsis,</strong></span> <span class='ocrx_word' id='word_1_215' title='bbox 430 4111 558 4160; x_wconf 87' lang='lat' dir='ltr'><strong>aseusu</strong></span> <span class='ocrx_word' id='word_1_216' title='bbox 568 4098 599 4158; x_wconf 90' lang='lat' dir='ltr'><strong>et</strong></span> <span class='ocrx_word' id='word_1_217' title='bbox 613 4098 719 4157; x_wconf 86' lang='lat' dir='ltr'><strong>mente</strong></span> <span class='ocrx_word' id='word_1_218' title='bbox 734 4088 1013 4175; x_wconf 89' lang='lat' dir='ltr'><strong>Tridentinorum,</strong></span> <span class='ocrx_word' id='word_1_219' title='bbox 1027 4088 1113 4156; x_wconf 89' lang='lat' dir='ltr'><strong>circa</strong></span> <span class='ocrx_word' id='word_1_220' title='bbox 1123 4097 1255 4159; x_wconf 90' lang='lat' dir='ltr'><strong>senten-</strong></span> 
     </span>
     <span class='ocr_line' id='line_1_31' title="bbox 12 4195 1254 4287; baseline 0.002 -21"><span class='ocrx_word' id='word_1_221' title='bbox 12 4202 14 4279; x_wconf 62' lang='grc' dir='ltr'><em>ῗ</em></span> <span class='ocrx_word' id='word_1_222' title='bbox 112 4199 173 4267; x_wconf 89' lang='lat' dir='ltr'><strong>tias</strong></span> <span class='ocrx_word' id='word_1_223' title='bbox 187 4220 227 4266; x_wconf 87' lang='lat' dir='ltr'><strong>ex</strong></span> <span class='ocrx_word' id='word_1_224' title='bbox 240 4198 414 4268; x_wconf 82' lang='lat' dir='ltr'><strong>informata</strong></span> <span class='ocrx_word' id='word_1_225' title='bbox 422 4197 626 4287; x_wconf 87' lang='lat' dir='ltr'><strong>conscientia,</strong></span> <span class='ocrx_word' id='word_1_226' title='bbox 643 4197 859 4283; x_wconf 86' lang='lat' dir='ltr'><strong>decretorum,</strong></span> <span class='ocrx_word' id='word_1_227' title='bbox 874 4203 984 4287; x_wconf 87' lang='lat' dir='ltr'><strong>aperte</strong></span> <span class='ocrx_word' id='word_1_228' title='bbox 995 4195 1146 4265; x_wconf 87' lang='lat' dir='ltr'><strong>aberrare</strong></span> <span class='ocrx_word' id='word_1_229' title='bbox 1159 4196 1254 4269; x_wconf 87' lang='lat' dir='ltr'><strong>vide-</strong></span> 
     </span>
     <span class='ocr_line' id='line_1_32' title="bbox 115 4314 216 4377; baseline -0.04 0"><span class='ocrx_word' id='word_1_230' title='bbox 115 4314 216 4377; x_wconf 86' lang='lat' dir='ltr'><strong>retur.</strong></span> 
     </span>
    </p>
   </div>
   <div class='ocr_carea' id='block_1_5' title="bbox 0 0 1535 4984">
    <p class='ocr_par' dir='ltr' id='par_1_7' title="bbox 0 0 1535 4984">
     <span class='ocr_line' id='line_1_33' title="bbox 0 0 1535 4984; baseline 0 0"><span class='ocrx_word' id='word_1_231' title='bbox 0 0 1535 4984; x_wconf 95' lang='lat' dir='ltr'><strong> </strong></span> 
     </span>
    </p>
   </div>
  </div>
 </body>
</html>
