3050 4984
293 468 354 532 506
666 494 841 540 insuetus
864 495 902 538 uu
924 495 1058 540 suuiuis.

287 607 449 688 qeneralis
475 617 579 691 prout
612 613 704 694 juris
734 612 926 695 procedere,
957 616 1086 678 curauit
1111 635 1133 678 a
1167 616 1428 680 reverendissimo

287 713 329 775 N.
351 715 512 798 Episcopo
532 719 641 782 creari
651 717 798 802 aliquem
819 721 853 784 ia
875 721 1054 800 notarium,
1068 724 1130 806 qui
1138 739 1200 806 pra
1214 723 1361 786 actuaria
1381 721 1431 786 de

286 823 402 903 putari
424 834 540 904 posset.
559 827 670 906 Quare
691 828 853 910 prefatus
873 828 1358 912 reuerertdc'ssimussspiscopus
1379 849 1431 892 uo

287 936 397 992 cotum
422 949 474 994 me
500 950 612 997 coram
634 933 765 996 testibus
788 935 955 997 notarium
979 935 1148 1018 pubiicum
1174 936 1311 1014 mensu,
1339 943 1371 998 et
1398 937 1431 999 in

288 1037 476 1101 actuorium
498 1038 683 1121 deputavit,
708 1040 814 1104 delato
836 1039 1004 1122 fidelitatis
1025 1045 1237 1125 juramento,
1261 1043 1353 1125 quod
1369 1051 1430 1105 sta·

288 1144 348 1205 tim
362 1145 503 1225 prestiti
506 1165 519 1219 ;
542 1154 642 1230 prout
662 1145 799 1211 habetur
824 1148 915 1229 infra
935 1147 995 1211 sud
1018 1147 1112 1212 titurio
1139 1147 1432 1214 DOCUNENTO·

286 1249 393 1329 BHM,
408 1269 581 1315 numero...
598 1252 644 1334 (Si
664 1259 792 1317 creatus
812 1255 924 1319 inisset
939 1273 995 1337 per
1008 1254 1185 1338 putentules
1200 1255 1332 1334 litteras,
1354 1275 1430 1319 cou-

287 1356 455 1422 venientes
465 1359 724 1424 accommodetur
737 1359 806 1426 naec
821 1379 894 1443 pars
907 1361 1081 1444 rot-muln.)
1096 1387 1112 1420 »

807 1614 907 1704 §ut

461 1786 487 1834 Si
496 1784 578 1850 judex
592 1784 625 1836 sit
636 1783 781 1849 delegatus,
796 1784 876 1836 serihi
889 1785 986 1850 poterit
999 1785 1025 1836 in
1041 1785 1110 1836 huuc
1124 1786 1230 1837 modum
1244 1801 1252 1835 ε

327 2007 342 2038 «
365 1983 405 2046 ln
417 1983 548 2045 nomine
563 1982 708 2046 Domini.
725 1985 841 2048 emm.
858 2021 896 2030 -
912 1985 973 2049 Hic
988 1993 1034 2048 est
1051 2003 1220 2067 processus
1234 1984 1427 2060 criminales,

284 2110 380 2174 quem
396 2093 453 2154 via
465 2094 679 2157 ocuuationis
701 2093 764 2176 (vel
780 2094 1044 2176 denuntiationis)
1059 2096 1208 2175 sonuere
1222 2093 1364 2160 intendit
1374 2097 1427 2158 Ja-

284 2198 379 2262 cobus
400 2199 455 2275 N.,
475 2200 613 2265 ecclesie
634 2201 831 2266 cathedralis
854 2201 896 2264 N.
918 2204 1103 2280 canonino,
1121 2201 1229 2287 judee
1252 2201 1427 2284 deleqauu.

285 2304 371 2370 Cum
393 2309 479 2370 enim
498 2327 608 2372 coram
632 2308 808 2373 reverendo
829 2310 954 2373 Ioanne
975 2309 1144 2390 Seuerino,
1169 2309 1430 2374 reverendissimi

282 2414 510 2480 Ambionensis
536 2415 693 2500 Episcopi
724 2415 852 2481 Vicorio
879 2417 1043 2499 pennati,
1071 2418 1307 2500 comparuisset
1330 2417 1429 2482 Fran·
1499 2451 1500 2496 q

282 2523 383 2584 ciscus
407 2522 542 2602 Zelata;
566 2531 595 2586 et
619 2523 835 2606 porrexisset,
863 2532 976 2586 contra
1005 2523 1172 2589 Andream
1197 2523 1238 2586 N.
1261 2525 1427 2608 presbyte·

283 2647 370 2707 rum,
397 2628 540 2693 libellum
563 2629 739 2712 quemdam
761 2631 977 2695 accusationis
1002 2630 1064 2714 (vei
1088 2631 1356 2714 denuntiationis)
1372 2633 1430 2716 qui
1499 2613 1500 2696 i

283 2737 397 2818 incipit
479 2746 509 2799 et
527 2736 646 2800 desinit
669 2785 717 2814 ...,
738 2739 859 2820 quique
881 2736 1059 2820 descriptus
1084 2737 1221 2802 habetur
1244 2739 1347 2820 infra,
1370 2739 1429 2802 sub

282 2844 375 2907 titulo
399 2843 792 2921 DOCUMENTORUM,
814 2862 950 2908 numero
974 2863 1031 2923 ...;
1055 2847 1216 2928 prefatio
1236 2839 1314 2909 uero
1340 2864 1427 2909 rece·
1499 2869 1500 2930 3

280 2951 493 3015 rendc'ssimus
521 2951 668 3014 Vicarius
681 2951 854 3034 qeneroiis,
871 2951 947 3016 aliis
968 2952 1105 3034 neqotiis
1125 2951 1313 3036 impeditus,
1322 2954 1427 3034 juris·

281 3057 454 3121 dictionem
467 3077 564 3121 suam
577 3076 674 3141 super
688 3058 750 3122 isac
763 3076 864 3122 causo
877 3058 999 3123 locabo
1013 3059 1046 3122 N
1047 3107 1068 3135 .,
1084 3058 1282 3123 cathedralis
1296 3059 1428 3124 Ambia-
1499 3041 1500 3090 Ὗ

280 3166 388 3230 nensis
410 3168 577 3244 canonico,
599 3165 776 3248 dcteqasset
794 3165 852 3248 (t);
876 3165 982 3230 dictus
1003 3165 1168 3249 dedcqatus
1188 3167 1364 3230 canonicus
1386 3165 1432 3229 od

281 3273 387 3337 lacum
406 3271 448 3335 N.
464 3292 497 3336 se
510 3274 656 3352 contulit,
673 3273 782 3356 ibique
796 3281 870 3336 ante
884 3275 997 3336 omnia
1011 3292 1044 3336 se
1058 3273 1265 3356 lcqitimauit,
1278 3272 1427 3356 socienda

279 3388 319 3443 ut
338 3399 449 3444 coram
469 3380 599 3444 testibus
618 3381 659 3444 N.
685 3388 717 3443 ct
731 3379 773 3443 N.
795 3380 978 3463 leqerentur
993 3379 1175 3465 potentates
1193 3380 1350 3464 deleqatec
1367 3380 1431 3442 sidi

274 3487 514 3569 jurisdictionis
534 3488 661 3566 littera,
681 3494 720 3550 ut
736 3486 873 3550 habetur
894 3488 983 3569 infru
997 3486 1057 3550 sub
1075 3487 1169 3550 titulo
1191 3485 1426 3553 DOCUMEN-

282 3594 445 3670 TONUM,
470 3613 644 3659 numero...
670 3595 786 3660 Postea
816 3613 868 3658 me
897 3595 1204 3678 infrascriptum
1234 3597 1277 3672 tet
1304 3593 1426 3676 reliqua

278 3706 315 3765 ut
340 3702 373 3764 in
397 3702 650 3784 precedentibus
673 3702 844 3782 formulis).
869 3735 908 3750 -
932 3701 1005 3784 qu
1030 3702 1085 3780 N.‚
1110 3700 1218 3783 judee
1246 3699 1425 3783 deiequius‚

281 3837 319 3847 -
332 3799 405 3883 qu
419 3799 452 3862 N
453 3848 474 3878 .,
490 3801 671 3864 actuarius.
691 3826 706 3856 »

309 4050 341 4109 (1)
360 4044 536 4110 supponimus
549 4043 583 4095 ad
601 4043 759 4094 arduarum
772 4043 868 4094 vicerit
882 4042 1012 4107 generetis
1021 4041 1230 4107 jurisdictionem
1246 4042 1386 4107 pertinere,
1400 4045 1425 4090 ut

278 4129 357 4176 nuum
371 4126 412 4175 vel
431 4125 520 4190 plures
539 4119 631 4174 cuueu‘e
644 4122 764 4186 delegere
779 4122 870 4188 possit,
888 4125 966 4188 prout
978 4122 1070 4172 usserit
1082 4121 1221 4185 Pellegrini
1237 4122 1341 4180 (Promis
1358 4121 1425 4170 Vica-

279 4209 389 4261 riorum,
402 4211 469 4270 part.
479 4210 504 4266 t,
515 4210 580 4256 sect.
593 4209 619 4267 Ξ,
630 4204 744 4254 subsect.
759 4207 786 4264 Ξ,
799 4218 827 4255 u.
844 4204 893 4266 tt),
908 4217 968 4254 cum
980 4201 1078 4266 glossa,
1090 4205 1116 4252 ct
1129 4201 1248 4267 pluribus
1261 4200 1422 4264 doctoribuu

278 4273 320 4338 ¹vet
331 4288 424 4338 saitem
440 4291 595 4352 poteststesu
605 4286 674 4339 hunc
686 4283 766 4338 tuisse
778 4284 927 4354 specialiter
939 4283 971 4336 eb
985 4281 1116 4350 Episcopo
1130 4282 1155 4334 ei
1167 4295 1333 4338 souaeuum.
