3050 4984
537 494 611 543 esne
633 495 778 544 secunus.
1161 471 1219 541 btll

79 638 156 685 mus
174 639 239 710 qua
258 619 363 689 forma
383 617 510 707 arbitri,
535 619 570 686 in
594 618 655 688 hoc
676 641 753 688 essu
778 615 1014 705 constituendi,
1038 638 1224 710 processum

80 725 225 818 incipere
236 727 375 796 valeant.
386 727 547 796 Remanel
561 727 615 796 hic
626 723 862 813 exhibendum,
876 724 1041 818 monendo
1053 725 1095 794 ab
1110 725 1225 795 iisdem

78 833 212 902 arbitris
226 834 391 925 ejusmodi
403 856 573 928 processus
586 833 629 902 sit
639 832 880 905 continuandus
894 842 927 902 et
938 831 1178 906 terminandus.

619 1077 687 1168 pr.

79 1227 174 1279 Forma
187 1227 220 1279 ab
234 1227 336 1280 arbitris
350 1227 462 1280 tenenda
473 1227 505 1279 nb
516 1227 615 1281 initiato
634 1241 758 1292 processu
772 1241 853 1292 neque
870 1227 904 1278 ad
917 1225 1070 1278 malentiem
1084 1223 1224 1276 exclusive.

126 1411 157 1476 1.
177 1407 301 1477 Debent
318 1406 491 1500 procedere
507 1408 549 1477 ad
564 1430 702 1477 examen
725 1407 870 1495 testium,
888 1412 921 1475 et
941 1405 1222 1493 documentorum,

77 1538 155 1608 qum
170 1515 335 1607 excipiens
347 1515 382 1584 in
398 1539 457 1585 suo
470 1515 583 1585 libello
603 1515 771 1604 indicavit,
789 1513 830 1584 ed
851 1511 1059 1606 probandum
1077 1511 1119 1580 de
1141 1511 1225 1580 iacto

77 1627 286 1696 inimicitiam
307 1627 445 1697 existere
464 1627 573 1720 ipsam
594 1627 679 1696 inter
699 1635 731 1694 et
747 1625 893 1718 judicem
914 1632 1110 1694 recusatum.
1130 1621 1224 1705 Quod

78 1734 153 1803 fieri
167 1744 199 1804 et
212 1735 248 1803 in
260 1735 339 1804 netis
353 1735 470 1805 referri
488 1741 594 1828 polest
609 1734 646 1802 in
661 1732 750 1803 hunc
765 1733 903 1801 modum
923 1757 931 1799 ε
954 1757 972 1798 c
989 1733 1226 1822 Consequenter

77 1841 289 1908 decreverant
317 1841 446 1907 domini
471 1841 591 1906 arbitri
616 1841 664 1906 ad
688 1857 827 1905 examen
855 1840 999 1920 testium,
1021 1857 1043 1902 a
1058 1845 1225 1903 reuocate

73 1949 323 2033 productorum,
348 1949 498 2014 devenire
513 1958 738 2033 :quapropter
758 1957 892 2013 vocabo
912 1948 1065 2012 dominus
1080 1947 1121 2011 N.
1139 1947 1225 2010 testis

79 2059 300 2141 interrapatrcs
314 2065 371 2136 est,
386 2066 417 2122 et
437 2057 655 2140 responditur
671 2059 821 2139 seqnitur
826 2076 839 2131 3
854 2055 903 2120 ad
916 2054 1085 2140 peneralia
1098 2073 1110 2118 .·
1125 2055 1225 2118 inter·

77 2178 217 2258 ruputas
231 2163 393 2258 quamodo
405 2178 540 2236 vocatur
553 2217 606 2249 ...,
618 2177 708 2234 etc.»
728 2165 772 2256 (et
786 2165 824 2231 fit
834 2162 917 2234 illud
930 2184 1068 2232 enemen
1078 2161 1207 2230 testium
1212 2213 1222 2250 ,

79 2292 113 2350 et
128 2289 237 2374 postea
252 2282 450 2376 comparatio
463 2282 711 2374 scripturarum,
725 2280 811 2352 sicat
821 2280 857 2348 in
872 2279 945 2348 aliis
958 2279 1132 2348 ordinariis
1147 2301 1224 2370 pro-

79 2388 251 2481 eeseibns).

125 2501 157 2568 2.
184 2496 310 2566 Debent
328 2504 439 2588 postea
462 2496 575 2566 erbilri
597 2496 742 2588 judicem
759 2503 947 2567 recusatum
972 2515 1116 2582 monere,
1137 2500 1174 2562 ut
1196 2494 1224 2561 si

78 2602 160 2696 quid
180 2603 411 2696 opponendum
425 2604 543 2674 habcet
556 2603 807 2696 allegationibus
822 2603 1012 2691 recusantis,
1032 2612 1065 2672 el
1079 2601 1224 2672 testimo-

79 2712 145 2778 niis
165 2710 343 2803 prodnclis,
360 2709 441 2781 illud
464 2719 636 2805 proponet.
657 2711 751 2795 Quod
773 2711 847 2781 fieri
866 2710 997 2803 poterit,
1013 2719 1046 2779 et
1068 2709 1165 2779 scribi
1189 2709 1224 2778 in

78 2818 173 2900 nelis,
190 2818 251 2886 hoc
266 2818 363 2888 modo
381 2845 389 2887 :

123 2977 138 3010 «
153 2952 269 3017 Postea
287 2952 367 3016 dicti
387 2951 513 3016 domini
530 2954 659 3031 arbitri,
683 2970 817 3037 ecquam
835 2970 901 3016 esse
928 2959 1090 3017 cernentes
1108 2950 1224 3016 andire

79 3061 181 3124 etiam
194 3059 407 3126 reverendum
418 3059 588 3126 dominnm
602 3061 635 3126 N
636 3109 658 3136 .,
673 3059 824 3144 judicem
837 3068 1035 3139 rectractant,
1049 3067 1087 3124 nt
1102 3061 1134 3124 si
1145 3059 1228 3142 quid

80 3167 212 3232 baberet
234 3167 463 3252 opponendam
479 3168 740 3251 probationibus,
760 3186 783 3232 a
800 3168 940 3251 prefato
959 3167 1092 3232 domino
1110 3168 1152 3236 N.
1172 3185 1223 3231 re-

80 3282 213 3342 cusante
232 3275 411 3357 prodactis,
435 3274 519 3340 illud
531 3293 712 3358 proponere
732 3283 852 3356 posset,
879 3274 1123 3339 mandaverunt
1141 3274 1226 3338 mibi

80 3383 239 3464 censurio,
255 3391 379 3447 retacta
393 3400 505 3447 coram
527 3383 716 3448 memoratis
735 3381 869 3446 arbitris
888 3381 1055 3464 bucusque
1076 3389 1167 3464 peste
1180 3381 1228 3447 ad

79 3498 299 3556 menecratem
312 3490 529 3555 reverendum
544 3489 577 3554 N
578 3537 599 3568 .,
622 3489 788 3556 Vicarc'nm
800 3488 995 3571 pencralem,
1008 3488 1180 3571 deferrem,
1195 3499 1228 3554 et

80 3616 121 3662 ca
135 3597 298 3662 lustrandi
310 3599 439 3682 copiam
449 3597 500 3662 illi
510 3597 664 3678 facerem.
684 3597 756 3678 (luo
777 3595 933 3660 mandato
940 3614 1005 3679 per
1021 3614 1074 3660 me
1087 3597 1224 3679 expleta,

80 3705 167 3770 idern
186 3705 381 3771 reverendas
405 3705 553 3773 Vicere’us
574 3704 748 3787 pencrclr‘s,
763 3705 843 3768 aisis
863 3710 895 3768 et
912 3711 1063 3769 accurate
1077 3703 1225 3786 perlectis

80 3813 173 3892 actis,
194 3815 320 3896 prutina
341 3813 416 3895 epit.
443 3814 532 3890 Acca,
545 3819 622 3876 sunt
646 3812 713 3876 baec
735 3811 789 3876 dic
852 3813 973 3876 ments
1046 3830 1169 3876 anno...
1185 3847 1224 3858 -

80 3921 155 4004 Epo
169 3921 200 3986 N
204 3969 225 4001 .,
240 3923 421 3987 macarius.
436 3943 452 3982 n

127 4060 158 4123 3.
176 4055 213 4126 Si
225 4055 341 4148 judex,
356 4057 506 4148 perlectis
520 4054 612 4143 actis,
630 4055 751 4124 dixerit
765 4076 800 4123 se
815 4053 900 4122 nibil
913 4056 1143 4147 opponendum
1160 4055 1224 4125 ha-

79 4163 170 4253 bere,
189 4171 264 4256 post
277 4186 373 4234 voces
387 4165 515 4256 pratitn
528 4165 605 4256 epit,
617 4161 716 4232 addat
731 4163 906 4250 actuarius,
924 4175 956 4230 et
966 4161 1052 4231 dicit
1065 4163 1151 4232 nibil
1163 4165 1225 4232 sibi

80 4292 249 4342 occurrere
262 4271 492 4364 opponendum
512 4286 625 4342 contra
645 4283 861 4340 recreantem.
879 4269 939 4336 Sin
955 4278 1063 4339 aulem
1081 4271 1224 4341 rationes

241 4398 274 4445 n.
1025 4381 1064 4440 36
