3050 4984
549 512 624 559 rans
647 512 792 559 smenon.
1201 492 1241 559 fd

103 656 120 695 r
146 638 271 723 recepta
290 632 539 719 consuetudine,
555 632 652 701 bodie
675 634 839 727 quemvis,
856 634 929 701 ficet
950 633 1030 702 alias
1053 633 1243 721 inhabilem,

103 766 120 803 r
143 738 269 808 admitti
292 740 335 809 ad
359 739 637 810 denuntiationem
661 741 863 832 judicialem,
884 742 982 809 etiam
1002 740 1165 833 publicam
1188 765 1245 809 seu

103 872 120 909 a
145 845 361 935 criminalem
379 871 417 917 eo
430 848 517 941 quod
532 870 591 939 per
604 847 882 918 denuntiationem
897 848 1003 917 sotum
1017 856 1180 917 sternatur
1194 849 1248 919 via

104 978 122 1019 a
146 952 184 1021 ad
200 953 447 1045 inquirendum.
474 982 490 1019 n

146 1061 201 1129 tlt.
222 1062 395 1131 Conclusio
411 1064 522 1154 quood
534 1063 730 1133 bodiemum
740 1064 812 1154 jus.
826 1102 871 1116 -
886 1062 968 1145 Quae
989 1061 1159 1155 preamissa
1171 1070 1249 1132 sunt

102 1168 310 1254 resumendo,
326 1170 469 1255 videtur,
490 1175 522 1238 1⁰
537 1192 577 1239 ex
591 1170 677 1261 juris
698 1171 842 1239 textibus
863 1170 1011 1261 rigorose
1027 1192 1093 1237 non
1115 1170 1246 1261 probari

103 1275 261 1365 quosdam
276 1300 346 1345 esse
360 1278 402 1345 ad
417 1279 678 1349 denuntiandum
695 1278 876 1359 inhabiles3
894 1282 929 1345 2⁰
944 1298 1050 1369 neque
1063 1278 1099 1345 iu
1120 1276 1246 1368 liquido

102 1383 210 1451 evinci
228 1406 270 1451 ex
292 1385 460 1454 doctorum
490 1386 699 1471 auctoritate;
718 1385 940 1453 catenosi
964 1407 1007 1453 ex
1028 1390 1168 1475 utroque
1185 1384 1247 1453 boc

23 1566 24 1581 χ
103 1490 207 1580 capite
221 1490 262 1559 ad
286 1490 545 1561 denuntiandum
569 1500 656 1563 certo
671 1492 831 1561 inhabites
846 1492 953 1560 forent
968 1490 1120 1584 quedam
1141 1491 1246 1560 bomi-

23 1588 24 1601 ²
104 1620 184 1665 num
204 1598 332 1685 classes,
349 1600 510 1669 contraria
530 1608 637 1669 tamen
659 1600 804 1691 generali
828 1598 1062 1668 consuetudine
1088 1598 1247 1667 sublatam

104 1706 299 1775 censendam
315 1706 384 1775 fore
399 1708 518 1776 hancce
530 1708 615 1798 juris
631 1706 889 1800 dispositionem.

23 1814 24 1817 ’
148 1812 210 1879 His
232 1836 330 1905 porro
354 1816 399 1881 sic
423 1814 594 1901 stantibus,
618 1813 793 1883 dicendum
817 1814 948 1882 videtur
970 1834 1064 1904 posse
1088 1811 1185 1880 bodie
1205 1813 1246 1879 sd

23 1944 24 2007 p
104 1918 383 1989 denuntiationem
400 1920 579 1989 faciendam
595 1921 722 1990 admitti
738 1942 960 2014 quoscumque
975 1919 1136 2007 homines,
1148 1920 1246 1987 etiam

104 2028 401 2097 excommunicatos
412 2035 444 2097 et
455 2030 606 2116 infames,
616 2028 713 2097 modo
725 2036 835 2097 umen
844 2027 946 2119 judici
960 2026 1104 2095 indicent
1116 2026 1249 2095 idoneos

23 2148 24 2185 ³
105 2140 215 2221 testes,
232 2134 335 2203 aliave
350 2134 469 2223 media,
489 2136 609 2226 quibus
629 2135 782 2204 delictum
810 2134 940 2225 probari
963 2155 1056 2225 posse
1071 2133 1250 2225 prudenter

105 2248 266 2331 speretur.

150 2347 216 2415 Nec
230 2348 332 2417 nimia
347 2349 496 2419 videatur
509 2350 580 2419 haec
601 2350 783 2427 conctusi03
798 2356 846 2416 est
864 2348 952 2415 enim
973 2346 1103 2439 ipsimet
1122 2346 1248 2417 denun-

108 2455 248 2523 tiationis
276 2456 470 2526 institutioni
498 2456 593 2526 valde
629 2463 856 2525 consentanea.
889 2454 1098 2523 Denuntiatio
1133 2477 1249 2546 nempe

106 2584 172 2630 non
187 2572 235 2631 est
259 2564 388 2656 proprie
409 2564 556 2655 specialis
579 2564 698 2657 aliquis
723 2585 909 2656 processus3
927 2560 983 2629 sed
1000 2561 1124 2629 occasio
1148 2562 1249 2631 dum·

106 2678 207 2759 taxat,
232 2694 298 2763 qua
322 2673 436 2764 posita,
455 2671 556 2762 judex
582 2680 686 2764 potest
711 2670 955 2763 inquisitorium
981 2690 1168 2762 processum
1192 2669 1248 2737 in·

106 2778 232 2847 cbosre.
252 2779 359 2848 Judex
379 2780 500 2872 quippe
525 2802 591 2849 nnn
616 2786 718 2871 potest
734 2779 767 2845 in
783 2778 969 2871 quempiam
996 2775 1171 2868 procedere
1184 2776 1249 2843 nisi

104 2884 169 2975 jam
181 2886 222 2954 de
230 2886 345 2955 delicto
355 2895 479 2979 patrato
489 2886 603 2976 gravia
613 2886 731 2953 indicia
742 2886 911 2976 acceperit.
924 2884 1022 2953 Parvi
1031 2891 1138 2953 aretem
1151 2883 1251 2953 refert

107 2994 260 3084 aquibus
274 2994 461 3062 bominibus
476 2994 545 3061 baec
565 2992 686 3062 indicia
705 2992 768 3084 ipsi
788 2992 1006 3060 exhibeantur
1024 3018 1031 3059 :
1049 2990 1105 3058 sed
1126 2992 1249 3058 bonum

109 3100 269 3169 societatis
282 3102 415 3169 omnino
433 3101 549 3191 exigit,
564 3101 648 3169 utin
663 3121 754 3168 reum
774 3099 932 3190 inquirat,
949 3097 1081 3189 qnando
1096 3098 1130 3165 in
1150 3120 1250 3165 manu

110 3206 217 3293 babet,
235 3207 322 3275 nude
339 3228 413 3275 eum
437 3207 627 3275 convincere
651 3208 762 3298 possit.
780 3206 865 3287 Ouid
889 3206 1001 3291 refert,
1018 3204 1109 3272 verbi
1133 3206 1249 3295 gratia,

110 3314 276 3381 bebraenm
301 3336 368 3382 esse
397 3313 447 3382 vel
475 3314 807 3399 excommunicatum,
832 3313 889 3404 qni
911 3310 1014 3403 judici
1039 3310 1252 3379 ecclesiastico

111 3422 238 3489 nuntiat
250 3421 389 3513 alicujus
404 3420 511 3489 clerici
529 3421 695 3507 delictum,
711 3422 741 3487 ei
757 3421 856 3487 simut
871 3419 1020 3487 indicans
1034 3419 1170 3487 idoneos
1187 3426 1251 3486 tes-

111 3537 170 3615 tes,
185 3528 242 3619 qui
263 3551 332 3597 cern
352 3528 545 3597 confirmare
560 3529 700 3615 valeant,
717 3528 770 3597 vel
795 3528 860 3595 alia
875 3527 1007 3595 tradens
1022 3527 1249 3612 instrumenta,

112 3661 183 3727 quse
202 3638 269 3706 vim
290 3638 492 3729 probationis
514 3638 672 3707 babeant?
689 3638 806 3706 Nonne
826 3637 940 3705 eodem
964 3636 1061 3705 modo
1085 3636 1251 3727 inquirere

113 3744 238 3813 debebit
257 3744 372 3835 judex,
388 3744 465 3812 acsi
483 3766 541 3836 per
555 3743 749 3812 catholicum
772 3752 804 3809 et
819 3743 959 3835 probum
972 3742 1083 3810 virum
1105 3742 1251 3833 requiva-

112 3848 212 3917 lentes
227 3851 334 3919 delicti
349 3850 555 3942 probationes
569 3850 766 3942 excepisset?

155 3958 266 4050 Neque
278 3958 451 4049 objiciatur
465 3980 558 4049 posse
573 3958 818 4025 denuntiantem
837 3958 871 4023 iu
892 3956 1052 4048 judicium
1074 3955 1115 4026 ad
1130 3954 1251 4023 contir-

114 4066 263 4135 maudam
277 4066 554 4135 denuntiationem
566 4088 585 4133 a
596 4066 705 4158 jndice
719 4066 828 4134 vocari
843 4092 851 4133 :
866 4073 950 4133 stare
963 4071 1072 4133 autem
1084 4061 1252 4153 injudicio

115 4196 177 4241 non
193 4194 285 4265 posse
300 4173 438 4241 infames
454 4182 485 4240 et
503 4172 811 4242 excommunicatos.
834 4172 917 4241 Nam
937 4170 970 4238 id
992 4170 1106 4262 probat
1126 4178 1253 4236 tanturn

26 4366 27 4383 χ
115 4303 178 4349 non
188 4302 279 4372 posse
290 4280 435 4372 judicem
446 4278 605 4375 ejusmodi
616 4278 843 4350 denuntiantes
854 4280 888 4348 in
897 4300 1050 4373 processu
1062 4275 1250 4364 admittere;
