3050 4984
547 515 621 562 onus
642 515 787 562 sueonos.
1170 499 1230 564 569

91 657 207 728 supra,
230 636 341 706 vocari
352 637 447 706 illum
461 659 574 708 eoram
587 660 620 707 se
630 637 706 730 feeit
714 662 728 721 ;
750 649 782 708 et
796 637 903 708 denuo
917 638 1035 708 obtulit
1055 640 1233 732 jurumen-

91 755 165 812 tum
180 741 220 814 de
234 742 372 814 urenda
385 745 538 828 veritate·
551 744 640 838 quod
652 767 729 814 eum
737 745 792 815 ille
800 745 1015 838 prestitisset,
1028 747 1165 816 ulterius
1179 747 1232 816 in·

92 863 277 942 terropatus
289 853 369 943 fuit,
396 867 428 924 ee
447 851 613 946 respondit
637 864 675 922 ut
699 852 847 945 sequitur
871 879 883 919 .·
909 856 962 922 1³.
979 856 1233 946 immamus.-

93 980 150 1041 em,
168 969 259 1028 eie.»

514 1149 657 1220 CAPUT
679 1147 819 1221 XXVII.

134 1343 237 1392 ΓΟΜΙΔ
264 1343 477 1392 nonnosum
503 1343 716 1392 memnonos!
741 1344 780 1391 ET
805 1343 982 1391 euspicium
1010 1343 1183 1392 PROOESSUS.

137 1561 296 1632 Absoluta
313 1561 363 1632 rei
378 1563 543 1652 examine,
563 1561 666 1655 judex
682 1563 826 1654 assignat
843 1563 1021 1656 promotori
1043 1564 1145 1634 fiscali
1166 1572 1232 1634 ter·

92 1672 244 1759 minum,
267 1670 307 1740 ad
329 1669 513 1740 exhibendo
532 1671 693 1764 capitula,
714 1671 879 1765 simulque
899 1671 976 1740 citat
999 1694 1095 1741 reum
1114 1672 1156 1742 ud
1175 1671 1232 1742 illo

90 1778 254 1848 audienda
276 1777 385 1870 eisque
408 1777 683 1871 respondendum.
710 1779 751 1848 Et
776 1784 895 1849 statuto
919 1778 971 1847 die
996 1777 1153 1870 leguntur
1176 1801 1232 1849 mo

91 1886 164 1956 haee
178 1883 321 1978 capitulo
335 1891 368 1954 et
385 1884 425 1954 de
441 1908 638 1979 unoquoque
649 1886 827 1976 interroget
843 1907 918 1954 eum
930 1884 1047 1977 judex,
1062 1908 1105 1954 sn
1126 1885 1232 1956 fatea-

90 2001 160 2080 tur,
175 2015 218 2061 sn
236 2014 315 2062 vero
329 1999 443 2081 negem
466 1999 498 2060 ei
523 1994 595 2084 ejus
611 2015 767 2086 responsa
780 1994 815 2062 in
830 1993 909 2062 sotis
928 1991 1168 2064 describuntur.
1190 1993 1233 2062 Et

90 2108 203 2192 postus
217 2098 254 2167 fit
269 2097 443 2192 publicatio
456 2121 639 2191 processus.

136 2208 261 2276 Poterit
274 2217 383 2279 sunm
403 2207 437 2278 id
453 2230 550 2280 omno
569 2208 683 2301 peragi
698 2208 796 2300 juxta
810 2216 997 2301 sequentem
1016 2207 1195 2278 formulam
1223 2234 1231 2276 ε

141 2353 337 2436 «Absoluto,
364 2365 402 2422 ut
417 2376 529 2446 supro,
553 2354 602 2422 rei
615 2353 777 2436 examine,
795 2351 986 2422 reuerendus
1000 2355 1059 2435 Ν.,
1089 2351 1235 2422 Vicorius

89 2463 262 2554 pomerolis,
280 2463 459 2554 ossipnouit
474 2464 607 2534 domino
624 2467 682 2546 Ν.,
694 2463 880 2556 promotori
889 2463 1007 2555 fiscali,
1017 2486 1083 2555 pro
1096 2462 1234 2531 termino

90 2569 347 2638 exhibendorum
369 2572 601 2663 capitulorum,
628 2570 715 2640 diem
729 2570 859 2640 sabboti
875 2570 1072 2662 proximum
1099 2596 1110 2637 .·
1134 2581 1236 2661 atque

90 2675 262 2746 dominum
277 2680 321 2748 N.
337 2699 431 2747 reum
445 2679 560 2747 citauit
572 2677 620 2748 ad
638 2676 893 2770 comparendum
907 2677 968 2746 lzoc
982 2678 1053 2769 ipso
1067 2676 1153 2747 dicto
1168 2676 1232 2760 die,

89 2786 175 2854 liora
190 2807 291 2869 nono,
308 2784 354 2855 ad
365 2784 532 2856 audiendo
545 2785 618 2877 fisci
632 2785 795 2878 capitula,
811 2798 842 2854 et
857 2783 987 2854 dandos
1001 2785 1233 2877 responsiones.

90 2895 173 2963 Aeto
191 2905 268 2963 sunt
283 2894 351 2963 lraec
372 2893 424 2963 uie
501 2894 620 2962 mensis
706 2893 828 2962 anni...
850 2931 896 2945 -
915 2895 990 2984 Epo
1003 2895 1063 2976 Ν.,
1087 2892 1233 2962 Viearius

88 3001 263 3094 peneralis.
280 3040 325 3054 -
339 3005 413 3094 Epo
428 3006 487 3084 Ν.,
504 3001 686 3071 actuarius.

139 3133 157 3173 α
176 3107 394 3199 comparente
417 3106 452 3174 in
467 3106 563 3175 eurio
584 3105 761 3198 episcopali
778 3104 910 3175 domino
926 3108 970 3177 N.
985 3127 1051 3188 reo,
1063 3105 1168 3198 jussit
1182 3127 1235 3175 re-

89 3214 249 3284 verendus
263 3215 321 3302 Ν.,
356 3213 501 3282 Vicorius
522 3211 694 3304 penes-olis,
714 3211 818 3282 eidem
839 3235 893 3282 reo
918 3213 983 3305 Iepi
1003 3213 1151 3305 capitulo
1168 3235 1233 3303 pro

85 3333 186 3415 parte
196 3321 269 3412 fisci
281 3320 440 3404 exhibita,
458 3333 624 3412 quaesunt
640 3320 762 3417 tenoris
776 3319 948 3412 sequentis,
966 3318 1113 3389 videlieet
1130 3347 1141 3387 .·
1156 3319 1234 3388 Fis-

89 3451 149 3498 cus
169 3427 274 3519 ponit,
285 3435 317 3496 st
330 3435 491 3519 quatenus
503 3435 655 3518 negatur,
666 3426 805 3518 probare
821 3425 962 3495 intendit
976 3430 991 3495 1
1003 3477 1057 3514 ...,
1073 3429 1154 3512 2...,
1171 3434 1231 3496 eu.

91 3539 315 3628 Interropotus
339 3546 452 3604 autem
475 3557 498 3602 α
519 3533 633 3604 Iudice
656 3557 731 3604 rens
758 3535 929 3604 successive
956 3532 1068 3627 quood
1090 3534 1233 3627 sinpulo,

91 3642 203 3712 omnio
216 3641 347 3732 nepovit
366 3641 430 3732 (vel
443 3641 575 3732 nepuoit
588 3641 703 3710 omnio
713 3654 838 3734 preter
853 3646 872 3710 5
888 3653 920 3710 et
935 3642 980 3733 7).

140 3773 158 3814 u
175 3748 298 3832 Quibus
312 3747 434 3818 habitu
448 3747 496 3816 rei
510 3749 681 3840 responsis,
699 3746 840 3818 decreuit
853 3747 1045 3818 reverendus
1059 3752 1118 3832 Ν.,
1142 3750 1237 3820 Vica-

89 3856 160 3924 rius
179 3855 351 3946 penerolis,
373 3877 562 3947 processum
577 3856 641 3925 lrue
662 3878 762 3948 usque
782 3854 937 3925 hobitum
943 3854 1128 3948 publicare.
1148 3859 1238 3927 Con-

89 3974 272 4055 sequenter,
288 3961 328 4032 de
340 3963 444 4054 ipsius
459 3961 628 4047 mundato,
647 3963 730 4032 lecto
745 3976 823 4032 sunt
836 3963 908 4031 olto
921 3985 997 4034 voce
1009 3976 1085 4032 aeto
1101 3965 1232 4048 omnim

90 4095 157 4165 quo
164 4082 300 4163 puncto
312 4069 451 4142 decreuit
465 4069 552 4141 idem
567 4070 758 4140 reuerendus
781 4072 926 4141 Vicorius
936 4071 1096 4165 poneretis
1106 4094 1235 4164 proees-

90 4201 166 4251 sum
174 4201 240 4272 pro
249 4179 421 4272 publicato
435 4201 499 4250 esse
521 4177 720 4250 iubendum.
745 4181 828 4252 Acta
842 4191 921 4250 sunt
935 4178 1005 4248 nec
1017 4178 1070 4250 die
1143 4203 1237 4253 men-

91 4287 136 4358 sis
153 4334 206 4371 ...,
222 4298 282 4357 eto.
299 4311 316 4355 n
