3050 4984
298 461 360 525 stt
671 481 846 529 rnacrtms
868 482 907 529 nn
928 482 1060 529 runicus.

297 624 391 669 casus
421 629 429 668 :
457 600 583 693 primo,
614 602 641 669 si
670 602 803 671 ecclesia
829 612 915 694 petat
938 602 1175 671 restitutionem
1205 602 1240 669 in
1268 602 1433 691 integrum

297 714 409 776 contra
432 707 567 795 laicum,
593 730 659 777 non
682 718 811 778 tenetur
835 709 925 777 adire
945 707 1088 801 judicem
1110 709 1314 794 saecularem,
1340 709 1435 800 cujus

1506 1486 1507 1539 l

1506 1776 1507 1853 l

1506 1912 1507 1947 l

1506 1958 1507 1993 l

1506 2002 1507 2043 l

1506 2052 1507 2109 l

1506 2116 1507 2157 l

1506 2166 1507 2243 l

294 815 514 907 jurisdictioni
540 816 681 907 subjacet
709 816 764 883 ille
793 816 915 896 laicus;
946 816 1001 885 sed
1028 814 1070 885 ob
1100 815 1308 908 privilegium
1337 838 1433 883 suum

296 922 431 1013 speciale
452 929 556 1014 potest
579 923 792 993 restitutionis
813 946 942 992 cansam
969 946 1099 992 movere
1121 946 1229 993 corum
1252 922 1362 1014 judice
1384 945 1435 990 ec-

295 1030 480 1099 clesiastico.
505 1031 592 1101 Vide
620 1031 653 1099 id
682 1032 854 1124 probatum
881 1032 968 1123 apud
996 1032 1194 1101 Leureuium
1225 1032 1271 1123 (in
1297 1032 1348 1099 tit.
1380 1034 1432 1115 ll,

294 1138 402 1206 libril
422 1139 562 1225 Deerat,
580 1162 613 1231 p.
634 1142 732 1225 ture,
750 1162 783 1207 n.
805 1141 852 1228 2).
874 1137 1035 1221 Secundo,
1055 1138 1186 1230 quando
1199 1139 1320 1229 petitur
1335 1138 1433 1206 resti-

294 1245 379 1313 tutio
397 1253 509 1312 contra
521 1245 665 1337 aliquem
686 1254 898 1332 contractum,
920 1269 986 1314 nou
1005 1254 1053 1315 est
1068 1246 1247 1314 necessario
1265 1243 1435 1314 adeundus

291 1351 393 1442 judex
410 1350 485 1435 loci,
502 1352 537 1418 in
553 1374 619 1443 quo
633 1352 838 1421 domicilium
857 1352 953 1420 habet
966 1352 1021 1420 ille
1034 1363 1148 1421 eontra
1163 1373 1260 1442 quem
1275 1351 1435 1419 restitutio

294 1459 433 1549 petitum
449 1456 504 1524 sed
521 1466 625 1548 potest
637 1458 734 1526 enam
747 1458 833 1526 adiri
846 1459 949 1549 judex
971 1459 1034 1527 loci
1055 1461 1088 1525 in
1107 1480 1174 1549 quo
1193 1457 1374 1524 celebratus
1390 1464 1435 1524 est

294 1574 488 1651 contractus,
504 1572 536 1631 et
549 1563 650 1655 judex
669 1564 731 1633 loci
749 1566 784 1632 in
807 1588 872 1656 quo
888 1588 940 1633 res
958 1566 1020 1633 sita
1033 1575 1092 1633 est.
1109 1564 1193 1633 Vide
1211 1564 1244 1632 id
1264 1565 1434 1655 probatum

293 1670 381 1761 apud
397 1669 687 1760 Schmulzgrueber
703 1671 751 1761 (in
767 1672 816 1739 tit.
835 1674 891 1757 tt,
907 1671 983 1739 libri
999 1676 1013 1737 l
1035 1672 1176 1757 Decret,
1194 1692 1228 1737 n.
1245 1671 1312 1759 38).

340 1776 485 1859 Qunsrto
500 1780 544 1844 8⁸.
562 1816 607 1829 -
624 1780 676 1846 Aa
687 1778 819 1868 judices
838 1777 1003 1846 ordinarii
1023 1778 1081 1869 qui
1098 1789 1235 1869 possunt
1257 1776 1436 1845 restitutio-

294 1908 370 1954 nem
384 1883 564 1967 concedere,
580 1885 617 1954 id
630 1886 731 1955 etiam
746 1888 879 1955 ualeant
894 1897 1006 1955 contra
1021 1886 1226 1977 definitivam
1242 1885 1436 1953 senteutiam

295 2016 317 2061 a
338 2016 371 2060 se
389 1993 467 2084 ipsis
480 1994 677 2085 prolatam?
691 2032 734 2046 -
750 1994 942 2083 Respondeo
960 1996 1004 2060 1⁰.
1028 1992 1064 2061 Si
1088 1993 1273 2061 attendatur
1291 1992 1334 2060 ed
1355 1993 1437 2061 solas

291 2098 375 2189 juris
387 2100 499 2190 scripti
510 2098 747 2191 dispositiones,
757 2098 895 2169 dubium
910 2121 975 2166 non
988 2106 1035 2167 est
1047 2110 1242 2167 memoratos
1254 2099 1438 2167 ordinarios

295 2208 395 2275 etiam
409 2216 522 2275 contra
543 2207 707 2297 propriam
725 2230 817 2274 suom
839 2205 1041 2275 definitivam
1054 2206 1245 2274 sententiam
1261 2228 1357 2297 posse
1370 2228 1437 2274 res-

296 2314 422 2382 tituere.
439 2314 522 2382 Nam
539 2313 671 2382 citatum
687 2322 784 2404 caput
800 2315 910 2382 Causa
929 2314 974 2406 (9,
992 2313 1078 2381 tituli
1093 2316 1147 2397 ll,
1164 2312 1239 2380 libri
1258 2316 1271 2379 l
1296 2313 1437 2401 Deteret.)

297 2441 448 2511 expresse
467 2419 621 2504 decernit,
643 2418 766 2511 absque
781 2419 848 2487 ulla
867 2420 1070 2502 limitatione,
1088 2442 1180 2509 posse
1193 2440 1323 2486 eausam
1342 2418 1438 2485 nesti·

296 2525 430 2593 tutionis
445 2525 481 2592 in
495 2525 658 2614 integrunt
675 2526 805 2593 tractari
821 2536 853 2593 et
867 2525 954 2597 finiri
968 2548 990 2593 o
999 2524 1170 2617 judicibus
1185 2524 1367 2593 ordinariis
1378 2523 1438 2591 ud·
1506 2510 1507 2585 l

297 2631 571 2699 ministrationem
590 2631 793 2700 habentibus.
823 2634 915 2702 Unde
936 2634 1050 2701 merito
1070 2634 1202 2701 adnotat
1226 2632 1344 2721 Eugel,
1371 2632 1440 2699 uoti

293 2738 384 2829 juris
398 2759 472 2818 esse,
489 2736 578 2828 quud
589 2738 752 2805 restitutio
767 2761 898 2829 quoque
912 2738 1065 2808 aduersus
1080 2739 1277 2808 senteutiam
1293 2736 1438 2830 definii-

298 2868 388 2926 vem,
412 2841 589 2913 abeodem
606 2843 723 2933 judice
743 2846 803 2935 pei
820 2868 894 2913 eam
915 2847 1003 2927 tulit,
1028 2847 1105 2937 fieri
1120 2846 1223 2938 possit
1241 2845 1287 2936 (in
1310 2846 1360 2912 tit.
1383 2848 1437 2931 ll,
1506 2852 1507 2943 l

299 2953 374 3022 libri
392 2956 406 3019 l
428 2952 567 3038 liceret,
585 2974 619 3018 u.
637 2954 681 3041 7).

349 3059 610 3149 «Magistratus,
636 3057 682 3126 ait
705 3058 822 3128 Devoti
845 3059 942 3147 (libro
967 3064 998 3147 3,
1023 3060 1074 3129 tit.
1103 3063 1157 3146 16,
1182 3058 1203 3151 ᾗ
1228 3060 1259 3151 6)
1283 3059 1439 3128 adversus
1506 3068 1507 3161 l

305 3191 452 3253 usuam,
482 3175 539 3236 aut
561 3163 680 3255 judicis
706 3164 884 3252 interioris,
910 3168 1037 3258 parisve
1059 3167 1224 3257 potestatis
1248 3168 1439 3235 sententiam
1506 3162 1507 3217 l

305 3304 321 3342 u
344 3274 484 3344 restituit
501 3300 508 3341 :
527 3271 661 3341 interior
680 3282 789 3341 autem
811 3274 1018 3364 magistratus
1037 3284 1149 3342 contra
1168 3274 1347 3365 superioris
1366 3298 1440 3343 sen·

304 3410 323 3449 e
344 3382 478 3451 tentiam
494 3379 662 3448 restituere
673 3400 738 3447 non
754 3388 901 3470 potest.»

344 3485 536 3578 Respondeo
558 3489 602 3552 20.
625 3484 717 3565 Quod
742 3508 841 3576 supra
862 3486 1007 3557 diximus
1026 3488 1177 3557 derauso
1190 3488 1350 3557 nullitatis
1366 3512 1441 3557 sen-

301 3594 408 3664 tentiae
429 3596 514 3684 (quse
533 3592 652 3659 scilicet
672 3590 779 3678 hodie,
803 3593 845 3660 ob
865 3595 1048 3683 generalem
1070 3593 1351 3681 consuetudinem,
1376 3618 1439 3663 non

297 3701 463 3793 judicatur
478 3698 616 3789 ojudioe
628 3698 686 3790 qui
700 3702 892 3768 senteutiam
910 3702 996 3788 tulit,
1014 3702 1068 3769 sed
1088 3702 1314 3794 emporium),
1338 3702 1441 3793 appli-

301 3808 443 3877 candum
467 3808 588 3897 pariter
618 3806 707 3873 venit
735 3808 887 3897 praesenti
910 3808 1084 3900 quaestioni
1109 3808 1151 3875 de
1181 3810 1383 3878 restitutione
1409 3812 1440 3878 in

301 3916 478 4004 integrum.
501 3911 721 3993 Quantumvis
739 3914 840 3998 enim,
864 3922 986 3983 attento
1003 3916 1078 4005 jure
1102 3915 1236 4006 scripto,
1258 3938 1331 3985 eam
1350 3917 1442 3985 resti-

300 4023 459 4090 tutionem
475 4017 650 4088 concedere
669 4017 773 4087 valent
787 4018 895 4110 'judex
914 4022 971 4112 qui
994 4022 1185 4090 sententiam
1205 4024 1439 4113 pronuntiavit,

301 4127 475 4218 praevaluit
485 4123 685 4217 jamdudum
699 4128 911 4212 consuetudo,
932 4136 968 4195 ut
981 4128 1112 4197 nonnisi
1128 4153 1148 4195 a
1161 4128 1312 4221 Principe
1331 4130 1375 4220 (id
1397 4140 1443 4197 eet

301 4256 319 4303 a
335 4235 417 4303 Sede
440 4231 649 4325 Apostoliea),
669 4232 719 4300 vel
731 4255 751 4299 a
760 4232 870 4322 judice
886 4235 1113 4325 appellationis
1127 4236 1335 4305 concedatur.
1360 4236 1440 4317 Oura
