3050 4984
19 14 399 211 ιμ’

531 532 605 583 vrrs
628 532 773 583 secunus.
1178 514 1215 581 st

82 656 186 744 datur,
201 680 244 725 au
260 656 408 747 rigorose
424 654 637 725 observandae
653 656 718 725 siut
734 656 857 746 regular
872 678 985 726 omnes
999 680 1019 725 a
1031 654 1106 748 jure
1120 680 1223 725 cauo-

84 766 154 835 uico
168 764 229 835 boc
243 762 285 832 de
299 786 335 832 re
350 762 497 853 sancitae,
512 771 657 833 remanet
671 761 934 855 expendendum.

634 1070 675 1139 11.

128 1311 181 1377 An
198 1306 396 1377 obsoleverit
415 1306 501 1398 juris
527 1304 711 1375 communis
736 1304 905 1397 dispositio
929 1307 970 1378 de
994 1310 1229 1405 subscriptione

90 1416 184 1485 libelli
198 1424 231 1484 et
246 1414 379 1484 talionis
393 1436 502 1505 pana.
519 1412 729 1483 Mirabantur
743 1414 908 1501 nonnulli,
923 1423 955 1484 et
970 1440 1023 1486 me
1036 1419 1132 1488 etiam
1148 1422 1231 1492 torte

90 1524 284 1611 irridebunt,
295 1522 382 1615 quod
399 1523 433 1590 in
447 1522 661 1615 questionem
675 1520 845 1590 hodiernis
857 1524 1058 1615 temporibus
1070 1525 1231 1599 adducam

90 1654 192 1722 pssum
216 1630 349 1700 talionis
369 1630 405 1697 in
428 1628 500 1699 loro
525 1628 739 1698 ecclesiastico
763 1627 1023 1701 desuetudinem.
1052 1632 1116 1704 Sed
1143 1638 1232 1728 (pace

90 1760 199 1806 eornm
214 1736 370 1827 dixerim)
388 1756 440 1805 ras
455 1735 537 1805 adeo
553 1735 726 1826 perspicus
739 1757 806 1803 nou
819 1744 878 1804 eet.
897 1736 993 1827 Num,

132 1844 261 1927 Prima,
274 1844 309 1913 in
324 1842 415 1913 bulla
429 1842 532 1911 suncti
546 1841 598 1911 Pii
613 1842 658 1929 V,
668 1864 743 1934 qum
758 1842 872 1934 insipit
885 1844 973 1913 Cum
984 1847 1146 1938 primam,
1155 1852 1233 1919 anni

96 1956 191 2038 1566,
207 1952 255 2020 sic
271 1951 459 2020 decernitur
477 1977 485 2019 :
504 1949 644 2033 Quodsi
659 1949 768 2042 aliqui
788 1972 836 2051 er
851 1951 1021 2022 calumnia
1036 1956 1164 2049 aliquos
1178 1958 1234 2029 de-

92 2062 259 2129 nuntiasse
273 2057 431 2151 comperti
449 2058 586 2150 scierint,
603 2080 654 2125 eos
668 2056 715 2125 ad
722 2080 859 2148 pernam
878 2061 1012 2131 talionis
1028 2068 1129 2133 teneri
1143 2070 1237 2145 uoln-

94 2192 163 2237 mus
179 2182 210 2237 ει
234 2166 445 2235 mandamns.
464 2166 510 2233 De
536 2187 603 2257 qua
621 2166 849 2234 constitutione
870 2166 941 2237 baec
959 2170 1046 2260 apud
1068 2174 1237 2247 Scbmolre

93 2276 232 2366 grueber
244 2274 446 2365 reperimus:
464 2271 630 2341 «Sanctus
645 2271 722 2339 Pius
734 2272 764 2341 V
778 2280 885 2342 tumen
947 2278 1094 2349 eamdem
1105 2306 1237 2375 poeuum

19 2372 21 2453 l
97 2411 110 2445 ι
137 2381 269 2451 talionis
283 2380 452 2451 innovavit
467 2378 501 2447 iu
516 2378 766 2449 calumniatores
781 2402 876 2449 veros
890 2409 897 2449 :
912 2392 944 2451 et
959 2386 1005 2453 sic
1019 2388 1131 2477 vigore
1145 2394 1239 2463 istius

19 2498 20 2501 ’
99 2490 239 2558 obtritae
260 2512 357 2580 poenn
378 2486 505 2558 talionis
533 2487 567 2555 in
594 2486 665 2555 foro
688 2488 843 2557 canonico
868 2490 975 2561 adbuc
1000 2494 1107 2565 locum
1130 2499 1238 2589 habet,

20 2592 21 2595 ’
99 2628 113 2661 a
136 2598 213 2667 licet
230 2596 398 2689 inscriptio
417 2594 457 2663 ad
474 2596 568 2663 istam
590 2616 719 2687 poenam
742 2617 808 2663 non
831 2596 872 2664 sit
896 2600 1037 2690 amplius
1055 2603 1089 2671 iu
1110 2628 1182 2676 usn.
1199 2610 1241 2679 Et

101 2734 116 2769 s
139 2703 392 2794 intelligendum
407 2702 468 2771 boc
488 2710 548 2788 est,
567 2723 632 2771 uon
648 2710 774 2770 tuntum
795 2704 926 2794 qnando
949 2706 1024 2796 quie
1039 2708 1074 2776 in
1094 2711 1156 2781 boo
1171 2716 1241 2785 loro

22 2812 24 2831 l
103 2840 117 2875 s
139 2820 314 2881 accusatur
329 2832 387 2902 per
400 2808 596 2877 calumniam
620 2809 661 2879 de
681 2808 817 2877 crimine
836 2810 999 2902 simonia,
1016 2814 1241 2915 blasphemie,

104 2948 117 2983 ι
141 2917 301 2987 scudomiae
318 2926 349 2985 et
368 2915 615 3003 concubinatus,
640 2938 715 3007 qum
739 2916 879 2985 crimina
903 2919 938 2985 iu
957 2944 996 2988 ea
1016 2928 1243 2999 coristitntioue

24 3012 26 3095 ῗ
104 3054 118 3089 a
142 3024 390 3115 exprimuntur,
407 3023 463 3090 sed
478 3022 576 3090 etiam
589 3022 721 3113 quando
736 3022 799 3091 aliu
814 3024 953 3093 crimina
970 3026 1168 3103 calumniose
1183 3038 1247 3105 eli-

25 3150 27 3207 ]
104 3160 120 3195 ι
143 3132 198 3201 cui
212 3132 254 3199 ab
266 3139 449 3199 accusatore
464 3130 715 3222 impinguntur,
732 3131 888 3222 quianon
899 3141 946 3201 est
958 3136 1145 3227 verisimile,
1158 3146 1246 3235 quod

27 3310 29 3341 ι
107 3240 190 3307 «ad
213 3239 314 3307 relata
338 3238 444 3306 solum
463 3236 581 3305 delicta
606 3237 869 3307 constitutionem
895 3262 988 3309 snum
1011 3245 1153 3316 voluerit
1178 3275 1250 3320 res-

28 3436 30 3451 ,
108 3376 122 3412 ι
144 3348 277 3415 trintum
302 3346 421 3437 Pupan
445 3345 490 3435 (in
511 3345 560 3413 tit.
580 3348 613 3432 2,
628 3345 702 3413 libri
727 3350 745 3412 5
771 3346 1048 3446 Decret.,n.17).
1076 3381 1094 3420 c
1117 3354 1153 3424 Si
1175 3361 1249 3451 quis

108 3482 123 3517 ι
148 3464 272 3540 tamen,
286 3452 331 3521 ait
343 3451 567 3539 Reiffenstnel,
583 3453 842 3540 convinceretur,
858 3456 946 3546 qnod
958 3456 1162 3531 innocentem
1177 3488 1253 3537 vere

111 3588 126 3626 ι
151 3560 315 3629 malitiose
338 3568 518 3629 accusasset
536 3568 592 3627 aut
613 3559 846 3647 denuntiasset,
863 3584 995 3654 poenam
1011 3566 1139 3637 talionis
1155 3576 1256 3642 susti-

112 3698 128 3733 ι
152 3691 231 3737 nere
241 3667 348 3737 adbuc
361 3666 504 3756 deberet,
515 3667 628 3756 vigore
639 3668 877 3736 constitutionis
889 3669 983 3741 PiiV
997 3675 1079 3742 Cum
1086 3679 1250 3767 primam,

114 3776 340 3845 «innovantis
364 3796 494 3867 poenam
525 3773 665 3843 talionis.
689 3774 848 3855 Quamvis
870 3778 959 3846 enim
984 3780 1028 3848 ibi
1059 3790 1186 3855 tuntum
1211 3791 1254 3859 sit

115 3912 130 3947 ι
152 3906 261 3951 sermo
276 3883 316 3951 de
329 3882 507 3973 objectione
521 3880 697 3949 criminum
716 3882 885 3970 sodomiae,
902 3884 1112 3977 blasphemiae
1128 3903 1161 3961 et
1178 3918 1255 3964 con-

116 4019 133 4054 «
153 3992 341 4077 cubinatus,
368 3998 476 4058 tamen
501 3989 619 4058 dictam
647 3990 909 4059 constitutionem
939 3994 1036 4063 etiam
1061 3998 1103 4065 ad
1124 4016 1257 4072 eccam-

117 4106 244 4167 stores
264 4096 304 4165 de
331 4096 403 4165 aliis
427 4096 620 4165 criminibus
645 4097 790 4166 extendit
813 4098 1015 4170 Passerinus.
1039 4129 1055 4167 n
1088 4099 1257 4196 (Reielens-

116 4207 193 4294 tnel,
210 4208 245 4273 iu
263 4207 311 4273 tit.
331 4208 361 4293 l,
375 4204 451 4273 libri
469 4209 485 4271 t
503 4206 644 4293 Decret,
663 4228 696 4272 n.
719 4207 785 4294 11.)
802 4205 882 4273 ltern
897 4206 1067 4279 Ferrarius
1086 4212 1127 4280 ad
1146 4239 1256 4287 vocem
1362 4234 1368 4243 '

119 4314 301 4394 Accusator,
320 4334 355 4379 n.
374 4310 404 4401 l)
427 4339 434 4379 ι
455 4338 472 4377 a
488 4311 525 4380 Si
544 4312 617 4403 quis
640 4320 749 4381 tamen
771 4322 854 4381 esset
878 4316 1046 4386 convictus
1060 4321 1148 4411 qaod
1165 4324 1260 4397 inno-
