3050 4984
267 506 327 571 128
640 526 819 573 ratuinus
843 528 881 573 nn
903 528 1035 577 sonions.

310 652 341 715 3.
364 648 553 718 Innocentio
570 657 678 718 tamm
699 650 745 717 Ill
763 650 933 743 ipsiusque
956 652 1118 744 responsis
1140 661 1171 719 et
1193 648 1412 721 decisionibus

264 753 488 842 tribuendum,
516 755 603 847 quod
628 756 854 847 inquisitorios
879 780 1048 849 processus
1071 783 1164 828 suam
1188 760 1281 851 plene
1303 760 1411 827 deter-

266 863 422 929 minatam
447 863 586 931 formam
608 862 766 949 induerit,
789 874 885 955 atquc
907 866 990 934 inter
1008 866 1190 935 ordinarios
1216 867 1409 957 procedendi
1515 914 1516 919 κ

264 968 376 1037 modos
395 969 504 1037 locum
530 968 698 1038 definitive
720 972 908 1062 sumpserit.
935 973 1037 1064 Cujus
1060 974 1295 1041 immutationis
1312 974 1411 1042 bene·
1515 980 1516 989 ’

263 1074 389 1163 ficium,
405 1076 446 1144 ad
462 1077 609 1144 omnium
626 1077 757 1145 tandem
778 1078 1011 1148 modernorum
1025 1080 1220 1171 populorum
1238 1080 1413 1149 saeculares
1515 1124 1516 1133 1

262 1181 350 1271 leges
362 1192 393 1250 et
409 1183 597 1269 tribunalia,
620 1207 751 1252 summo
771 1208 847 1253 curn
872 1185 918 1253 rei
941 1186 1080 1277 publicae
1104 1188 1337 1273 emolumento,
1360 1187 1413 1255 di·

265 1292 421 1358 manavit.

273 1444 277 1451 -
309 1397 468 1465 Remanet
494 1407 531 1467 ut
556 1396 688 1488 propria
715 1399 886 1490 utriusque
908 1399 1037 1486 lormoe,
1062 1402 1269 1469 accusatoriis
1293 1401 1414 1469 scilicet

263 1512 295 1570 et
323 1504 553 1595 inquisitoriae,
581 1504 706 1572 utilitas
732 1515 829 1596 atque
853 1506 1028 1574 intrinseca
1053 1507 1179 1575 bonitas
1205 1507 1246 1575 ad
1272 1508 1413 1577 invicem
1515 1522 1516 1527 ’

263 1608 485 1696 conferantur,
513 1620 545 1678 et
573 1609 652 1701 quid
682 1610 721 1677 de
751 1634 946 1704 unaquaque
976 1611 1181 1682 sentiendum
1212 1616 1254 1681 sit
1284 1636 1415 1705 expen-
1515 1660 1516 1663 =

266 1716 373 1783 datur.

310 1822 494 1891 Prorosrrro
515 1824 586 1891 111⁸.
602 1860 646 1875 —
661 1826 873 1893 Accusatort'o
884 1827 997 1915 formu
1013 1826 1048 1893 in
1063 1848 1096 1893 se
1110 1839 1267 1917 spectatu,
1282 1840 1312 1893 et
1328 1848 1415 1917 quo·

266 1942 360 1997 tenus
379 1929 625 2020 inquisitorium
642 1952 830 2021 processum
847 1931 1029 2015 excludens,
1054 1932 1220 2001 nonnullis
1239 1932 1414 2000 laborabat

265 2034 451 2125 defectibus.
478 2076 523 2088 —
546 2036 726 2105 acatholici
748 2040 920 2129 scriptores
944 2038 1051 2125 multi,
1080 2062 1155 2107 cum
1181 2061 1281 2130 supra
1307 2039 1414 2107 citatis
1515 2090 1516 2095 η

266 2144 439 2213 Thomasio
459 2154 490 2212 et
510 2144 704 2231 Bohemero,
725 2145 876 2213 Ecclesiae
891 2146 1020 2213 crimini
1042 2156 1223 2231 verterunt,
1245 2144 1332 2237 quod
1350 2168 1414 2237 pu·
1515 2148 1516 2151 ’

262 2272 333 2318 ram
356 2252 546 2319 accusatorii
571 2272 740 2341 processus
766 2252 1014 2339 institutionem,
1040 2252 1222 2345 antiquitus
1246 2252 1415 2321 exclusive

264 2358 475 2445 obtinentem,
493 2381 559 2426 non
575 2359 771 2445 servaverit,
785 2360 880 2450 eique
895 2359 1056 2455 adnexam
1072 2368 1134 2427 eta
1149 2359 1276 2427 fortiori
1292 2360 1414 2427 snbsti·
1515 2412 1516 2451 ,

262 2474 366 2533 urtam
375 2466 587 2556 inquisitoriae
602 2464 717 2533 formae
727 2466 901 2535 novitatem
914 2467 1125 2557 exprobrant.
1141 2466 1185 2534 Iis
1196 2488 1313 2556 nempe
1328 2466 1414 2534 viris
1515 2474 1516 2559 ᾗ

264 2594 393 2639 summa
407 2571 581 2639 reddendae
599 2572 735 2663 justitiae
749 2572 902 2662 perfectio
918 2575 987 2642 visa
1002 2588 1061 2661 est,
1080 2574 1106 2640 si
1123 2574 1157 2641 in
1171 2574 1301 2641 nullum
1318 2595 1413 2641 reum
1515 2560 1516 2565 ἵ

266 2680 388 2771 absque
414 2678 553 2747 instante
578 2689 762 2748 accusatore
786 2680 917 2771 procedi
937 2681 1037 2771 possit
1056 2706 1063 2746 :
1081 2700 1211 2748 summa
1232 2679 1414 2770 disciplina?
1515 2714 1516 2719 1

268 2786 411 2876 antiquae
440 2786 636 2876 corruptela,
669 2787 756 2877 quod
784 2786 887 2877 judici
916 2787 1021 2873 liceat,
1051 2810 1092 2855 ex
1121 2787 1189 2855 sola
1219 2786 1259 2854 de
1288 2795 1414 2877 patrato
1515 2808 1516 2821 ¹

270 2892 384 2960 delicto
398 2892 487 2961 lama
504 2902 536 2961 et
551 2892 692 2980 indiciis,
717 2894 896 2984 inquirere,
919 2903 950 2961 et
972 2895 1179 2983 (accusatoris
1194 2894 1280 2962 vices
1298 2902 1416 2981 egente
1515 2900 1516 2935 ³

269 2999 449 3068 ministerio
480 2999 621 3090 publico,
651 2999 764 3085 idest,
790 2998 890 3068 fiscali
914 3023 972 3068 seu
996 3001 1205 3092 promotore),
1229 3001 1415 3069 convictum

270 3128 362 3173 reum
378 3107 485 3174 debite
500 3129 596 3197 poena
611 3129 768 3176 coercere.

314 3214 437 3283 Atvcro
459 3214 563 3282 haeece
579 3214 737 3306 opinatio,
755 3236 830 3307 qum
853 3214 968 3284 odium
982 3216 1016 3282 in
1033 3216 1208 3283 Ecclesiam
1223 3215 1416 3283 catholicam
1515 3252 1516 3269 ι

270 3320 368 3388 nimis
389 3331 498 3410 aperte
524 3322 619 3411 sepit,
641 3320 839 3411 jamdudum
862 3322 1028 3390 communi
1047 3322 1312 3413 jurisperitorum
1338 3344 1417 3392 voce

271 3427 404 3517 explosa
426 3438 484 3494 est.
503 3427 576 3495 Toti
591 3437 667 3495 sunt
688 3429 883 3497 recentiores
898 3430 932 3495 in
946 3428 1153 3497 ostendendis
1169 3428 1295 3521 antiqui
1310 3438 1416 3519 syste-

273 3532 367 3601 matis
386 3534 576 3600 accusatorii
592 3533 693 3620 vitiis,
712 3535 747 3601 in
766 3535 950 3603 extollenda
968 3536 1182 3627 inquisitoriee
1199 3535 1314 3603 lormae
1336 3558 1417 3627 pcr-
1515 3528 1516 3557 ³

271 3640 418 3709 lectione.
446 3640 493 3706 De
520 3661 586 3730 quo
609 3641 654 3708 sic
681 3641 765 3709 inter
792 3642 885 3728 alios,
913 3642 1089 3711 modernus
1115 3642 1229 3710 Galliae
1250 3644 1413 3733 scriptor:
1515 3694 1516 3725 2

276 3776 293 3814 c
316 3747 412 3816 Nulle
426 3746 593 3838 poursmtc
615 3770 656 3815 ne
671 3750 805 3838 pouvait
823 3748 890 3816 etse
905 3752 1038 3818 exerces
1058 3771 1132 3817 sens
1148 3772 1193 3817 un
1208 3763 1414 3827 accusmeuru
1515 3788 1516 3837 1

274 3855 444 3924 «l'action
474 3853 643 3945 publique,
675 3856 811 3922 attribut
846 3856 886 3949 de
922 3856 953 3923 la
983 3858 1208 3925 souverainete
1239 3858 1416 3946 nationale,

277 3990 294 4029 a
316 3962 456 4054 reposuit
471 3970 562 4028 entre
581 3961 627 4028 les
643 3962 749 4029 mains
762 3961 820 4030 des
836 3963 996 4055 eitoycns3
1014 3986 1141 4032 aucune
1158 3964 1254 4056 peine
1275 3987 1315 4032 ne
1331 3988 1420 4057 pou-

276 4098 293 4137 a
316 4068 647 4160 vaitttreeppliquee
669 4091 727 4160 par
745 4070 932 4160 jugements
948 4072 1086 4163 publice,
1105 4073 1133 4140 si
1147 4072 1207 4140 elle
1232 4072 1419 4142 n’avaitetc

277 4205 294 4244 a
316 4175 510 4267 legalement
529 4176 657 4267 requise
677 4199 737 4267 par
760 4178 790 4245 le
811 4178 990 4269 plaignant.
1014 4178 1041 4246 11
1061 4194 1108 4247 est
1127 4179 1258 4249 evident
1277 4178 1334 4247 des
1349 4180 1419 4249 lors

277 4310 294 4349 n
316 4285 418 4377 qu'un
445 4282 550 4374 grand
574 4283 712 4351 nombre
733 4284 774 4351 de
795 4286 924 4373 crimes,
949 4285 1028 4354 dont
1047 4309 1155 4355 aucun
1176 4287 1294 4355 interit
1312 4290 1418 4381 parti·
