3050 4984
304 456 367 523 498
680 475 856 523 necinus
878 475 917 522 ou
939 475 1071 523 mount.

301 598 503 682 versationis,
521 599 570 668 ito
579 610 617 667 ut
631 597 692 668 boe
704 600 840 668 scienter
846 597 1127 692 soeminomillam
1143 597 1216 690 ejus
1228 597 1445 670 vonucbinam

304 727 368 775 esse
380 705 527 775 credant.

348 818 412 882 «2.
429 817 504 883 Ete.
522 815 565 903 (et
577 812 623 881 sio
630 811 696 881 olio
712 812 969 883 denuntiationis
977 811 1083 906 capitu
1092 811 1337 883 domabuntur.
1356 813 1448 883 Post-

302 941 352 1006 eo,
375 920 403 986 si
428 917 623 988 denuntians
647 919 859 987 monitionem
895 918 1118 1009 evangelicam
1146 919 1320 1011 praemisit,
1348 919 1448 988 adda-

301 1028 364 1114 tur)
385 1051 393 1093 t
411 1025 457 1094 Et
481 1045 559 1094 cum
582 1025 681 1093 ilium
695 1023 926 1094 admonuerim
951 1039 989 1094 ut
1011 1025 1173 1094 atolibus
1186 1025 1365 1108 desisteret,
1383 1049 1448 1094 non

297 1133 454 1201 absticuit
479 1133 567 1222 (quse
597 1132 698 1200 uerba
721 1132 989 1224 supprimuntur,
1008 1132 1035 1200 si
1057 1133 1230 1224 praemisss
1253 1155 1323 1202 non
1349 1133 1447 1202 fuerit

297 1241 490 1309 thummim
501 1238 666 1329 monitio).
683 1243 763 1308 Horo
777 1239 882 1329 ipitur
894 1237 1063 1320 denuntio,
1079 1261 1147 1308 non
1163 1238 1310 1331 malipno
1333 1253 1448 1308 contra

297 1347 406 1438 ipsum
420 1346 547 1428 animo,
566 1344 623 1414 sed
636 1345 720 1414 bono
749 1345 818 1413 zelo
833 1356 953 1426 motus,
972 1357 1009 1412 ut
1036 1358 1085 1427 tu,
1101 1345 1160 1436 qui
1184 1367 1216 1414 es
1235 1344 1347 1436 judea
1360 1347 1445 1437 ejus,

298 1455 422 1522 animae
451 1453 554 1544 ipsius
581 1452 684 1521 saluti
706 1451 893 1543 provideas,
919 1463 950 1519 et
977 1451 1159 1522 remedium
1188 1450 1348 1520 adhibeas
1375 1453 1449 1521 ionic

298 1561 399 1642 malo,
417 1560 510 1628 omni
526 1558 655 1628 meliori
668 1558 809 1628 modoet
821 1560 933 1649 forma
952 1557 1069 1650 quibus
1085 1558 1145 1626 tibi
1159 1558 1237 1627 bene
1252 1559 1364 1628 visum
1377 1565 1449 1652 sue·

297 1667 353 1742 rit,
369 1679 401 1734 et
415 1689 456 1734 ne
470 1666 532 1734 abii
544 1665 651 1734 simile
665 1664 747 1757 quid
758 1659 961 1732 iommittere
974 1663 1131 1732 audeant.
1143 1703 1188 1716 —
1203 1668 1278 1756 Epo
1292 1667 1448 1734 Francis-

297 1795 353 1840 cus
367 1772 497 1853 Zelata,
527 1795 602 1864 quae
622 1794 724 1864 mrpra
753 1783 863 1854 testor,
882 1785 913 1838 et
939 1793 1043 1839 manu
1053 1772 1195 1863 propria
1210 1772 1391 1842 subscribo.
1408 1812 1449 1825 -

298 1879 489 1948 Franciscus
501 1881 529 1946 Z
530 1878 628 1948 elata.
646 1903 664 1942 r

829 2037 850 2130 g
872 2037 914 2107 11.

530 2193 651 2244 Fon-mule
662 2191 743 2244 libell}
756 2189 860 2256 quondo
874 2189 1035 2243 denuntiatio
1053 2191 1081 2242 ot
1094 2191 1213 2244 virilitor.

346 2400 363 2438 u
381 2374 504 2442 Coram
518 2369 692 2440 reverendo
708 2373 752 2440 N.
775 2369 903 2438 Vicario
927 2370 1075 2460 penerali
1153 2383 1325 2463 comparet
1340 2370 1449 2440 domi-
1503 2439 1504 2448 ,

299 2503 361 2548 nus
373 2482 417 2551 N.
435 2493 466 2548 et
481 2478 560 2547 dicit
575 2505 586 2545 .·
602 2499 738 2570 pravom
758 2476 923 2568 injuriam
942 2477 1005 2545 sibi
1016 2477 1116 2567 [ronse
1129 2477 1262 2546 illatam
1277 2501 1299 2546 a
1314 2477 1448 2546 doncino
1503 2459 1504 2474 ¹

301 2591 344 2657 N.
362 2587 488 2668 clerico,
507 2585 567 2678 qui
586 2584 732 2653 libellum
752 2586 920 2675 famosum
942 2596 1055 2652 contra
1073 2583 1182 2675 ipsum
1206 2585 1403 2676 composuit,
1421 2597 1450 2652 et

301 2693 449 2784 vulpauit
462 2692 545 2782 (sive
559 2714 672 2760 coram
687 2691 780 2760 laicis
793 2690 845 2758 vel
867 2691 987 2759 clericis
1002 2690 1100 2759 verbo
1119 2692 1357 2760 contumeliosa
1372 2715 1450 2760 con-
1502 2691 1503 2736 ¹

302 2800 389 2890 tulit)
420 2827 428 2868 ε
451 2811 654 2890 quopropter
678 2797 775 2864 illum
784 2795 994 2889 judicialiter
1006 2796 1190 2880 denuntiat,
1208 2797 1255 2867 ad
1267 2799 1450 2892 simplioan

302 2921 333 2976 et
352 2928 478 2998 purum
495 2907 611 2995 finem,
637 2916 676 2972 ut
701 2917 839 2995 cupatur
848 2902 1028 2996 pradictus
1055 2906 1097 2974 N.
1116 2903 1285 2974 restituere
1302 2908 1448 2998 samam,
1501 2951 1502 2999 ,

301 3015 367 3082 sive
382 3035 451 3081 rem
475 3011 639 3080 ablatam.
656 3013 703 3079 Et
716 3010 789 3080 ideo
798 3007 1006 3102 protestatur
1020 3010 1108 3080 idern
1128 3011 1339 3096 denundans,
1363 3015 1452 3106 quod

297 3143 362 3214 pro
378 3142 491 3187 amore
505 3119 567 3187 Dei
580 3117 746 3210 injuriam
758 3129 929 3208 ‘acceptam
944 3117 1119 3199 condonat,
1137 3140 1193 3186 uec
1213 3120 1284 3188 vult
1308 3135 1374 3190 aut
1400 3124 1450 3190 in-

302 3226 407 3297 tendit
419 3225 693 3318 quodpradietus
706 3228 763 3306 N.,
785 3225 843 3316 qui
857 3225 1044 3316 injuriavit,
1066 3226 1180 3317 aliqua
1188 3249 1293 3319 poena
1313 3251 1372 3298 nec
1384 3253 1449 3321 pu·

305 3336 383 3404 blice
410 3356 468 3402 neo
486 3334 617 3424 private
638 3332 817 3424 afficiatur,
843 3332 900 3401 sed
918 3333 1026 3402 solum
1048 3332 1207 3402 damnum
1231 3335 1296 3403 sibi
1316 3335 1449 3404 illatm

304 3440 459 3509 resarcire
484 3439 711 3531 compellatur.
740 3440 842 3506 Testes
865 3461 939 3506 vero
962 3439 996 3506 in
1017 3439 1078 3506 boc
1104 3439 1164 3508 dat
1185 3443 1229 3512 N.
1247 3454 1280 3509 et
1306 3445 1352 3513 N.
1380 3448 1449 3512 Da·

305 3562 388 3629 tum,
406 3555 468 3615 eto.
485 3549 618 3636 -Epo
634 3547 678 3614 N.
696 3543 854 3615 denuntio
868 3559 1067 3638 utsupra.»

822 3787 927 3888 ξω.

505 3943 718 3996 Formulsllbelli
730 3945 834 4011 quando
849 3949 1002 4000 denuntians
1019 3951 1104 4002 nescit
1119 3951 1243 4002 scribere.
1495 3859 1498 4078 J

352 4154 369 4191 ··‹
386 4129 424 4194 In
441 4125 574 4193 nomine
588 4126 733 4195 Domini.
759 4131 874 4197 Amen.
893 4167 935 4182 -
952 4129 1013 4198 Die
1086 4133 1203 4200 mensis
1275 4130 1444 4224 presentis

295 4234 398 4314 aunt,
414 4255 526 4301 coram
547 4233 719 4302 reverurdo
737 4238 794 4316 N.,
811 4237 1069 4307 reverendissimi
1083 4239 1240 4329 Episcopi
1254 4243 1297 4308 N.
1322 4239 1442 4308 Vicario
