3050 4984
1289 19 1436 125 Ἶ-

319 397 381 464 530
688 418 865 467 reserares
885 417 924 466 nn
946 415 1079 470 snorcus.

310 537 390 629 fecit
404 560 457 606 me
468 537 718 632 infrascriptum
732 540 768 608 in
783 539 921 610 domum
942 561 1051 623 suam,
1068 551 1099 608 et
1111 559 1224 608 coram
1235 537 1453 631 infrascriptis

313 668 367 717 me
381 646 551 715 notorium
570 647 767 717 anctoritate
786 647 962 740 episcopali
984 659 1133 716 creatum
1153 647 1366 726 renuntiavit,
1396 669 1455 737 per

312 752 544 822 exhibitionem
560 754 761 845 juramenti,
780 755 869 846 qnod
881 767 912 823 et
919 755 1075 848 prestiti,
1094 753 1213 823 adhoc
1236 765 1275 822 ut
1289 753 1454 843 lepitimus

312 859 418 928 scriba
430 861 482 929 itti
492 861 528 928 in
543 861 606 930 doc
618 883 716 930 cansa
728 862 929 932 irtseroirem.
946 866 1027 931 Acta
1040 874 1117 931 snnt
1128 862 1238 931 brec...
1250 898 1294 913 -
1304 864 1381 951 Epo
1396 863 1452 944 N„

312 967 553 1036 commissarius
566 967 746 1060 delepotns.
762 1008 808 1024 -
820 972 894 1061 Epo
910 972 954 1043 N.
977 969 1032 1062 sni
1047 969 1146 1039 testis.
1174 1007 1220 1023 -
1240 972 1314 1061 Epo
1340 969 1386 1040 N.
1405 968 1456 1060 fui

312 1074 411 1144 testis.
430 1115 474 1128 -
487 1079 560 1166 Epo
575 1079 612 1148 N
612 1129 635 1160 .,
651 1077 831 1148 actuarius.

358 1212 376 1253 a
396 1187 633 1276 consequenter
646 1197 780 1255 oocotns
790 1185 858 1278 ficit
869 1187 1034 1278 prefatos
1046 1183 1199 1255 dominns
1212 1188 1249 1259 N
1247 1209 1280 1268 .;
1293 1197 1327 1254 ct
1341 1206 1452 1253 coram

311 1317 364 1364 me
390 1317 413 1362 a
436 1291 570 1362 domino
599 1297 643 1368 N.
671 1293 897 1363 commissario
924 1292 1072 1385 delepato
1096 1293 1329 1384 interropatns,
1357 1317 1452 1384 snper

305 1402 419 1496 primo
442 1401 593 1483 articulo,
611 1399 778 1493 respondit
782 1453 848 1470 .....
871 1403 981 1491 Super
1004 1399 1152 1483 sectetdo,
1173 1399 1339 1494 respondit
1342 1452 1408 1469 .....
1432 1426 1447 1464 ι

312 1510 426 1578 Postea
446 1516 586 1600 ponatur
606 1508 763 1596 clausula,
786 1507 905 1601 quibus
918 1506 1038 1576 habitis
1054 1559 1106 1590 ...,
1124 1529 1190 1600 qua
1204 1505 1286 1576 solet
1304 1507 1451 1576 concludi

311 1615 478 1708 quodlibet
490 1637 628 1684 examen
643 1616 787 1702 testium,
807 1623 840 1685 et
853 1637 951 1708 quam
965 1613 1064 1684 habes
1082 1614 1180 1683 infra.
1197 1615 1240 1683 Et
1253 1636 1394 1684 examen
1408 1615 1451 1681 si-

311 1723 461 1814 gillatum
474 1723 517 1791 ad
527 1721 675 1815 jndicem
690 1723 748 1814 qui
760 1719 1033 1792 commissionales
1048 1719 1139 1790 dedit
1151 1720 1403 1790 transmittetur.

751 2005 895 2078 CAPUT
915 2005 1006 2076 XVI.

366 2203 472 2252 ronna
494 2203 679 2252 eeomoaunr
700 2202 820 2251 conam
842 2188 972 2267 rnsrnu,
997 2201 1050 2256 our
1072 2199 1197 2248 merus
1218 2201 1400 2250 contemne

808 2311 953 2358 accuser.

351 2477 587 2549 Prenotanda.
600 2515 644 2530 —
653 2475 897 2548 Attendendum
912 2484 960 2546 est
973 2475 1014 2545 ad
1032 2476 1165 2545 modum
1180 2499 1246 2569 quo
1259 2478 1379 2546 citatus
1393 2479 1449 2548 tuit
1498 2555 1499 2561 ἵ

307 2585 421 2655 testis:
441 2586 495 2656 vel
510 2587 598 2656 enim
617 2585 648 2655 ei
666 2585 816 2654 intimata
837 2583 900 2652 tuit
921 2584 1062 2676 simplex
1084 2583 1192 2653 citatio
1214 2585 1380 2678 juridica;
1402 2587 1448 2656 uel
1497 2637 1498 2657 .

304 2691 412 2762 citatio
427 2695 595 2762 continens
610 2693 709 2761 simul
727 2692 953 2774 monitorium,
976 2691 1011 2760 id
1030 2700 1090 2778 est,
1106 2687 1374 2781 declarationem,
1391 2715 1448 2786 qua

302 2801 502 2894 judeaeam
523 2801 675 2870 monebat
702 2822 736 2867 se
758 2807 871 2868 contra
892 2799 999 2890 ipsum
1019 2809 1056 2868 ut
1078 2809 1304 2870 contumacem
1323 2824 1446 2893 proces-

304 2930 439 2995 surum,
468 2907 532 2976 nisi
565 2907 652 2974 intra
681 2905 883 2996 assignatum
917 2907 1097 2975 terminum
1131 2907 1381 2998 comparuisset.
1412 2907 1447 2976 Et

301 3014 433 3101 iterum,
455 3014 508 3082 vel
529 3013 743 3082 monitorium
765 3012 800 3079 in
823 3012 972 3081 citatione
995 3033 1199 3105 expressum,
1226 3011 1446 3082 declarabatur

302 3119 407 3189 tribus
420 3120 633 3211 aequivalere5
651 3118 702 3188 vel
718 3140 796 3187 non.
821 3119 858 3186 Si
872 3119 907 3187 in
926 3119 1077 3188 citatione
1098 3119 1242 3210 positum
1255 3118 1320 3187 luit
1340 3121 1445 3189 moni-

301 3227 423 3295 torium
442 3226 548 3295 tribus
570 3225 783 3317 equivalens,
808 3233 913 3317 potest
942 3226 1049 3294 statim
1068 3225 1171 3315 judex
1195 3225 1238 3293 ad
1261 3227 1447 3295 sententian

302 3331 474 3420 devenire,
498 3341 532 3402 et
565 3332 934 3402 excommunicationem
961 3332 1016 3401 vel
1045 3333 1309 3424 suspensionem,
1333 3335 1446 3403 aliasve

301 3461 416 3532 peenas
433 3440 469 3508 in
488 3449 713 3510 contumacem
733 3440 918 3510 decernere.
942 3437 978 3508 Si
1000 3439 1143 3532 positum
1161 3440 1196 3507 in
1216 3439 1369 3510 citatione
1393 3441 1446 3509 fnit

302 3547 527 3629 monitorium,
549 3547 606 3616 sed
620 3547 743 3638 absque
758 3546 976 3616 declaratione
994 3546 1081 3638 quod
1103 3546 1209 3616 tribus
1228 3549 1443 3639 aequivalere,

303 3653 432 3723 duobus
459 3652 531 3722 aliis
556 3653 738 3722 monitoriis
767 3653 935 3742 urgendus
958 3665 1006 3721 est
1030 3652 1139 3739 testis,
1167 3653 1220 3721 vel
1248 3654 1366 3724 saltem
1387 3677 1445 3723 uuo

303 3759 392 3852 quod
407 3759 535 3828 duobus
551 3760 748 3852 aequivalere
768 3759 960 3829 declaretur.
983 3759 1024 3827 Et
1041 3759 1174 3828 tandem
1192 3760 1221 3828 si
1239 3761 1443 3832 monitorium

303 3888 510 3958 nequaquam
535 3867 695 3935 continuit
718 3867 844 3956 citatio,
874 3866 1019 3935 iacienda
1043 3874 1091 3934 est
1116 3867 1201 3934 trina
1226 3867 1377 3956 monitio,
1401 3865 1441 3936 vel
1477 3915 1478 3918 η

304 3995 372 4042 una
390 3996 466 4064 qnae
489 3973 593 4042 tribus
617 3973 815 4064 aequivalere
838 3973 1029 4043 declaretur.
1054 3973 1115 4042 Hic
1143 3975 1197 4064 (ne
1218 3975 1289 4044 ulle
1310 3975 1443 4046 formula

304 4081 484 4149 necessaria
497 4080 592 4170 desit)
608 4103 830 4171 supponemus
851 4083 924 4149 testi
943 4081 1129 4152 intimatam
1149 4081 1250 4150 luisse
1271 4083 1439 4175 simplicem

304 4188 488 4257 citationem
509 4189 697 4278 juridicam,
722 4189 791 4255 vim
814 4187 979 4256 monitocii
999 4209 1066 4255 non
1089 4187 1286 4274 hebentem3
1309 4201 1341 4258 et
1355 4191 1439 4260 exbi-
