3050 4984
568 521 643 571 rrns
669 522 817 570 secunus.
1194 503 1255 570 itt

118 663 137 706 c
160 639 306 713 volentes
328 639 517 732 habitarint,
532 641 587 714 rel
611 643 757 713 habitent
780 642 820 712 de
847 643 1012 736 presenti.
1036 645 1120 714 Item
1133 665 1177 714 en
1190 643 1259 736 ipse

120 772 138 814 e
162 749 251 817 testis
261 750 340 819 sciet
352 749 497 844 aliquem
511 773 555 821 ex
570 750 738 843 predictis
751 751 942 820 contrahere
958 751 1142 822 volentibus
1156 775 1261 844 quan-

121 881 140 922 «
162 854 269 949 doque
284 855 437 927 babuisse
449 880 591 928 uxorem
618 859 670 928 vel
698 857 870 947 maritum,
891 866 948 928 eut
961 857 1146 950 professum
1162 861 1262 932 fuisse

120 987 138 1029 u
162 963 196 1031 in
212 965 323 1057 ulique
335 963 494 1056 religione
507 965 698 1058 approbate,
713 965 767 1034 vel
782 965 961 1057 suscepisse
985 965 1128 1059 aliquem
1142 990 1184 1038 ex
1202 992 1262 1039 or-

119 1094 139 1137 «
162 1068 295 1141 dinibus
308 1073 421 1156 saeris,
436 1071 708 1142 subdiaconatum
722 1072 854 1154 scilicet,
870 1071 1091 1161 diaconatum,
1105 1075 1158 1145 vel
1170 1097 1263 1167 pres-

120 1176 365 1270 ubyterstnm3
392 1179 444 1249 vel
467 1178 589 1248 hebere
612 1179 703 1248 uliud
726 1179 1017 1271 impedimentum,
1041 1203 1082 1252 ex
1108 1205 1174 1276 quo
1195 1206 1262 1254 non

119 1309 137 1348 u
161 1285 263 1376 possit
275 1285 425 1355 contrahi
440 1285 699 1356 matrimonium.
725 1325 771 1340 -
785 1287 821 1356 Si
837 1309 916 1356 vero
931 1288 1022 1356 testis
1040 1289 1259 1380 responderit,

119 1417 138 1458 r
161 1415 230 1462 non
244 1393 396 1463 hshuisse
411 1415 550 1464 uxorem
564 1393 618 1465 vel
631 1394 801 1482 meritum,
818 1417 924 1488 neque
935 1394 1025 1464 eliud
1041 1395 1262 1488 impedimen-

119 1524 138 1566 α
159 1507 233 1570 tum
247 1509 285 1571 ut
298 1524 410 1594 supra,

165 1633 182 1674 α
200 1613 233 1678 9⁰
247 1610 469 1701 interrogetur
483 1609 524 1680 de
537 1631 633 1680 csuss
648 1610 807 1697 scientie,
824 1617 856 1679 et
876 1632 918 1680 en
934 1610 977 1680 sit
990 1611 1154 1703 possibile,
1171 1613 1260 1705 quod

118 1741 138 1784 u
160 1717 280 1810 uliquis
294 1741 336 1787 ex
350 1718 416 1786 illis
440 1718 593 1788 hebuerit
607 1739 747 1788 uxorem
760 1716 814 1786 rel
831 1718 1003 1805 meritum,
1020 1718 1073 1788 vel
1086 1718 1176 1788 eliud
1191 1721 1259 1788 im-

119 1849 138 1889 u
161 1824 401 1916 pedimentum,
418 1833 451 1896 et
466 1825 555 1918 quod
566 1825 636 1919 ipse
649 1824 885 1895 testisnescist.
902 1824 938 1893 Si
954 1825 1158 1918 responderit
1171 1827 1261 1898 affir-

120 1956 138 1998 α
161 1933 294 2022 metire,
309 1933 570 2026 supersedeatur,
587 1933 707 2002 nisiex
722 1933 795 2002 eliis
809 1932 946 2002 testibus
960 1933 1116 2024 probetur
1129 1936 1262 2005 conclu-

118 2066 138 2106 «
161 2041 276 2112 denter
288 2065 355 2112 non
380 2043 532 2112 habuisse
546 2063 686 2111 uxorem
709 2041 764 2111 vel
780 2041 950 2128 meritum,
969 2063 1074 2134 neque
1087 2041 1177 2112 eliud
1193 2045 1261 2114 im-

119 2173 138 2214 s
160 2149 398 2240 pedimentum.
413 2149 449 2219 Si
465 2171 544 2220 vero
556 2147 760 2240 responderit
773 2148 936 2238 negative,

164 2259 254 2324 «10⁰
270 2257 492 2348 interrogetur
517 2257 558 2325 de
573 2277 669 2326 censs
690 2255 847 2342 scientim,
864 2278 906 2325 ex
928 2277 994 2348 qus
1016 2255 1136 2328 deinde
1154 2259 1260 2351 judex

119 2388 137 2432 c
160 2362 312 2455 colligere
326 2364 444 2456 poterit
459 2385 502 2432 en
518 2364 591 2432 testi
613 2363 656 2432 sit
670 2361 779 2433 dende
795 2363 886 2432 fides.
914 2362 951 2433 Si
964 2364 1166 2455 responderit
1181 2389 1261 2437 con-

119 2471 290 2541 «trshere
317 2472 462 2542 volentes
489 2470 642 2541 habuisse
666 2493 805 2543 uxorem
831 2471 884 2542 vel
911 2472 1083 2562 meritum,
1108 2473 1164 2543 sed
1190 2497 1260 2546 esse

119 2605 138 2646 u
161 2587 320 2668 mortuos,

165 2713 183 2754 u
209 2691 264 2756 11·
290 2689 511 2777 lnterrogetur
534 2686 576 2755 dc
600 2686 671 2755 loco
695 2696 728 2755 et
746 2696 892 2778 tempere
907 2709 973 2779 quo
988 2696 1063 2756 sunt
1078 2689 1211 2778 mortui,
1228 2699 1261 2760 st

118 2822 137 2863 c
161 2795 327 2888 quomodo
340 2794 409 2888 ipsc
422 2794 512 2864 testis
524 2794 605 2863 sciet
619 2793 903 2885 luisseconjuges,
921 2802 953 2864 et
968 2817 1056 2863 nunc
1075 2817 1144 2864 esse
1163 2821 1258 2868 mor-

119 2927 138 2969 «
161 2910 245 2972 tuos.
261 2903 303 2972 Et
316 2903 345 2971 si
357 2900 560 2993 responderit
576 2907 721 2971 mortuos
734 2899 836 2970 fuisse
847 2901 882 2969 in
893 2900 1057 2992 hospitali,
1073 2904 1126 2972 vel
1138 2903 1259 2974 vidisse

118 3037 137 3076 s
160 3009 289 3102 sepeliri
303 3009 339 3079 in
352 3016 438 3076 certe
451 3007 596 3094 ecclesie,
613 3007 666 3078 vel
681 3008 848 3078 occasione
863 3006 987 3076 militie
1004 3009 1147 3101 sepultos
1159 3012 1260 3082 fuisse

117 3143 136 3183 u
159 3141 180 3186 e
195 3117 365 3204 militibus,
380 3137 449 3184 non
459 3114 555 3184 detur
569 3114 698 3184 licentia
710 3115 936 3202 contrahendi,
950 3115 1014 3184 nisi
1026 3117 1117 3208 prius
1132 3129 1259 3212 recepto

117 3223 344 3294 «testimonio
363 3221 550 3292 authentico
570 3245 591 3290 s
615 3231 739 3291 rectore
762 3221 941 3314 hospitalis,
968 3223 1004 3289 in
1028 3246 1095 3315 quo
1114 3227 1260 3318 predicti

116 3358 137 3399 c
159 3330 448 3424 predecessorunt,
465 3329 518 3400 vel
531 3352 550 3398 s
561 3338 685 3398 rectore
695 3328 839 3399 ecclesie
854 3330 889 3396 in
900 3350 966 3420 qua
976 3329 1112 3400 humsts
1126 3332 1261 3403 fuerunt

117 3466 137 3506 c
159 3461 273 3510 eornm
288 3438 457 3526 csdsvers,
473 3436 538 3524 vel,
556 3436 584 3504 si
598 3435 671 3504 fieri
681 3443 798 3528 potest,
815 3436 935 3505 eDuce
949 3436 1040 3505 illius
1053 3437 1207 3528 cohortis,
1225 3442 1259 3509 in

117 3573 137 3616 u
159 3571 225 3640 qus
235 3545 417 3638 descriptus
430 3553 500 3614 erut
509 3543 614 3612 miles.
632 3543 669 3612 Si
682 3551 792 3612 umen
806 3541 996 3634 hujusmodi
1005 3545 1192 3615 testimonie
1199 3547 1260 3617 he·

118 3683 137 3722 u
159 3654 230 3724 heri
245 3675 312 3723 non
327 3660 475 3745 possunt,
491 3650 591 3720 Secrs
604 3649 824 3740 Congregatio
838 3671 905 3718 non
921 3650 1060 3720 intendit
1086 3652 1259 3724 excludere

117 3788 137 3829 u
159 3762 241 3832 nlius
262 3760 482 3853 probationes,
499 3780 574 3850 que
600 3758 641 3826 de
665 3758 741 3848 jure
770 3757 938 3826 communi
957 3767 1093 3850 possunt
1118 3759 1258 3851 admitti,

118 3895 137 3937 c
159 3868 239 3938 dum
254 3866 351 3938 modo
364 3867 430 3935 sint
443 3865 599 3956 legitime
613 3871 647 3933 et
659 3862 864 3934 sufficientes.

162 3979 251 4046 «12ο
265 3975 500 4064 interrogetur,
514 3993 557 4041 en
570 3979 643 4064 post
660 3979 802 4040 mortem
827 3970 904 4039 dicti
923 3970 1072 4062 conjugis
1098 3972 1256 4064 defuncti,

117 4110 136 4152 c
158 4083 277 4175 aliquis
304 4104 346 4151 ex
372 4079 537 4174 predictis
552 4077 743 4150 contrahere
763 4077 950 4148 volentibus
965 4077 1130 4149 transierit
1143 4081 1185 4150 ed
1201 4105 1257 4152 se-

116 4219 135 4261 u
157 4191 266 4262 eunde
277 4200 364 4259 vote.
380 4188 418 4259 Si
432 4186 636 4280 responderit
649 4187 812 4277 negative,

163 4326 182 4368 c
200 4302 255 4368 tr
268 4299 490 4386 lnterrogetur
504 4316 548 4365 en
562 4317 632 4364 esse
650 4294 764 4386 possit,
775 4293 862 4385 quod
876 4292 995 4385 aliquis
1009 4315 1052 4366 ex
1070 4293 1137 4366 illis
1150 4305 1259 4370 truns-
