<?xml version="1.0" encoding="UTF-8"?>
<!DOCTYPE html PUBLIC "-//W3C//DTD XHTML 1.0 Transitional//EN"
    "http://www.w3.org/TR/xhtml1/DTD/xhtml1-transitional.dtd">
<html xmlns="http://www.w3.org/1999/xhtml" xml:lang="en" lang="en">
 <head>
  <title>
</title>
<meta http-equiv="Content-Type" content="text/html;charset=utf-8" />
  <meta name='ocr-system' content='tesseract 3.04.00' />
  <meta name='ocr-capabilities' content='ocr_page ocr_carea ocr_par ocr_line ocrx_word'/>
</head>
<body>
  <div class='ocr_page' id='page_1' title='image "./tractatusdejudi00goog_0551.png"; bbox 0 0 3050 4984; ppageno 0'>
   <div class='ocr_carea' id='block_1_1' title="bbox 539 443 1226 510">
    <p class='ocr_par' dir='ltr' id='par_1_1' title="bbox 539 443 1226 510">
     <span class='ocr_line' id='line_1_1' title="bbox 539 443 1226 510; baseline 0.001 -2"><span class='ocrx_word' id='word_1_1' title='bbox 539 460 615 510; x_wconf 76' lang='lat' dir='ltr'><strong>rnus</strong></span> <span class='ocrx_word' id='word_1_2' title='bbox 636 461 782 509; x_wconf 76' lang='lat' dir='ltr'><strong>sacuam.</strong></span> <span class='ocrx_word' id='word_1_3' title='bbox 1165 443 1226 509; x_wconf 78' lang='lat' dir='ltr'><strong>stt</strong></span> 
     </span>
    </p>
   </div>
   <div class='ocr_carea' id='block_1_2' title="bbox 87 579 1230 987">
    <p class='ocr_par' dir='ltr' id='par_1_2' title="bbox 87 579 1230 987">
     <span class='ocr_line' id='line_1_2' title="bbox 87 579 1228 663; baseline 0.006 -21"><span class='ocrx_word' id='word_1_4' title='bbox 87 579 148 662; x_wconf 82' lang='lat' dir='ltr'><strong>qui</strong></span> <span class='ocrx_word' id='word_1_5' title='bbox 163 597 230 644; x_wconf 81' lang='lat' dir='ltr'><strong>non</strong></span> <span class='ocrx_word' id='word_1_6' title='bbox 245 582 387 647; x_wconf 82' lang='lat' dir='ltr'><strong>muttum</strong></span> <span class='ocrx_word' id='word_1_7' title='bbox 400 581 582 648; x_wconf 77' lang='lat' dir='ltr'><em>deliberans</em></span> <span class='ocrx_word' id='word_1_8' title='bbox 603 585 751 648; x_wconf 79' lang='lat' dir='ltr'><strong>eatreeit</strong></span> <span class='ocrx_word' id='word_1_9' title='bbox 764 600 868 647; x_wconf 83' lang='lat' dir='ltr'><strong>unrrm</strong></span> <span class='ocrx_word' id='word_1_10' title='bbox 884 582 1002 663; x_wconf 73' lang='lat' dir='ltr'><strong>solium</strong></span> <span class='ocrx_word' id='word_1_11' title='bbox 1017 582 1124 648; x_wconf 83' lang='lat' dir='ltr'><strong>dicens</strong></span> <span class='ocrx_word' id='word_1_12' title='bbox 1138 601 1150 648; x_wconf 88' lang='lat'><em>:</em></span> <span class='ocrx_word' id='word_1_13' title='bbox 1162 583 1228 649; x_wconf 74' lang='lat' dir='ltr'><strong>itae</strong></span> 
     </span>
     <span class='ocr_line' id='line_1_3' title="bbox 88 689 1228 774; baseline 0.009 -27"><span class='ocrx_word' id='word_1_14' title='bbox 88 695 137 750; x_wconf 85' lang='lat' dir='ltr'><strong>est</strong></span> <span class='ocrx_word' id='word_1_15' title='bbox 147 689 311 770; x_wconf 81' lang='lat' dir='ltr'><strong>scripturn</strong></span> <span class='ocrx_word' id='word_1_16' title='bbox 331 689 458 754; x_wconf 84' lang='lat' dir='ltr'><strong>domini</strong></span> <span class='ocrx_word' id='word_1_17' title='bbox 471 691 609 757; x_wconf 79' lang='lat' dir='ltr'><strong>Andreee</strong></span> <span class='ocrx_word' id='word_1_18' title='bbox 623 692 664 759; x_wconf 99' lang='grc' dir='ltr'><strong>Ν.</strong></span> <span class='ocrx_word' id='word_1_19' title='bbox 675 741 685 771; x_wconf 89' lang='grc'><strong><em>,</em></strong></span> <span class='ocrx_word' id='word_1_20' title='bbox 696 697 796 774; x_wconf 85' lang='lat' dir='ltr'><strong>prout</strong></span> <span class='ocrx_word' id='word_1_21' title='bbox 817 691 916 754; x_wconf 84' lang='lat' dir='ltr'><strong>etiem</strong></span> <span class='ocrx_word' id='word_1_22' title='bbox 931 699 1013 753; x_wconf 86' lang='lat' dir='ltr'><strong>erat.</strong></span> <span class='ocrx_word' id='word_1_23' title='bbox 1031 690 1155 771; x_wconf 84' lang='lat' dir='ltr'><strong>Quibus</strong></span> <span class='ocrx_word' id='word_1_24' title='bbox 1168 692 1228 756; x_wconf 81' lang='lat' dir='ltr'><strong>ize-</strong></span> 
     </span>
     <span class='ocr_line' id='line_1_4' title="bbox 89 792 1230 882; baseline 0.008 -28"><span class='ocrx_word' id='word_1_25' title='bbox 89 792 175 871; x_wconf 86' lang='lat' dir='ltr'><strong>bitis,</strong></span> <span class='ocrx_word' id='word_1_26' title='bbox 191 802 223 859; x_wconf 88' lang='lat' dir='ltr'><strong>et</strong></span> <span class='ocrx_word' id='word_1_27' title='bbox 234 797 265 858; x_wconf 87' lang='lat' dir='ltr'><strong>si</strong></span> <span class='ocrx_word' id='word_1_28' title='bbox 275 797 524 880; x_wconf 74' lang='lat' dir='ltr'><strong>alioquentem</strong></span> <span class='ocrx_word' id='word_1_29' title='bbox 538 799 711 882; x_wconf 86' lang='lat' dir='ltr'><strong>acceptetis</strong></span> <span class='ocrx_word' id='word_1_30' title='bbox 778 798 822 878; x_wconf 87' lang='lat' dir='ltr'><strong>(et</strong></span> <span class='ocrx_word' id='word_1_31' title='bbox 842 797 973 879; x_wconf 89' lang='lat' dir='ltr'><strong>ponitur</strong></span> <span class='ocrx_word' id='word_1_32' title='bbox 986 797 1130 862; x_wconf 84' lang='lat' dir='ltr'><strong>clausula</strong></span> <span class='ocrx_word' id='word_1_33' title='bbox 1144 800 1230 863; x_wconf 87' lang='lat' dir='ltr'><strong>utin</strong></span> 
     </span>
     <span class='ocr_line' id='line_1_5' title="bbox 88 902 710 987; baseline 0.005 -25"><span class='ocrx_word' id='word_1_34' title='bbox 88 902 250 982; x_wconf 78' lang='lat' dir='ltr'><strong>superiori</strong></span> <span class='ocrx_word' id='word_1_35' title='bbox 264 905 471 987; x_wconf 82' lang='lat' dir='ltr'><strong>paragrapho</strong></span> <span class='ocrx_word' id='word_1_36' title='bbox 484 923 622 970; x_wconf 84' lang='lat' dir='ltr'><strong>numero</strong></span> <span class='ocrx_word' id='word_1_37' title='bbox 636 909 679 983; x_wconf 83' lang='grc'><strong>4).</strong></span> <span class='ocrx_word' id='word_1_38' title='bbox 695 928 710 965; x_wconf 80' lang='lat' dir='ltr'><strong>s</strong></span> 
     </span>
    </p>
   </div>
   <div class='ocr_carea' id='block_1_3' title="bbox 85 1044 1230 1780">
    <p class='ocr_par' dir='ltr' id='par_1_3' title="bbox 85 1044 1230 1780">
     <span class='ocr_line' id='line_1_6' title="bbox 132 1044 1229 1140; baseline 0.003 -27"><span class='ocrx_word' id='word_1_39' title='bbox 132 1044 255 1114; x_wconf 83' lang='lat' dir='ltr'><strong>Eodem</strong></span> <span class='ocrx_word' id='word_1_40' title='bbox 275 1047 373 1116; x_wconf 87' lang='lat' dir='ltr'><strong>modo</strong></span> <span class='ocrx_word' id='word_1_41' title='bbox 393 1049 600 1117; x_wconf 77' lang='lat' dir='ltr'><strong>examinatur</strong></span> <span class='ocrx_word' id='word_1_42' title='bbox 615 1049 697 1117; x_wconf 90' lang='lat' dir='ltr'><strong>alter</strong></span> <span class='ocrx_word' id='word_1_43' title='bbox 719 1049 819 1117; x_wconf 86' lang='lat' dir='ltr'><strong>testis.</strong></span> <span class='ocrx_word' id='word_1_44' title='bbox 842 1047 958 1116; x_wconf 87' lang='lat' dir='ltr'><strong>Postea</strong></span> <span class='ocrx_word' id='word_1_45' title='bbox 973 1049 1011 1116; x_wconf 88' lang='lat' dir='ltr'><strong>tit</strong></span> <span class='ocrx_word' id='word_1_46' title='bbox 1024 1048 1229 1140; x_wconf 84' lang='lat' dir='ltr'><strong>comparatio</strong></span> 
     </span>
     <span class='ocr_line' id='line_1_7' title="bbox 87 1150 1229 1247; baseline 0.004 -28"><span class='ocrx_word' id='word_1_47' title='bbox 87 1150 275 1222; x_wconf 84' lang='lat' dir='ltr'><strong>litterarum</strong></span> <span class='ocrx_word' id='word_1_48' title='bbox 281 1179 294 1237; x_wconf 86' lang='lat'><strong>‚·</strong></span> <span class='ocrx_word' id='word_1_49' title='bbox 311 1177 385 1247; x_wconf 79' lang='lat' dir='ltr'><strong>quae</strong></span> <span class='ocrx_word' id='word_1_50' title='bbox 403 1156 440 1224; x_wconf 92' lang='lat' dir='ltr'><strong>in</strong></span> <span class='ocrx_word' id='word_1_51' title='bbox 463 1178 502 1224; x_wconf 87' lang='lat' dir='ltr'><strong>eo</strong></span> <span class='ocrx_word' id='word_1_52' title='bbox 521 1156 667 1226; x_wconf 76' lang='lat' dir='ltr'>consistit</span> <span class='ocrx_word' id='word_1_53' title='bbox 687 1155 842 1224; x_wconf 76' lang='lat' dir='ltr'><strong>nivaria</strong></span> <span class='ocrx_word' id='word_1_54' title='bbox 857 1155 1028 1247; x_wconf 73' lang='lat' dir='ltr'><strong>scriptura</strong></span> <span class='ocrx_word' id='word_1_55' title='bbox 1049 1176 1124 1247; x_wconf 70' lang='lat' dir='ltr'><strong>quas</strong></span> <span class='ocrx_word' id='word_1_56' title='bbox 1143 1162 1229 1224; x_wconf 88' lang='lat' dir='ltr'><strong>certo</strong></span> 
     </span>
     <span class='ocr_line' id='line_1_8' title="bbox 86 1261 1229 1356; baseline 0.005 -31"><span class='ocrx_word' id='word_1_57' title='bbox 86 1268 166 1327; x_wconf 90' lang='lat' dir='ltr'><strong>sunt</strong></span> <span class='ocrx_word' id='word_1_58' title='bbox 184 1261 313 1353; x_wconf 70' lang='lat' dir='ltr'><strong>scripta</strong></span> <span class='ocrx_word' id='word_1_59' title='bbox 329 1284 430 1332; x_wconf 89' lang='lat' dir='ltr'><strong>manu</strong></span> <span class='ocrx_word' id='word_1_60' title='bbox 446 1263 507 1351; x_wconf 86' lang='lat' dir='ltr'><strong>rei,</strong></span> <span class='ocrx_word' id='word_1_61' title='bbox 528 1263 738 1356; x_wconf 83' lang='lat' dir='ltr'><strong>conferantur</strong></span> <span class='ocrx_word' id='word_1_62' title='bbox 753 1285 829 1331; x_wconf 92' lang='lat' dir='ltr'><strong>cum</strong></span> <span class='ocrx_word' id='word_1_63' title='bbox 848 1261 905 1330; x_wconf 90' lang='lat' dir='ltr'><strong>illa</strong></span> <span class='ocrx_word' id='word_1_64' title='bbox 929 1261 1090 1354; x_wconf 89' lang='lat' dir='ltr'><strong>scriptura</strong></span> <span class='ocrx_word' id='word_1_65' title='bbox 1109 1261 1149 1331; x_wconf 90' lang='lat' dir='ltr'><strong>de</strong></span> <span class='ocrx_word' id='word_1_66' title='bbox 1164 1285 1229 1355; x_wconf 92' lang='lat' dir='ltr'><strong>qua</strong></span> 
     </span>
     <span class='ocr_line' id='line_1_9' title="bbox 87 1367 1230 1464; baseline 0.003 -31"><span class='ocrx_word' id='word_1_67' title='bbox 87 1373 138 1434; x_wconf 88' lang='lat' dir='ltr'><strong>est</strong></span> <span class='ocrx_word' id='word_1_68' title='bbox 157 1368 306 1458; x_wconf 86' lang='lat' dir='ltr'><strong>qnaestio.</strong></span> <span class='ocrx_word' id='word_1_69' title='bbox 327 1369 393 1439; x_wconf 90' lang='lat' dir='ltr'><strong>Pro</strong></span> <span class='ocrx_word' id='word_1_70' title='bbox 415 1393 480 1462; x_wconf 90' lang='lat' dir='ltr'><strong>quo</strong></span> <span class='ocrx_word' id='word_1_71' title='bbox 501 1369 699 1464; x_wconf 88' lang='lat' dir='ltr'><strong>deputantur</strong></span> <span class='ocrx_word' id='word_1_72' title='bbox 717 1370 783 1439; x_wconf 91' lang='lat' dir='ltr'><strong>duo</strong></span> <span class='ocrx_word' id='word_1_73' title='bbox 802 1375 949 1461; x_wconf 85' lang='lat' dir='ltr'><strong>expertes</strong></span> <span class='ocrx_word' id='word_1_74' title='bbox 963 1369 1042 1456; x_wconf 84' lang='lat' dir='ltr'><strong>riri,</strong></span> <span class='ocrx_word' id='word_1_75' title='bbox 1059 1369 1117 1462; x_wconf 90' lang='lat' dir='ltr'><strong>qui</strong></span> <span class='ocrx_word' id='word_1_76' title='bbox 1137 1367 1230 1461; x_wconf 89' lang='lat' dir='ltr'><strong>judi-</strong></span> 
     </span>
     <span class='ocr_line' id='line_1_10' title="bbox 87 1473 1228 1570; baseline 0.005 -30"><span class='ocrx_word' id='word_1_77' title='bbox 87 1473 176 1542; x_wconf 86' lang='lat' dir='ltr'><strong>cium</strong></span> <span class='ocrx_word' id='word_1_78' title='bbox 189 1498 286 1544; x_wconf 91' lang='lat' dir='ltr'><strong>suum</strong></span> <span class='ocrx_word' id='word_1_79' title='bbox 303 1476 342 1545; x_wconf 90' lang='lat' dir='ltr'><strong>de</strong></span> <span class='ocrx_word' id='word_1_80' title='bbox 355 1476 522 1570; x_wconf 81' lang='lat' dir='ltr'><strong>identitate</strong></span> <span class='ocrx_word' id='word_1_81' title='bbox 531 1477 584 1547; x_wconf 82' lang='lat' dir='ltr'><strong>vel</strong></span> <span class='ocrx_word' id='word_1_82' title='bbox 599 1476 785 1546; x_wconf 87' lang='lat' dir='ltr'><strong>diversitate</strong></span> <span class='ocrx_word' id='word_1_83' title='bbox 801 1474 942 1546; x_wconf 88' lang='lat' dir='ltr'><strong>auctoris</strong></span> <span class='ocrx_word' id='word_1_84' title='bbox 958 1475 1076 1545; x_wconf 88' lang='lat' dir='ltr'><strong>harum</strong></span> <span class='ocrx_word' id='word_1_85' title='bbox 1088 1477 1228 1567; x_wconf 86' lang='lat' dir='ltr'><strong>scriptu-</strong></span> 
     </span>
     <span class='ocr_line' id='line_1_11' title="bbox 85 1582 1229 1678; baseline 0.002 -28"><span class='ocrx_word' id='word_1_86' title='bbox 85 1605 201 1651; x_wconf 88' lang='lat' dir='ltr'><strong>rarum</strong></span> <span class='ocrx_word' id='word_1_87' title='bbox 219 1584 336 1653; x_wconf 86' lang='lat' dir='ltr'><strong>ferant.</strong></span> <span class='ocrx_word' id='word_1_88' title='bbox 354 1584 463 1654; x_wconf 84' lang='lat' dir='ltr'><strong>Potest</strong></span> <span class='ocrx_word' id='word_1_89' title='bbox 478 1593 587 1655; x_wconf 87' lang='lat' dir='ltr'><strong>autem</strong></span> <span class='ocrx_word' id='word_1_90' title='bbox 603 1585 674 1653; x_wconf 74' lang='lat' dir='ltr'><strong>haec</strong></span> <span class='ocrx_word' id='word_1_91' title='bbox 694 1584 891 1678; x_wconf 88' lang='lat' dir='ltr'><strong>comparatio</strong></span> <span class='ocrx_word' id='word_1_92' title='bbox 912 1582 1041 1652; x_wconf 83' lang='lat' dir='ltr'><strong>institui</strong></span> <span class='ocrx_word' id='word_1_93' title='bbox 1058 1583 1154 1676; x_wconf 86' lang='lat' dir='ltr'><strong>juxta</strong></span> <span class='ocrx_word' id='word_1_94' title='bbox 1174 1606 1229 1652; x_wconf 86' lang='lat' dir='ltr'><strong>se-</strong></span> 
     </span>
     <span class='ocr_line' id='line_1_12' title="bbox 85 1689 456 1780; baseline 0.005 -22"><span class='ocrx_word' id='word_1_95' title='bbox 85 1696 240 1780; x_wconf 88' lang='lat' dir='ltr'><strong>quentem</strong></span> <span class='ocrx_word' id='word_1_96' title='bbox 254 1689 430 1760; x_wconf 83' lang='lat' dir='ltr'><strong>formulam</strong></span> <span class='ocrx_word' id='word_1_97' title='bbox 449 1719 456 1760; x_wconf 93' lang='lat'><strong>:</strong></span> 
     </span>
    </p>
   </div>
   <div class='ocr_carea' id='block_1_4' title="bbox 83 1833 1231 3849">
    <p class='ocr_par' dir='ltr' id='par_1_4' title="bbox 83 1833 1231 2882">
     <span class='ocr_line' id='line_1_13' title="bbox 130 1833 1228 1916; baseline 0.007 -24"><span class='ocrx_word' id='word_1_98' title='bbox 130 1856 145 1892; x_wconf 79' lang='lat' dir='ltr'><strong>o</strong></span> <span class='ocrx_word' id='word_1_99' title='bbox 160 1833 276 1898; x_wconf 80' lang='lat' dir='ltr'><strong>Postea</strong></span> <span class='ocrx_word' id='word_1_100' title='bbox 290 1852 354 1916; x_wconf 89' lang='lat' dir='ltr'><strong>pro</strong></span> <span class='ocrx_word' id='word_1_101' title='bbox 377 1834 498 1915; x_wconf 73' lang='lat' dir='ltr'><strong>maiori</strong></span> <span class='ocrx_word' id='word_1_102' title='bbox 518 1835 665 1898; x_wconf 85' lang='lat' dir='ltr'><strong>veritatis</strong></span> <span class='ocrx_word' id='word_1_103' title='bbox 683 1834 885 1913; x_wconf 83' lang='lat' dir='ltr'><strong>certitudine,</strong></span> <span class='ocrx_word' id='word_1_104' title='bbox 911 1835 1019 1900; x_wconf 84' lang='lat' dir='ltr'><strong>vocati</strong></span> <span class='ocrx_word' id='word_1_105' title='bbox 1039 1852 1228 1916; x_wconf 82' lang='lat' dir='ltr'><strong>comperue-</strong></span> 
     </span>
     <span class='ocr_line' id='line_1_14' title="bbox 86 1940 1229 2025; baseline 0 -21"><span class='ocrx_word' id='word_1_106' title='bbox 86 1948 167 2006; x_wconf 86' lang='lat' dir='ltr'><strong>runt</strong></span> <span class='ocrx_word' id='word_1_107' title='bbox 187 1941 230 2009; x_wconf 90' lang='lat' dir='ltr'><strong>N.</strong></span> <span class='ocrx_word' id='word_1_108' title='bbox 253 1950 284 2005; x_wconf 89' lang='lat' dir='ltr'><strong>ct</strong></span> <span class='ocrx_word' id='word_1_109' title='bbox 300 1941 356 2020; x_wconf 79' lang='lat' dir='ltr'><strong>tt,</strong></span> <span class='ocrx_word' id='word_1_110' title='bbox 381 1943 416 2004; x_wconf 84' lang='lat' dir='ltr'><strong>in</strong></span> <span class='ocrx_word' id='word_1_111' title='bbox 439 1941 651 2006; x_wconf 81' lang='lat' dir='ltr'><strong>discernenda</strong></span> <span class='ocrx_word' id='word_1_112' title='bbox 673 1945 915 2025; x_wconf 84' lang='lat' dir='ltr'><strong>scripturarum</strong></span> <span class='ocrx_word' id='word_1_113' title='bbox 942 1940 1130 2006; x_wconf 85' lang='lat' dir='ltr'><strong>diversitate</strong></span> <span class='ocrx_word' id='word_1_114' title='bbox 1152 1943 1229 2006; x_wconf 84' lang='lat' dir='ltr'><strong>sotis</strong></span> 
     </span>
     <span class='ocr_line' id='line_1_15' title="bbox 83 2047 1231 2133; baseline 0 -21"><span class='ocrx_word' id='word_1_115' title='bbox 83 2049 188 2132; x_wconf 83' lang='lat' dir='ltr'><strong>periti</strong></span> <span class='ocrx_word' id='word_1_116' title='bbox 189 2067 204 2129; x_wconf 89' lang='lat'><em>;</em></span> <span class='ocrx_word' id='word_1_117' title='bbox 216 2050 275 2132; x_wconf 80' lang='lat' dir='ltr'><strong>qui</strong></span> <span class='ocrx_word' id='word_1_118' title='bbox 294 2047 436 2131; x_wconf 81' lang='lat' dir='ltr'><strong>deposito</strong></span> <span class='ocrx_word' id='word_1_119' title='bbox 454 2053 647 2132; x_wconf 83' lang='lat' dir='ltr'><strong>juramento</strong></span> <span class='ocrx_word' id='word_1_120' title='bbox 662 2049 702 2113; x_wconf 83' lang='lat' dir='ltr'><strong>de</strong></span> <span class='ocrx_word' id='word_1_121' title='bbox 712 2050 852 2130; x_wconf 75' lang='lat' dir='ltr'><strong>fideliter</strong></span> <span class='ocrx_word' id='word_1_122' title='bbox 872 2051 1058 2133; x_wconf 73' lang='lat' dir='ltr'><strong>exequendo</strong></span> <span class='ocrx_word' id='word_1_123' title='bbox 1079 2049 1177 2131; x_wconf 81' lang='lat' dir='ltr'><strong>officio</strong></span> <span class='ocrx_word' id='word_1_124' title='bbox 1200 2059 1231 2112; x_wconf 90' lang='lat' dir='ltr'><strong>et</strong></span> 
     </span>
     <span class='ocr_line' id='line_1_16' title="bbox 87 2156 1230 2240; baseline 0.001 -21"><span class='ocrx_word' id='word_1_125' title='bbox 87 2157 224 2220; x_wconf 85' lang='lat' dir='ltr'><strong>veritate</strong></span> <span class='ocrx_word' id='word_1_126' title='bbox 242 2156 388 2236; x_wconf 82' lang='lat' dir='ltr'><strong>dicende,</strong></span> <span class='ocrx_word' id='word_1_127' title='bbox 413 2157 503 2240; x_wconf 85' lang='lat' dir='ltr'><strong>jussi</strong></span> <span class='ocrx_word' id='word_1_128' title='bbox 525 2167 602 2221; x_wconf 85' lang='lat' dir='ltr'><strong>sunt</strong></span> <span class='ocrx_word' id='word_1_129' title='bbox 619 2176 641 2219; x_wconf 87' lang='lat' dir='ltr'><strong>o</strong></span> <span class='ocrx_word' id='word_1_130' title='bbox 664 2158 741 2224; x_wconf 81' lang='lat' dir='ltr'><strong>Rev.</strong></span> <span class='ocrx_word' id='word_1_131' title='bbox 769 2158 801 2222; x_wconf 94' lang='grc' dir='ltr'><em>Ν</em></span> <span class='ocrx_word' id='word_1_132' title='bbox 804 2205 824 2237; x_wconf 85' lang='grc'><strong>.,</strong></span> <span class='ocrx_word' id='word_1_133' title='bbox 844 2158 967 2240; x_wconf 85' lang='lat' dir='ltr'><strong>judice,</strong></span> <span class='ocrx_word' id='word_1_134' title='bbox 992 2160 1230 2240; x_wconf 78' lang='lat' dir='ltr'><strong>rescripturus</strong></span> 
     </span>
     <span class='ocr_line' id='line_1_17' title="bbox 87 2263 1230 2348; baseline 0.001 -21"><span class='ocrx_word' id='word_1_135' title='bbox 87 2282 171 2348; x_wconf 84' lang='lat' dir='ltr'><strong>ques</strong></span> <span class='ocrx_word' id='word_1_136' title='bbox 185 2263 225 2328; x_wconf 83' lang='lat' dir='ltr'><strong>de</strong></span> <span class='ocrx_word' id='word_1_137' title='bbox 242 2282 346 2327; x_wconf 82' lang='lat' dir='ltr'><strong>meru</strong></span> <span class='ocrx_word' id='word_1_138' title='bbox 360 2263 500 2328; x_wconf 81' lang='lat' dir='ltr'><strong>Andreae</strong></span> <span class='ocrx_word' id='word_1_139' title='bbox 526 2263 568 2330; x_wconf 94' lang='grc' dir='ltr'><strong>Ν.</strong></span> <span class='ocrx_word' id='word_1_140' title='bbox 586 2281 651 2328; x_wconf 90' lang='lat' dir='ltr'><strong>esse</strong></span> <span class='ocrx_word' id='word_1_141' title='bbox 669 2273 755 2328; x_wconf 89' lang='lat' dir='ltr'><strong>certo</strong></span> <span class='ocrx_word' id='word_1_142' title='bbox 773 2268 851 2347; x_wconf 84' lang='lat' dir='ltr'><strong>jam</strong></span> <span class='ocrx_word' id='word_1_143' title='bbox 866 2263 1044 2343; x_wconf 85' lang='lat' dir='ltr'><strong>constabat,</strong></span> <span class='ocrx_word' id='word_1_144' title='bbox 1060 2282 1134 2328; x_wconf 87' lang='lat' dir='ltr'><strong>cum</strong></span> <span class='ocrx_word' id='word_1_145' title='bbox 1149 2265 1230 2328; x_wconf 87' lang='lat' dir='ltr'><strong>titte-</strong></span> 
     </span>
     <span class='ocr_line' id='line_1_18' title="bbox 85 2369 1226 2454; baseline 0.004 -22"><span class='ocrx_word' id='word_1_146' title='bbox 85 2373 147 2448; x_wconf 88' lang='lat' dir='ltr'><strong>ris,</strong></span> <span class='ocrx_word' id='word_1_147' title='bbox 162 2389 235 2454; x_wconf 81' lang='lat' dir='ltr'><strong>puae</strong></span> <span class='ocrx_word' id='word_1_148' title='bbox 251 2369 501 2454; x_wconf 70' lang='lat' dir='ltr'><strong>pretenduntur</strong></span> <span class='ocrx_word' id='word_1_149' title='bbox 517 2369 559 2433; x_wconf 86' lang='lat' dir='ltr'><strong>ab</strong></span> <span class='ocrx_word' id='word_1_150' title='bbox 580 2372 648 2454; x_wconf 88' lang='lat' dir='ltr'><strong>ipso</strong></span> <span class='ocrx_word' id='word_1_151' title='bbox 665 2371 712 2434; x_wconf 85' lang='lat' dir='ltr'><strong>ad</strong></span> <span class='ocrx_word' id='word_1_152' title='bbox 728 2371 875 2454; x_wconf 85' lang='lat' dir='ltr'><strong>puellam</strong></span> <span class='ocrx_word' id='word_1_153' title='bbox 892 2370 1068 2436; x_wconf 83' lang='lat' dir='ltr'><strong>Bibionnm</strong></span> <span class='ocrx_word' id='word_1_154' title='bbox 1088 2373 1226 2453; x_wconf 77' lang='lat' dir='ltr'><strong>scriptae,</strong></span> 
     </span>
     <span class='ocr_line' id='line_1_19' title="bbox 85 2478 1228 2562; baseline -0.001 -21"><span class='ocrx_word' id='word_1_155' title='bbox 85 2487 250 2557; x_wconf 83' lang='lat' dir='ltr'><strong>accurate,</strong></span> <span class='ocrx_word' id='word_1_156' title='bbox 287 2478 459 2562; x_wconf 78' lang='lat' dir='ltr'><strong>dilipereter</strong></span> <span class='ocrx_word' id='word_1_157' title='bbox 493 2484 524 2541; x_wconf 91' lang='lat' dir='ltr'><strong>et</strong></span> <span class='ocrx_word' id='word_1_158' title='bbox 557 2487 668 2543; x_wconf 74' lang='lat' dir='ltr'><strong>exacte</strong></span> <span class='ocrx_word' id='word_1_159' title='bbox 702 2478 870 2558; x_wconf 83' lang='lat' dir='ltr'><strong>conserent</strong></span> <span class='ocrx_word' id='word_1_160' title='bbox 903 2485 1001 2561; x_wconf 83' lang='lat' dir='ltr'><strong>etque</strong></span> <span class='ocrx_word' id='word_1_161' title='bbox 1032 2479 1228 2554; x_wconf 75' lang='lat' dir='ltr'><strong>examinent,</strong></span> 
     </span>
     <span class='ocr_line' id='line_1_20' title="bbox 84 2584 1228 2668; baseline 0.002 -20"><span class='ocrx_word' id='word_1_162' title='bbox 84 2603 248 2668; x_wconf 79' lang='lat' dir='ltr'><strong>serumque</strong></span> <span class='ocrx_word' id='word_1_163' title='bbox 269 2594 382 2668; x_wconf 86' lang='lat' dir='ltr'><strong>postea</strong></span> <span class='ocrx_word' id='word_1_164' title='bbox 408 2584 574 2668; x_wconf 83' lang='lat' dir='ltr'><strong>judicium</strong></span> <span class='ocrx_word' id='word_1_165' title='bbox 599 2585 919 2666; x_wconf 69' lang='lat' dir='ltr'><strong>manifestantem</strong></span> <span class='ocrx_word' id='word_1_166' title='bbox 946 2586 987 2650; x_wconf 85' lang='lat' dir='ltr'><strong>ab</strong></span> <span class='ocrx_word' id='word_1_167' title='bbox 1010 2605 1078 2650; x_wconf 80' lang='lat' dir='ltr'><strong>orta</strong></span> <span class='ocrx_word' id='word_1_168' title='bbox 1100 2585 1228 2651; x_wconf 83' lang='lat' dir='ltr'><strong>eedem-</strong></span> 
     </span>
     <span class='ocr_line' id='line_1_21' title="bbox 84 2693 1164 2776; baseline 0.001 -20"><span class='ocrx_word' id='word_1_169' title='bbox 84 2693 387 2776; x_wconf 63' lang='lat' dir='ltr'><strong>praeemineres</strong></span> <span class='ocrx_word' id='word_1_170' title='bbox 411 2711 514 2756; x_wconf 81' lang='lat' dir='ltr'><strong>manu</strong></span> <span class='ocrx_word' id='word_1_171' title='bbox 539 2693 605 2756; x_wconf 81' lang='lat' dir='ltr'><strong>siret</strong></span> <span class='ocrx_word' id='word_1_172' title='bbox 630 2700 788 2756; x_wconf 72' lang='lat' dir='ltr'><strong>acereta.</strong></span> <span class='ocrx_word' id='word_1_173' title='bbox 817 2695 899 2759; x_wconf 84' lang='lat' dir='ltr'><strong>Acte</strong></span> <span class='ocrx_word' id='word_1_174' title='bbox 927 2702 1005 2758; x_wconf 83' lang='lat' dir='ltr'><strong>suot</strong></span> <span class='ocrx_word' id='word_1_175' title='bbox 1024 2695 1090 2760; x_wconf 78' lang='lat' dir='ltr'><strong>haec</strong></span> <span class='ocrx_word' id='word_1_176' title='bbox 1111 2695 1164 2758; x_wconf 85' lang='lat' dir='ltr'><strong>die</strong></span> 
     </span>
     <span class='ocr_line' id='line_1_22' title="bbox 84 2799 963 2882; baseline 0.001 -19"><span class='ocrx_word' id='word_1_177' title='bbox 84 2802 208 2864; x_wconf 78' lang='lat' dir='ltr'><strong>metuis</strong></span> <span class='ocrx_word' id='word_1_178' title='bbox 270 2803 387 2864; x_wconf 82' lang='lat' dir='ltr'><strong>enni...</strong></span> <span class='ocrx_word' id='word_1_179' title='bbox 403 2835 442 2847; x_wconf 89' lang='lat'>-</span> <span class='ocrx_word' id='word_1_180' title='bbox 455 2801 513 2879; x_wconf 91' lang='lat' dir='ltr'><strong>N.‚</strong></span> <span class='ocrx_word' id='word_1_181' title='bbox 526 2799 646 2882; x_wconf 80' lang='lat' dir='ltr'><strong>juder.</strong></span> <span class='ocrx_word' id='word_1_182' title='bbox 661 2833 700 2848; x_wconf 93' lang='lat'>-</span> <span class='ocrx_word' id='word_1_183' title='bbox 714 2801 770 2877; x_wconf 91' lang='grc' dir='ltr'><strong>Ν.,</strong></span> <span class='ocrx_word' id='word_1_184' title='bbox 785 2803 963 2864; x_wconf 73' lang='lat' dir='ltr'><strong>actuarias.</strong></span> 
     </span>
    </p>

    <p class='ocr_par' dir='ltr' id='par_1_5' title="bbox 85 2907 1231 3849">
     <span class='ocr_line' id='line_1_23' title="bbox 132 2907 1228 2991; baseline -0.001 -17"><span class='ocrx_word' id='word_1_185' title='bbox 132 2933 147 2964; x_wconf 86' lang='lat'>«</span> <span class='ocrx_word' id='word_1_186' title='bbox 171 2910 408 2990; x_wconf 82' lang='lat' dir='ltr'><strong>Consequenter</strong></span> <span class='ocrx_word' id='word_1_187' title='bbox 424 2908 563 2991; x_wconf 74' lang='lat' dir='ltr'><strong>prefati</strong></span> <span class='ocrx_word' id='word_1_188' title='bbox 580 2907 644 2970; x_wconf 84' lang='lat' dir='ltr'><strong>duo</strong></span> <span class='ocrx_word' id='word_1_189' title='bbox 665 2915 828 2991; x_wconf 73' lang='lat' dir='ltr'><strong>expertes,</strong></span> <span class='ocrx_word' id='word_1_190' title='bbox 848 2911 1025 2990; x_wconf 81' lang='lat' dir='ltr'><strong>scripturas</strong></span> <span class='ocrx_word' id='word_1_191' title='bbox 1043 2909 1107 2973; x_wconf 86' lang='lat' dir='ltr'><strong>sibi</strong></span> <span class='ocrx_word' id='word_1_192' title='bbox 1126 2911 1228 2974; x_wconf 82' lang='lat' dir='ltr'><strong>consi·</strong></span> 
     </span>
     <span class='ocr_line' id='line_1_24' title="bbox 85 3014 1228 3100; baseline 0.001 -21"><span class='ocrx_word' id='word_1_193' title='bbox 85 3023 219 3100; x_wconf 76' lang='lat' dir='ltr'><strong>proetus,</strong></span> <span class='ocrx_word' id='word_1_194' title='bbox 235 3025 266 3080; x_wconf 87' lang='lat' dir='ltr'><strong>et</strong></span> <span class='ocrx_word' id='word_1_195' title='bbox 283 3034 417 3099; x_wconf 81' lang='lat' dir='ltr'><strong>sequens</strong></span> <span class='ocrx_word' id='word_1_196' title='bbox 437 3014 573 3097; x_wconf 81' lang='lat' dir='ltr'><strong>desuper</strong></span> <span class='ocrx_word' id='word_1_197' title='bbox 593 3014 761 3097; x_wconf 81' lang='lat' dir='ltr'><strong>judicium</strong></span> <span class='ocrx_word' id='word_1_198' title='bbox 781 3033 878 3080; x_wconf 84' lang='lat' dir='ltr'><strong>suum</strong></span> <span class='ocrx_word' id='word_1_199' title='bbox 893 3017 927 3078; x_wconf 86' lang='lat' dir='ltr'><strong>in</strong></span> <span class='ocrx_word' id='word_1_200' title='bbox 945 3017 1071 3098; x_wconf 74' lang='lat' dir='ltr'><strong>scriptis</strong></span> <span class='ocrx_word' id='word_1_201' title='bbox 1087 3034 1228 3098; x_wconf 74' lang='lat' dir='ltr'><strong>prasert-</strong></span> 
     </span>
     <span class='ocr_line' id='line_1_25' title="bbox 86 3123 1170 3206; baseline 0.001 -19"><span class='ocrx_word' id='word_1_202' title='bbox 86 3132 203 3187; x_wconf 82' lang='lat' dir='ltr'><strong>tarunt</strong></span> <span class='ocrx_word' id='word_1_203' title='bbox 215 3142 227 3187; x_wconf 92' lang='grc'><strong>.·</strong></span> <span class='ocrx_word' id='word_1_204' title='bbox 241 3125 354 3206; x_wconf 79' lang='lat' dir='ltr'><strong>incipit</strong></span> <span class='ocrx_word' id='word_1_205' title='bbox 427 3123 471 3203; x_wconf 86' lang='lat' dir='ltr'><strong>(et</strong></span> <span class='ocrx_word' id='word_1_206' title='bbox 486 3123 531 3186; x_wconf 89' lang='lat' dir='ltr'><strong>ibi</strong></span> <span class='ocrx_word' id='word_1_207' title='bbox 554 3129 717 3206; x_wconf 89' lang='lat' dir='ltr'><strong>ponantur</strong></span> <span class='ocrx_word' id='word_1_208' title='bbox 738 3124 851 3204; x_wconf 82' lang='lat' dir='ltr'><strong>primae</strong></span> <span class='ocrx_word' id='word_1_209' title='bbox 870 3125 978 3205; x_wconf 87' lang='lat' dir='ltr'><strong>voces)</strong></span> <span class='ocrx_word' id='word_1_210' title='bbox 999 3131 1030 3187; x_wconf 91' lang='lat' dir='ltr'><strong>et</strong></span> <span class='ocrx_word' id='word_1_211' title='bbox 1052 3123 1170 3188; x_wconf 81' lang='lat' dir='ltr'><strong>desinit</strong></span> 
     </span>
     <span class='ocr_line' id='line_1_26' title="bbox 90 3230 1231 3326; baseline 0.001 -31"><span class='ocrx_word' id='word_1_212' title='bbox 90 3231 140 3313; x_wconf 84' lang='lat' dir='ltr'><strong>(et</strong></span> <span class='ocrx_word' id='word_1_213' title='bbox 152 3231 196 3294; x_wconf 91' lang='lat' dir='ltr'><strong>ibi</strong></span> <span class='ocrx_word' id='word_1_214' title='bbox 209 3230 359 3311; x_wconf 83' lang='lat' dir='ltr'><strong>uttimae);</strong></span> <span class='ocrx_word' id='word_1_215' title='bbox 375 3238 407 3293; x_wconf 88' lang='lat' dir='ltr'><strong>ct</strong></span> <span class='ocrx_word' id='word_1_216' title='bbox 426 3237 474 3294; x_wconf 89' lang='lat' dir='ltr'><strong>est</strong></span> <span class='ocrx_word' id='word_1_217' title='bbox 497 3231 616 3294; x_wconf 83' lang='lat' dir='ltr'><strong>terteris</strong></span> <span class='ocrx_word' id='word_1_218' title='bbox 634 3232 794 3314; x_wconf 80' lang='lat' dir='ltr'><strong>sequentis</strong></span> <span class='ocrx_word' id='word_1_219' title='bbox 810 3231 909 3310; x_wconf 83' lang='lat' dir='ltr'><strong>(stibi</strong></span> <span class='ocrx_word' id='word_1_220' title='bbox 933 3231 1165 3326; x_wconf 83' lang='lat' dir='ltr'><strong>transcribatur</strong></span> <span class='ocrx_word' id='word_1_221' title='bbox 1180 3233 1231 3314; x_wconf 86' lang='lat' dir='ltr'><strong>ju-</strong></span> 
     </span>
     <span class='ocr_line' id='line_1_27' title="bbox 87 3336 1229 3422; baseline 0 -20"><span class='ocrx_word' id='word_1_222' title='bbox 87 3338 212 3402; x_wconf 87' lang='lat' dir='ltr'><strong>dicium</strong></span> <span class='ocrx_word' id='word_1_223' title='bbox 234 3336 311 3402; x_wconf 87' lang='lat' dir='ltr'><strong>illud</strong></span> <span class='ocrx_word' id='word_1_224' title='bbox 339 3339 540 3420; x_wconf 87' lang='lat' dir='ltr'><strong>peritorum).</strong></span> <span class='ocrx_word' id='word_1_225' title='bbox 568 3337 665 3418; x_wconf 79' lang='lat' dir='ltr'><strong>Quod</strong></span> <span class='ocrx_word' id='word_1_226' title='bbox 685 3337 853 3422; x_wconf 82' lang='lat' dir='ltr'><strong>judicium</strong></span> <span class='ocrx_word' id='word_1_227' title='bbox 875 3357 949 3403; x_wconf 83' lang='lat' dir='ltr'><strong>cum</strong></span> <span class='ocrx_word' id='word_1_228' title='bbox 967 3339 1014 3403; x_wconf 85' lang='lat' dir='ltr'><strong>ed</strong></span> <span class='ocrx_word' id='word_1_229' title='bbox 1035 3339 1229 3403; x_wconf 84' lang='lat' dir='ltr'><strong>mandatum</strong></span> 
     </span>
     <span class='ocr_line' id='line_1_28' title="bbox 85 3444 1230 3529; baseline 0.001 -21"><span class='ocrx_word' id='word_1_230' title='bbox 85 3445 214 3529; x_wconf 83' lang='lat' dir='ltr'><strong>judicis</strong></span> <span class='ocrx_word' id='word_1_231' title='bbox 228 3445 348 3509; x_wconf 85' lang='lat' dir='ltr'><strong>eisdem</strong></span> <span class='ocrx_word' id='word_1_232' title='bbox 361 3446 467 3510; x_wconf 76' lang='lat' dir='ltr'><strong>decue</strong></span> <span class='ocrx_word' id='word_1_233' title='bbox 478 3444 707 3528; x_wconf 80' lang='lat' dir='ltr'><strong>praelepissem,</strong></span> <span class='ocrx_word' id='word_1_234' title='bbox 718 3445 964 3526; x_wconf 78' lang='lat' dir='ltr'><strong>confirmarunt.</strong></span> <span class='ocrx_word' id='word_1_235' title='bbox 979 3448 1061 3512; x_wconf 87' lang='lat' dir='ltr'><strong>Acta</strong></span> <span class='ocrx_word' id='word_1_236' title='bbox 1074 3453 1151 3510; x_wconf 83' lang='lat' dir='ltr'><strong>sunt</strong></span> <span class='ocrx_word' id='word_1_237' title='bbox 1162 3445 1230 3510; x_wconf 78' lang='lat' dir='ltr'><strong>laec</strong></span> 
     </span>
     <span class='ocr_line' id='line_1_29' title="bbox 88 3553 1227 3637; baseline 0 -20"><span class='ocrx_word' id='word_1_238' title='bbox 88 3553 144 3617; x_wconf 85' lang='lat' dir='ltr'><strong>die</strong></span> <span class='ocrx_word' id='word_1_239' title='bbox 215 3571 324 3618; x_wconf 86' lang='lat' dir='ltr'><strong>mense</strong></span> <span class='ocrx_word' id='word_1_240' title='bbox 395 3571 483 3617; x_wconf 83' lang='lat' dir='ltr'><strong>cono</strong></span> <span class='ocrx_word' id='word_1_241' title='bbox 497 3599 544 3632; x_wconf 89' lang='lat'><strong>...,</strong></span> <span class='ocrx_word' id='word_1_242' title='bbox 561 3557 594 3616; x_wconf 88' lang='lat' dir='ltr'><strong>et</strong></span> <span class='ocrx_word' id='word_1_243' title='bbox 614 3553 817 3617; x_wconf 85' lang='lat' dir='ltr'><strong>subscribant</strong></span> <span class='ocrx_word' id='word_1_244' title='bbox 837 3553 901 3619; x_wconf 89' lang='lat' dir='ltr'><strong>duo</strong></span> <span class='ocrx_word' id='word_1_245' title='bbox 915 3555 1008 3637; x_wconf 89' lang='lat' dir='ltr'><strong>periti</strong></span> <span class='ocrx_word' id='word_1_246' title='bbox 1028 3555 1089 3618; x_wconf 92' lang='lat' dir='ltr'><strong>hoc</strong></span> <span class='ocrx_word' id='word_1_247' title='bbox 1109 3554 1227 3618; x_wconf 87' lang='lat' dir='ltr'><strong>modo:</strong></span> 
     </span>
     <span class='ocr_line' id='line_1_30' title="bbox 87 3660 1230 3748; baseline -0.003 -21"><span class='ocrx_word' id='word_1_248' title='bbox 87 3661 166 3742; x_wconf 82' lang='lat' dir='ltr'><strong>Epo</strong></span> <span class='ocrx_word' id='word_1_249' title='bbox 185 3661 229 3730; x_wconf 86' lang='lat' dir='ltr'><strong>N.</strong></span> <span class='ocrx_word' id='word_1_250' title='bbox 249 3661 375 3744; x_wconf 81' lang='lat' dir='ltr'><strong>affirmo</strong></span> <span class='ocrx_word' id='word_1_251' title='bbox 395 3669 433 3725; x_wconf 83' lang='lat' dir='ltr'><strong>ut</strong></span> <span class='ocrx_word' id='word_1_252' title='bbox 450 3678 562 3744; x_wconf 84' lang='lat' dir='ltr'><strong>supra.</strong></span> <span class='ocrx_word' id='word_1_253' title='bbox 585 3695 623 3706; x_wconf 86' lang='lat'>-</span> <span class='ocrx_word' id='word_1_254' title='bbox 646 3660 719 3742; x_wconf 78' lang='lat' dir='ltr'><strong>Epo</strong></span> <span class='ocrx_word' id='word_1_255' title='bbox 741 3662 783 3729; x_wconf 90' lang='lat' dir='ltr'><strong>N.</strong></span> <span class='ocrx_word' id='word_1_256' title='bbox 810 3662 963 3741; x_wconf 79' lang='lat' dir='ltr'><strong>confirmo</strong></span> <span class='ocrx_word' id='word_1_257' title='bbox 986 3671 1024 3726; x_wconf 83' lang='lat' dir='ltr'><strong>ut</strong></span> <span class='ocrx_word' id='word_1_258' title='bbox 1049 3680 1161 3744; x_wconf 84' lang='lat' dir='ltr'><strong>supra.</strong></span> <span class='ocrx_word' id='word_1_259' title='bbox 1192 3695 1230 3748; x_wconf 41' lang='grc' dir='ltr'><strong>ε,</strong></span> 
     </span>
     <span class='ocr_line' id='line_1_31' title="bbox 87 3768 465 3849; baseline -0.011 -17"><span class='ocrx_word' id='word_1_260' title='bbox 87 3768 166 3849; x_wconf 77' lang='lat' dir='ltr'><strong>Epo</strong></span> <span class='ocrx_word' id='word_1_261' title='bbox 180 3768 236 3847; x_wconf 88' lang='grc' dir='ltr'><strong>Ν.,</strong></span> <span class='ocrx_word' id='word_1_262' title='bbox 251 3770 429 3833; x_wconf 83' lang='lat' dir='ltr'><strong>actuarius.</strong></span> <span class='ocrx_word' id='word_1_263' title='bbox 450 3791 465 3828; x_wconf 82' lang='lat' dir='ltr'><strong>s</strong></span> 
     </span>
    </p>
   </div>
   <div class='ocr_carea' id='block_1_5' title="bbox 86 3912 1231 4229">
    <p class='ocr_par' dir='ltr' id='par_1_6' title="bbox 86 3912 1231 4229">
     <span class='ocr_line' id='line_1_32' title="bbox 135 3912 1230 4022; baseline 0.017 -41"><span class='ocrx_word' id='word_1_264' title='bbox 135 3914 225 3981; x_wconf 86' lang='lat' dir='ltr'><strong>Note</strong></span> <span class='ocrx_word' id='word_1_265' title='bbox 247 3916 291 3980; x_wconf 76' lang='lat'><strong>1⁰.</strong></span> <span class='ocrx_word' id='word_1_266' title='bbox 318 3951 361 3965; x_wconf 92' lang='grc'>-</span> <span class='ocrx_word' id='word_1_267' title='bbox 376 3912 450 3983; x_wconf 90' lang='lat' dir='ltr'><strong>Non</strong></span> <span class='ocrx_word' id='word_1_268' title='bbox 468 3922 517 3983; x_wconf 87' lang='lat' dir='ltr'><strong>est</strong></span> <span class='ocrx_word' id='word_1_269' title='bbox 538 3937 668 4008; x_wconf 84' lang='lat' dir='ltr'><strong>semper</strong></span> <span class='ocrx_word' id='word_1_270' title='bbox 688 3923 905 3992; x_wconf 86' lang='lat' dir='ltr'><strong>necessarium</strong></span> <span class='ocrx_word' id='word_1_271' title='bbox 929 3933 967 3994; x_wconf 88' lang='lat' dir='ltr'><strong>ut</strong></span> <span class='ocrx_word' id='word_1_272' title='bbox 989 3925 1046 3996; x_wconf 88' lang='lat' dir='ltr'><strong>fiat</strong></span> <span class='ocrx_word' id='word_1_273' title='bbox 1069 3926 1230 4022; x_wconf 83' lang='lat' dir='ltr'><strong>ejusmodi</strong></span> 
     </span>
     <span class='ocr_line' id='line_1_33' title="bbox 86 4020 1230 4128; baseline 0.016 -39"><span class='ocrx_word' id='word_1_274' title='bbox 86 4020 269 4110; x_wconf 80' lang='lat' dir='ltr'><strong>recognitio</strong></span> <span class='ocrx_word' id='word_1_275' title='bbox 281 4020 464 4090; x_wconf 79' lang='lat' dir='ltr'><strong>litterarum</strong></span> <span class='ocrx_word' id='word_1_276' title='bbox 481 4043 538 4113; x_wconf 88' lang='lat' dir='ltr'><strong>per</strong></span> <span class='ocrx_word' id='word_1_277' title='bbox 552 4032 660 4112; x_wconf 86' lang='lat' dir='ltr'><strong>testes,</strong></span> <span class='ocrx_word' id='word_1_278' title='bbox 676 4036 708 4094; x_wconf 86' lang='lat' dir='ltr'><strong>et</strong></span> <span class='ocrx_word' id='word_1_279' title='bbox 727 4033 924 4121; x_wconf 87' lang='lat' dir='ltr'><strong>comparatio</strong></span> <span class='ocrx_word' id='word_1_280' title='bbox 939 4057 997 4126; x_wconf 86' lang='lat' dir='ltr'><strong>per</strong></span> <span class='ocrx_word' id='word_1_281' title='bbox 1013 4037 1132 4128; x_wconf 89' lang='lat' dir='ltr'><strong>peritos</strong></span> <span class='ocrx_word' id='word_1_282' title='bbox 1146 4067 1154 4117; x_wconf 91' lang='lat'>;</span> <span class='ocrx_word' id='word_1_283' title='bbox 1173 4039 1230 4106; x_wconf 87' lang='lat' dir='ltr'><strong>sed</strong></span> 
     </span>
     <span class='ocr_line' id='line_1_34' title="bbox 86 4125 1231 4229; baseline 0.017 -35"><span class='ocrx_word' id='word_1_284' title='bbox 86 4125 262 4196; x_wconf 81' lang='lat' dir='ltr'><strong>dumtaxat</strong></span> <span class='ocrx_word' id='word_1_285' title='bbox 289 4127 421 4218; x_wconf 88' lang='lat' dir='ltr'><strong>quando</strong></span> <span class='ocrx_word' id='word_1_286' title='bbox 443 4129 529 4196; x_wconf 89' lang='lat' dir='ltr'><strong>subit</strong></span> <span class='ocrx_word' id='word_1_287' title='bbox 554 4131 756 4201; x_wconf 88' lang='lat' dir='ltr'><strong>rationabilis</strong></span> <span class='ocrx_word' id='word_1_288' title='bbox 779 4140 934 4229; x_wconf 90' lang='lat' dir='ltr'><strong>suspicio,</strong></span> <span class='ocrx_word' id='word_1_289' title='bbox 961 4163 1002 4209; x_wconf 90' lang='lat' dir='ltr'><strong>uc</strong></span> <span class='ocrx_word' id='word_1_290' title='bbox 1026 4142 1141 4212; x_wconf 83' lang='lat' dir='ltr'><strong>litterae</strong></span> <span class='ocrx_word' id='word_1_291' title='bbox 1165 4145 1231 4214; x_wconf 85' lang='lat' dir='ltr'><strong>sint</strong></span> 
     </span>
    </p>
   </div>
   <div class='ocr_carea' id='block_1_6' title="bbox 85 4236 1230 4330">
    <p class='ocr_par' dir='ltr' id='par_1_7' title="bbox 85 4236 1230 4330">
     <span class='ocr_line' id='line_1_35' title="bbox 85 4236 1230 4330; baseline 0.018 -25"><span class='ocrx_word' id='word_1_292' title='bbox 85 4237 187 4306; x_wconf 82' lang='lat' dir='ltr'><strong>fictae.</strong></span> <span class='ocrx_word' id='word_1_293' title='bbox 206 4237 296 4304; x_wconf 79' lang='lat' dir='ltr'><strong>Alias</strong></span> <span class='ocrx_word' id='word_1_294' title='bbox 310 4236 398 4304; x_wconf 88' lang='lat' dir='ltr'><strong>enim</strong></span> <span class='ocrx_word' id='word_1_295' title='bbox 412 4236 576 4306; x_wconf 89' lang='lat' dir='ltr'><strong>sufficiunt</strong></span> <span class='ocrx_word' id='word_1_296' title='bbox 594 4239 753 4330; x_wconf 84' lang='lat' dir='ltr'><strong>ejusmodi</strong></span> <span class='ocrx_word' id='word_1_297' title='bbox 771 4243 888 4314; x_wconf 73' lang='lat' dir='ltr'><strong>littere</strong></span> <span class='ocrx_word' id='word_1_298' title='bbox 909 4247 950 4316; x_wconf 87' lang='lat' dir='ltr'><strong>ad</strong></span> <span class='ocrx_word' id='word_1_299' title='bbox 969 4247 1111 4320; x_wconf 87' lang='lat' dir='ltr'><strong>dandam</strong></span> <span class='ocrx_word' id='word_1_300' title='bbox 1131 4256 1230 4326; x_wconf 83' lang='lat' dir='ltr'><strong>semi-</strong></span> 
     </span>
    </p>
   </div>
   <div class='ocr_carea' id='block_1_7' title="bbox 0 0 1530 4984">
    <p class='ocr_par' dir='ltr' id='par_1_8' title="bbox 0 0 1530 4984">
     <span class='ocr_line' id='line_1_36' title="bbox 0 0 1530 4984; baseline 0 0"><span class='ocrx_word' id='word_1_301' title='bbox 0 0 1530 4984; x_wconf 95' lang='lat' dir='ltr'><strong> </strong></span> 
     </span>
    </p>
   </div>
  </div>
 </body>
</html>
