3050 4984
536 510 610 555 PARS
632 508 779 556 succum.

539 795 681 865 CAPUT
704 795 778 865 Vll.

463 990 507 1037 lt!
543 990 844 1038 BXCEPTlONlBUS.

126 1173 224 1241 Juxta
238 1181 439 1257 contextum,
448 1195 546 1265 quem
560 1174 740 1265 sequimur,
752 1172 934 1265 judiciarie
947 1172 1031 1258 telae,
1047 1170 1220 1241 dicendum

91 1300 169 1346 nunc
183 1279 273 1346 veuit
288 1277 328 1347 de
342 1279 599 1370 exceptionibus.
616 1280 701 1349 Num
714 1281 812 1349 citsto
823 1302 891 1365 reo,
905 1290 937 1349 et
946 1280 981 1347 in
989 1278 1150 1371 judicium
1165 1300 1223 1345 ve-

91 1384 194 1467 nienti,
212 1384 321 1451 stetim
336 1406 357 1453 s
377 1384 452 1475 jure
476 1387 573 1455 hocce
593 1384 792 1454 detensionis
806 1384 951 1454 medium
966 1382 1163 1451 conceditur.
1182 1381 1223 1449 Et

90 1490 232 1579 quumvis
243 1490 279 1557 in
294 1489 421 1581 reliquo
436 1492 534 1560 etium
548 1514 719 1583 processus
738 1490 878 1559 decursu
894 1486 1114 1582 proponendis
1128 1488 1222 1556 novis

90 1596 326 1688 exceptionibus
340 1598 431 1666 locus
445 1620 514 1667 esse
529 1600 644 1690 possit,
655 1598 821 1690 praecipue
835 1606 944 1666 tumen
956 1595 1113 1664 stetimsb
1129 1594 1222 1663 initio

90 1714 154 1771 sote
167 1712 378 1773 contestatum
394 1704 484 1773 litem
499 1705 673 1775 exerendus
690 1714 778 1773 suut.

125 1810 267 1892 qusrro
292 1816 338 1879 1².
355 1849 399 1863 -
416 1811 507 1894 Quid
518 1812 584 1880 sim
608 1812 809 1903 exceptiones
822 1824 853 1879 ct
874 1834 939 1903 quo
948 1813 1030 1902 jure
1043 1811 1223 1877 institutae?

90 1957 126 1970 -
140 1922 170 1985 1⁰
190 1946 208 1985 e
223 1920 349 1989 Nomen
365 1920 564 2011 exceptionis
575 1920 742 1989 derivatur
753 1943 774 1989 u
787 1920 887 1989 verbo
903 1920 1047 2011 occipere
1053 1944 1066 2000 ,·
1081 1940 1157 1987 num
1167 1918 1224 2008 qui

94 2054 108 2089 e
127 2028 347 2117 exceptionem
362 2028 512 2118 opponit,
527 2028 620 2118 quusi
633 2027 760 2120 aliquid
776 2028 866 2118 capit
880 2026 932 2095 vel
947 2026 1029 2095 tollit
1043 2049 1082 2093 ec
1097 2025 1221 2093 actione

93 2160 107 2196 ι
128 2134 333 2225 proposita.»
354 2134 669 2227 (Schmslzg'rueber‚
682 2134 718 2203 in
731 2135 780 2203 tit.
797 2139 852 2220 25,
869 2134 956 2202 lint
973 2134 1081 2220 Dect„
1098 2133 1216 2221 initio.)

128 2243 159 2305 2⁰
172 2241 211 2307 ln
233 2240 344 2307 stricto
361 2264 458 2309 sensu
470 2239 569 2333 juris,
585 2243 731 2333 exceptio
745 2240 876 2309 deliniri
896 2249 999 2332 potest
1017 2268 1023 2307 :
1048 2240 1221 2307 «Actionis

92 2370 107 2407 e
128 2349 276 2433 exclusio,
293 2372 361 2438 quo
377 2371 451 2417 reus
464 2348 625 2417 actionem
636 2360 751 2417 contro
767 2370 799 2416 sc
811 2347 1002 2416 institutum
1016 2346 1223 2415 uelretcrdat

92 2478 108 2515 s
127 2454 315 2544 velpenituc
329 2454 431 2523 elidit.
446 2455 619 2545 Colligitur
631 2478 673 2523 ex
687 2455 757 2543 lege
769 2454 927 2547 Exceptio
939 2456 983 2545 (2,
996 2454 1031 2523 ff.
1042 2453 1081 2522 dc
1092 2456 1221 2542 Bucep-

91 2584 106 2619 α
128 2560 293 2651 tionibus);
309 2575 341 2629 et
352 2562 549 2631 concordent
561 2562 669 2653 quoad
685 2584 819 2631 sensum
830 2562 986 2630 doctores.
1004 2586 1020 2624 s
1044 2558 1220 2651 (Schmalz-

88 2666 231 2751 gmeber,
247 2667 319 2736 loco
331 2669 404 2755 cit,
423 2690 456 2735 n.
478 2671 521 2758 t.)

129 2776 157 2839 3⁰
173 2775 312 2843 cuinam
328 2784 436 2844 eutem
448 2776 518 2866 juri
532 2776 758 2867 exceptionum
776 2775 971 2843 introductio
983 2773 1154 2844 tribuenda
1166 2776 1218 2859 sit,

88 2897 124 2941 au
147 2878 265 2946 scilicet
283 2879 352 2969 juri
373 2880 526 2967 naturali,
541 2904 583 2948 an
597 2902 676 2949 vero
693 2881 800 2972 potius
811 2881 879 2971 juri
895 2880 1045 2970 positivo,
1062 2903 1128 2948 non
1143 2901 1220 2949 con-

88 2986 378 3054 cordantnuctores.
392 2987 459 3055 Alii
468 2988 661 3079 quippejuri
671 2988 812 3056 naturali
822 2990 1049 3080 exceptionum
1060 2988 1220 3076 originem

88 3088 285 3176 adscribunt3
301 3114 339 3161 eo
353 3093 455 3184 quod,
468 3102 502 3161 ut
515 3094 623 3177 siunt,
640 3094 786 3184 exceptio
802 3094 946 3162 defensio
961 3095 1016 3180 sit,
1033 3102 1064 3161 et
1080 3116 1147 3161 sese
1159 3094 1221 3161 dc-

88 3194 234 3266 lendendi
245 3199 459 3291 [ocultusjure
474 3209 600 3268 naturus
612 3223 667 3269 reo
681 3209 852 3291 competat.
868 3201 1026 3269 Illamelii
1041 3200 1079 3267 nd
1094 3201 1148 3292 jus
1162 3224 1221 3291 po·

87 3302 211 3372 sitivum
224 3306 370 3374 referunt
378 3334 388 3392 ;
402 3317 472 3374 tum
488 3308 567 3397 quia
580 3307 726 3399 exceptio
741 3317 788 3375 est
804 3307 947 3376 exclusio
959 3308 1105 3391 actionis,
1122 3316 1154 3373 et
1168 3330 1217 3374 ac·

87 3410 182 3479 tiones
201 3412 337 3480 luerunt
349 3436 370 3480 u
381 3412 456 3503 jure
480 3414 620 3505 positivo
646 3413 809 3500 inductae;
839 3424 908 3482 tum
926 3414 1002 3505 quia
1016 3414 1222 3504 exceptiones

86 3515 147 3583 tolli
163 3526 298 3607 possunt
325 3518 396 3607 lege
410 3528 467 3586 eut
493 3520 649 3609 rescripto
671 3520 829 3611 principis
848 3522 894 3609 (ut
914 3529 1037 3588 constet
1051 3522 1152 3610 capite
1167 3524 1222 3589 Ec

81 3636 172 3707 porte
189 3629 241 3708 13,
258 3622 297 3691 de
315 3625 428 3715 Officio
442 3624 583 3716 delegati
589 3651 602 3707 ;
615 3664 659 3678 —
684 3628 754 3716 lege
771 3626 896 3718 Siquis
913 3630 945 3713 3,
964 3626 998 3694 ff.
1020 3627 1116 3710 Quod
1128 3627 1220 3718 quis-

84 3749 139 3813 que
157 3731 318 3820 juris...;
331 3768 376 3782 -
389 3740 420 3798 et
434 3730 505 3820 lege
523 3733 685 3823 Exemplo
703 3735 757 3817 36,
776 3756 804 3799 o.
823 3731 863 3800 de
883 3733 1028 3823 Decus),
1045 3732 1132 3825 quod
1146 3732 1219 3801 fieri

83 3854 144 3902 non
159 3846 266 3927 posset
280 3836 308 3905 si
322 3836 429 3905 forent
451 3837 536 3928 juris
552 3839 722 3908 naturalis.
742 3839 811 3907 Alii
838 3837 978 3930 denique
1004 3840 1102 3909 variis
1117 3838 1221 3907 modis

83 3939 293 4032 distinguunt.
328 3944 417 4012 Inter
453 3968 535 4035 quos
573 3946 796 4034 distinguendi
825 3946 939 4015 modos
967 3948 995 4015 is
1024 3956 1222 4037 anteponen-

83 4045 139 4114 dus
174 4050 316 4137 videtur,
356 4051 409 4118 cui
439 4053 621 4119 assentiunt
650 4052 822 4140 Gunzulez,
852 4055 978 4143 Konig,
1009 4054 1157 4123 Schmier
1191 4061 1223 4121 et

83 4151 382 4246 Schmnlzgruebcr,
399 4180 514 4249 nempe
533 4185 540 4225 :
558 4182 612 4227 ess
626 4160 834 4250 exceptiones
851 4183 919 4229 csse
931 4160 1000 4252 juri
1012 4158 1152 4228 naturali
1167 4182 1220 4226 ec-

83 4264 264 4352 edendas,
280 4286 340 4333 nec
368 4276 601 4357 consequenter
621 4288 715 4356 posse
730 4288 789 4358 per
812 4267 1030 4357 legislatorem
1048 4266 1128 4357 tolli,
1147 4289 1220 4358 quae
