3050 4984
284 496 344 561 dll
656 516 832 563 rotmarus
854 517 893 561 nx
914 516 1047 561 mutuis.

280 644 368 705 mata
378 636 584 724 couscientia,
600 646 631 706 et
645 660 815 729 nunquam
832 638 867 705 iu
879 637 1085 707 erdirrariam
1095 637 1234 729 justitias
1247 636 1425 705 reddendae

278 748 419 814 formam
439 746 623 814 transirent.
647 747 691 813 At
710 768 805 831 vero,
827 746 856 813 si
875 746 1026 837 Episcopi
1046 768 1106 836 pro
1124 745 1221 813 libitu
1242 753 1276 813 et
1300 745 1426 836 absque

277 855 346 924 ullo
360 854 495 938 motivo,
512 853 636 945 possint
652 853 811 945 perviam
826 854 1013 921 informatas
1023 852 1229 921 conscientiae
1244 853 1278 919 in
1289 851 1428 921 clericos

276 960 460 1053 procedere,
475 982 540 1029 nou
562 967 689 1028 tautum
706 960 741 1029 iu
755 982 833 1027 casu
846 960 975 1045 occulti,
992 959 1048 1028 sed
1070 960 1103 1026 in
1124 981 1202 1027 casu
1220 959 1319 1027 etiam
1341 957 1426 1026 vul-

276 1068 343 1157 gati
358 1090 416 1159 per
437 1067 559 1139 famam
580 1066 744 1157 publicam
763 1066 926 1151 criminis,
943 1066 1027 1136 haue
1049 1066 1151 1153 uiam,
1167 1073 1279 1157 utpote
1292 1064 1425 1133 lucilio—

275 1197 345 1243 rem
371 1173 544 1264 minusque
563 1172 625 1241 sibi
644 1171 897 1259 incommodam,
914 1173 1078 1242 ordinarie
1098 1173 1234 1261 eligent3
1251 1181 1284 1239 et
1302 1172 1349 1239 sic
1365 1171 1427 1262 ju-

274 1282 436 1349 diciorum
459 1278 748 1348 ecclesissticurum
774 1301 851 1371 pars
874 1280 1020 1349 maxima
1042 1279 1258 1370 excepticuali
1280 1279 1342 1347 bac
1369 1280 1426 1345 via

274 1386 500 1479 expedientur.
533 1386 715 1455 Dicendum
745 1408 844 1475 ergo,
876 1408 1061 1455 concoesam
1092 1385 1224 1477 quidem
1261 1385 1424 1477 Episcopo

274 1496 374 1563 fuisse
396 1517 415 1561 a
434 1491 634 1560 Tridentinis
653 1492 803 1561 Patribus
824 1516 867 1562 ex
890 1493 1066 1563 informata
1087 1492 1281 1561 conscientie
1304 1513 1422 1583 proee-

273 1602 371 1670 dendi
388 1599 587 1686 facultatem,
603 1599 700 1667 etiam
716 1600 748 1666 in
769 1622 846 1667 casu
865 1600 989 1691 publici
1002 1600 1171 1677 criminis;
1188 1599 1246 1667 sed
1260 1608 1421 1691 tauquam

273 1706 458 1776 remedium
480 1704 804 1786 extraordinarium
824 1704 857 1771 id
879 1715 940 1785 est,
966 1707 1000 1773 iu
1026 1705 1066 1773 iis
1092 1705 1266 1774 dumtaxat
1289 1704 1423 1771 casibus

273 1812 510 1893 adhibendum,
528 1812 585 1904 qui
599 1834 640 1879 cx
653 1811 785 1901 speciali
796 1834 893 1881 eausa
907 1812 970 1881 tale
984 1811 1167 1880 remedium
1184 1812 1368 1903 requirunt,
1386 1821 1422 1879 et

274 1924 309 1989 in
327 1919 446 2011 quibus
461 1940 527 1987 nou
546 1926 665 2009 posset,
682 1918 805 2009 absque
820 1918 954 1987 notabili
972 1918 1051 1987 boui
1070 1919 1192 2010 publici
1210 1918 1346 2005 damno,
1366 1919 1423 1986 via

274 2025 440 2095 ordinaria
455 2024 599 2115 procedi.

318 2132 479 2202 Probatur
502 2136 536 2199 2⁰
561 2152 602 2199 ex
626 2140 741 2200 natura
765 2131 929 2223 ejusmodi
953 2133 1119 2223 potestatis
1143 2133 1334 2223 episcopalis
1361 2156 1424 2224 per

273 2242 362 2309 viam
383 2240 569 2309 iulcrmatae
587 2239 793 2308 conscientie
814 2239 1020 2330 procedendi.
1043 2240 1125 2309 Nam
1149 2239 1201 2308 hic
1223 2240 1425 2332 procedendi

275 2346 404 2433 modus,
422 2347 455 2415 in
476 2367 510 2412 se
532 2346 763 2433 consideratus,
786 2368 853 2415 nun
872 2355 999 2415 tantum
1015 2370 1035 2414 a
1049 2354 1185 2437 paterna
1205 2347 1348 2415 bonitate
1368 2370 1424 2416 re-

273 2454 357 2524 cedit
378 2476 479 2544 quam
505 2452 670 2537 maxime,
695 2452 750 2520 sed
777 2453 877 2521 etiarn
904 2454 1087 2522 maximam
1114 2454 1271 2539 involvit,
1300 2477 1378 2546 quae
1402 2480 1424 2523 a

270 2563 396 2655 judice,
420 2562 499 2628 citra
519 2558 737 2649 injustitiam,
763 2560 912 2628 adhiberi
938 2561 1040 2653 possit
1061 2562 1279 2631 severitatem.
1301 2564 1341 2632 In
1363 2563 1424 2631 tali

272 2670 391 2762 quippe
404 2666 527 2758 judicio
547 2665 698 2734 damnari
717 2666 864 2756 legitime
879 2676 983 2758 potest
1003 2668 1184 2755 inauditus,
1207 2670 1330 2760 absque
1352 2671 1424 2739 ulla

270 2778 336 2845 litis
360 2773 607 2856 contestatione,
632 2772 759 2841 sublata
780 2775 871 2842 omni
897 2774 1094 2843 defensionis
1119 2775 1290 2855 facultate;
1315 2778 1423 2847 immo

272 2884 351 2974 quin
374 2880 489 2949 clerico
515 2879 561 2945 sic
581 2878 736 2948 damnato
757 2879 938 2949 declaretur
959 2881 1086 2973 quade
1108 2904 1206 2951 causa
1227 2905 1324 2973 poena
1344 2907 1424 2953 sus-

274 2987 438 3080 pensionis
467 2988 714 3076 (ncununquam
741 2986 813 3076 ipsa
839 2995 944 3055 morte
971 2985 1095 3078 durior)
1127 2988 1189 3079 ipsi
1216 2990 1419 3081 imponatur.

272 3096 314 3163 Et
329 3103 449 3163 certes
470 3101 558 3160 tanto
581 3093 690 3182 rigore
707 3092 803 3183 lunge
823 3094 942 3162 absunt
957 3094 1027 3184 ipsa
1041 3094 1138 3162 etiam
1159 3096 1334 3165 tribunalia
1349 3100 1423 3165 mi-

271 3202 390 3287 litaria,
414 3222 489 3292 quae
508 3199 785 3287 extraordinarie,
807 3201 849 3269 ob
872 3202 1125 3292 perturbationis
1146 3202 1251 3271 civilis
1273 3213 1420 3293 metum,

271 3330 426 3400 suspensa
457 3306 587 3375 interim
620 3306 866 3377 dicastericrum
897 3306 1138 3377 ordinariorum
1172 3310 1419 3400 jurisdictione,

271 3413 466 3507 quandoque
487 3436 528 3482 ex
551 3413 736 3483 necessitate
758 3414 944 3503 eriguntur,
959 3414 1081 3483 indicta
1102 3414 1194 3507 prins
1214 3417 1419 3507 regionibus,

271 3544 345 3616 quas
370 3522 446 3589 huic
464 3518 733 3587 extraordinariae
751 3518 971 3610 jurisdictioni
995 3519 1225 3611 snbjiciuntur,
1242 3547 1280 3590 ea
1299 3527 1422 3593 cendi-

271 3632 370 3712 tione,
386 3648 485 3718 quam
501 3624 585 3694 Galli
598 3634 714 3693 vocant
728 3628 798 3695 etat
813 3625 852 3694 de
864 3628 960 3715 sidpe.
976 3627 1014 3694 ln
1028 3628 1069 3695 iis
1081 3629 1169 3697 enim
1185 3630 1420 3720 tribunalibus,

271 3737 329 3805 etsi
359 3754 465 3802 caussa
494 3731 680 3799 criminales
715 3733 811 3801 citius
840 3734 1074 3825 expediantur,
1103 3744 1276 3805 servantur
1308 3745 1424 3810 tamen

271 3838 501 3913 substantiales
516 3837 717 3929 judiciorum
738 3839 977 3908 formalitates:
1002 3842 1195 3933 proponitur
1217 3866 1273 3913 reo
1293 3845 1423 3915 crimen

269 3950 309 4019 de
339 3970 404 4041 quo
432 3944 626 4014 convenitur
652 3972 659 4012 :
681 3945 779 4029 datur
805 3945 835 4014 ei
861 3946 1058 4017 detensionis
1086 3949 1221 4019 facultas
1252 3979 1260 4019 ε
1291 3958 1425 4043 patruni

266 4056 391 4125 auxilio
420 4052 569 4121 munitur
594 4080 601 4117 ι
628 4051 915 4141 communicantur
939 4055 969 4123 ei
991 4056 1122 4123 testium
1148 4056 1366 4149 depositiones
1388 4074 1424 4131 et

268 4161 414 4247 nomina,
442 4166 478 4227 ut
501 4166 613 4227 contra
634 4180 688 4226 eos
709 4160 858 4250 excipere
876 4162 977 4251 possit
1002 4186 1010 4226 :
1034 4169 1065 4230 et
1086 4161 1217 4231 tandem
1242 4168 1424 4236 accessoria

268 4278 395 4337 tantum
413 4264 577 4361 judicialis
599 4264 714 4335 lormae
737 4266 949 4337 omittuntur.
976 4269 1057 4352 Ques
1075 4270 1190 4339 omnia
1209 4294 1422 4367 nequaquam
