3050 4984
279 484 319 569 30
658 520 834 599 rnacrarus
857 522 896 570 na
917 522 1052 574 inorme.

275 645 476 714 siasticornm
501 652 700 715 accusatores
727 644 918 737 repellendi,
936 655 980 733 et,
1001 646 1081 739 ipsis
1103 646 1227 735 invitis,
1250 667 1309 739 per
1334 644 1420 714 viam

273 752 495 845 inquisitionis
519 750 728 844 procedendi,
746 751 933 821 nullatenus
954 761 1091 822 constat.
1113 754 1201 844 Ergo
1225 774 1341 822 revera
1362 774 1420 820 nec

276 880 317 927 ex
333 860 494 930 contraria
508 860 756 946 consuetudine,
772 880 832 927 nec
852 882 893 928 en
913 860 1075 928 contraria
1091 861 1176 951 juris
1196 858 1419 952 dispositione,

276 966 403 1035 sublata
417 966 513 1037 hodie
528 966 689 1037 censenda
705 975 752 1036 est
765 968 978 1036 accusationis
992 969 1064 1055 via3
1081 964 1138 1035 sed
1152 966 1293 1037 liberum
1305 967 1421 1058 cuique

276 1080 434 1161 remanet,
451 1082 489 1143 ut
514 1082 668 1166 tanquam
694 1082 861 1143 accusator
876 1083 938 1141 stet
959 1074 994 1143 iu
1014 1074 1152 1166 judicio,
1168 1082 1200 1143 et
1220 1074 1265 1143 sic
1277 1072 1422 1166 judicem

277 1181 527 1251 ecclesiasticum
542 1190 637 1272 cogat
655 1182 696 1249 ad
714 1182 956 1275 procedendum
979 1204 1037 1273 per
1051 1181 1276 1269 accusationis,
1293 1181 1422 1273 potins-

277 1311 376 1381 quam
390 1288 623 1380 inquisitionis,
641 1289 744 1357 viam.

323 1395 476 1464 Diximus
491 1403 598 1465 autem
616 1396 830 1464 accusationis
842 1396 929 1463 nam
944 1394 1105 1464 sublatam
1120 1418 1186 1463 non
1198 1394 1300 1462 luisse
1313 1393 1426 1486 quoad

277 1502 496 1571 substantiam
523 1528 533 1570 .·
560 1503 648 1595 quia,
672 1510 709 1571 ut
737 1502 834 1571 modo
865 1502 1062 1590 videbimus,
1093 1508 1204 1570 utrum
1233 1502 1358 1570 sublata
1382 1502 1424 1569 sit

278 1610 385 1702 quoad
401 1609 670 1702 subscriptionem
687 1618 718 1679 et
733 1610 864 1679 talionis
879 1632 1022 1702 poenam,
1036 1612 1071 1677 in
1085 1610 1298 1701 quaestionem
1315 1610 1424 1681 vocari

278 1725 394 1810 potest.

323 1828 353 1891 2.
366 1824 444 1893 Dari
461 1832 563 1916 potest
577 1848 670 1894 casus
682 1825 716 1893 in
728 1846 795 1917 quc
812 1824 928 1892 melius
942 1824 995 1911 sit,
1008 1824 1076 1893 imo
1090 1824 1126 1893 in
1142 1846 1207 1915 quo
1223 1824 1299 1916 quis
1313 1831 1424 1892 tenea-

279 1939 332 2000 tur
345 1932 501 2021 perviam
514 1932 727 2001 accusationis
739 1931 1000 2023 delinquentium
1012 1931 1241 2001 coercitionem
1256 1932 1420 2023 persequi.

279 2039 437 2131 Proponit
451 2038 512 2107 sibi
527 2038 687 2128 Pirrhing
703 2038 786 2107 hanc
802 2038 1029 2130 quaestionem,
1045 2062 1091 2106 an
1112 2039 1185 2131 quis
1205 2038 1367 2130 obliqctar
1379 2038 1427 2106 cd

279 2146 521 2229 accersendum
537 2170 636 2239 quam
652 2147 697 2213 sic
713 2145 865 2215 resolvit:
883 2146 947 2214 «si
957 2146 1081 2214 crimen
1091 2154 1205 2237 vergat
1215 2146 1250 2213 in
1266 2144 1425 2215 damnum

283 2278 299 2319 a
322 2254 492 2346 spirituale
505 2252 558 2322 vel
575 2253 751 2344 temporale
772 2252 974 2345 reipublicae,
991 2253 1052 2322 etsi
1073 2252 1266 2345 plerumque
1286 2251 1426 2321 sufficiat

283 2386 300 2426 a
324 2360 406 2427 illud
421 2358 614 2428 denuntiare
631 2358 785 2450 juridice,
797 2358 963 2427 interdum
980 2368 1090 2427 nmen
1110 2359 1298 2448 contingere
1321 2365 1427 2450 potest

284 2494 300 2533 a
324 2476 361 2536 ut
374 2475 521 2535 teneatur
536 2466 653 2557 aliquis
669 2466 769 2535 etiam
790 2465 831 2534 ad
848 2464 1079 2553 accusandum,
1095 2467 1124 2533 si
1139 2465 1294 2533 damnum
1312 2465 1428 2557 publi-

284 2600 301 2639 «
324 2595 398 2641 cum
420 2572 623 2641 alienatione
641 2571 793 2665 impediri
813 2594 881 2640 non
904 2574 1016 2665 possit,
1032 2572 1097 2640 nisi
1121 2580 1233 2641 contra
1252 2594 1345 2639 reum
1365 2571 1427 2663 ju-

285 2680 453 2748 adicialis
480 2700 650 2771 processus
680 2678 887 2766 instituatnr;
917 2678 1096 2749 dummodo
1124 2680 1247 2766 crimen
1281 2679 1428 2768 legitime

284 2815 301 2853 a
325 2788 456 2879 probari
471 2787 583 2880 possit,
602 2786 679 2877 quia
694 2785 839 2877 alioquin
855 2786 976 2855 frustra
990 2788 1064 2878 quis
1078 2786 1252 2873 laboraret,
1267 2795 1300 2853 et
1316 2785 1428 2877 suspi-

286 2922 303 2961 α
326 2894 411 2963 cioni
424 2894 597 2963 calumnia
613 2914 646 2962 se
666 2894 834 2986 objiceret,
852 2902 888 2961 ut
910 2892 1003 2962 docet
1022 2901 1153 2964 sanctus
1168 2894 1311 2962 Thomas
1328 2894 1372 2983 (2,
1391 2898 1425 2979 2,

287 3030 303 3067 a
327 3026 360 3093 q.
380 3005 434 3089 68,
451 3008 513 3071 art.
540 2998 586 3089 l),
603 3008 635 3068 et
655 2999 711 3068 alii
735 3001 954 3069 communiter
973 3001 1151 3092 :quamvis
1171 3001 1206 3067 in
1234 3000 1328 3092 praxi
1351 3022 1429 3067 raro

287 3137 305 3176 a
328 3117 476 3178 occurrat
499 3108 572 3177 talis
591 3132 696 3178 casus.
712 3110 808 3179 Ratio
828 3118 877 3176 est
891 3109 969 3201 quia
993 3132 1070 3201 pars
1091 3117 1218 3178 tenetur
1231 3108 1330 3176 etiam
1351 3130 1430 3176 cum

287 3244 305 3284 a
328 3217 459 3309 proprio
475 3216 668 3285 detrimento
684 3217 866 3308 prospicere
878 3216 965 3285 bono
979 3216 1090 3302 totins,
1106 3224 1137 3284 et
1156 3216 1265 3308 quivis
1281 3216 1431 3307 privatus

287 3352 304 3390 a
328 3325 413 3392 bono
427 3324 604 3392 communi.
622 3350 639 3389 »
662 3324 709 3414 (ln
725 3324 774 3391 tit.
796 3327 828 3410 l,
843 3323 920 3391 libri
938 3328 956 3390 5
971 3322 1115 3411 Decret,
1132 3345 1166 3389 n.
1188 3321 1255 3413 18.)

328 3432 408 3501 Dari
430 3454 546 3523 nempe
570 3439 675 3523 potest
699 3453 794 3499 casus
817 3431 852 3498 in
874 3454 953 3521 quo,
974 3430 1104 3498 attentis
1129 3431 1275 3498 locorum
1298 3438 1330 3497 et
1353 3452 1429 3521 pcr-

285 3561 439 3609 sonarum
454 3538 716 3627 circumstantiis,
735 3537 851 3605 merito
869 3537 1019 3606 timeatur
1033 3560 1075 3605 ne
1094 3536 1304 3623 Ordinarius,
1320 3537 1348 3603 si
1364 3537 1431 3628 ipsi

286 3648 496 3715 denuntietur
523 3646 693 3713 dumtaxat
723 3644 894 3734 delictum,
926 3644 1146 3735 negligentius
1176 3654 1233 3714 aut
1261 3645 1432 3713 remissius
1505 3691 1506 3694 κ

286 3762 373 3845 agat,
391 3754 443 3821 vel
457 3753 553 3821 etiarn
570 3752 735 3843 inquirere
751 3761 887 3820 recuset
906 3752 999 3820 Tunc
1014 3775 1091 3821 vero
1106 3752 1229 3821 utiliter
1243 3752 1329 3844 apud
1352 3774 1431 3820 eum

286 3860 460 3951 urgebitur
475 3859 686 3929 accusationis
701 3860 775 3945 via,
792 3882 857 3950 qua
878 3860 978 3928 semel
998 3860 1164 3951 proposita
1185 3881 1244 3950 per
1259 3868 1433 3927 accusato-

287 3992 356 4039 rem
382 3968 577 4058 legitimum,
592 3968 661 4058 jam
682 3988 741 4034 nec
760 3967 877 4058 judex,
893 3990 953 4036 nec
971 3990 1047 4036 rens
1073 3966 1233 4057 regularis
1259 3988 1433 4059 processus

286 4081 355 4146 vim
370 4076 531 4145 declinare
546 4083 693 4168 possunt.
710 4072 775 4145 Sed
790 4076 863 4144 talis
877 4098 983 4163 casus,
998 4082 1035 4143 nt
1050 4076 1128 4144 satis
1143 4082 1242 4167 patet,
1259 4096 1334 4143 raro
1348 4098 1433 4143 con-
1504 4095 1505 4162 ᾗ

287 4184 333 4251 tin
377 4191 400 4251 t.
1504 4179 1505 4190 ¹

330 4206 466 4359 diesem
494 4288 659 4379 perviam
688 4289 911 4378 accusationis,
932 4289 978 4357 ita
999 4288 1150 4378 exigente
1172 4294 1292 4375 actoru,
1310 4308 1432 4379 proce-
1503 4333 1504 4338 η
