3050 4984
692 511 869 560 TMCTATUS
890 511 929 560 ll!
949 511 1082 560 tuntum.

725 1101 938 1202 SECTIO
982 1105 1059 1201 VI.

603 1357 832 1418 osbercto
863 1357 1175 1416 renuntiatus.

815 1615 970 1634 m

367 1921 450 1990 Cum
463 1922 492 1988 is
507 1921 605 1990 luerit
620 1922 820 1990 tractationis
832 1922 966 2012 hujusce
978 1945 1093 2014 scopus
1104 1931 1152 2006 ut,
1165 1943 1230 1989 non
1243 1927 1372 1988 tuntum
1386 1942 1461 1987 ssnn

323 2037 355 2098 et
370 2028 504 2121 probata
523 2029 564 2096 de
580 2027 712 2118 judiciis
731 2029 953 2096 ecclesiasticis
974 2029 1119 2097 doctrina
1134 2037 1355 2119 exponeretur
1369 2036 1461 2118 etque
1500 2111 1501 2114 Ἴ

324 2136 523 2217 firmaretur,
539 2137 595 2204 sed
615 2145 646 2204 et
669 2137 814 2203 maxime
833 2146 868 2204 ut
886 2136 989 2204 lucilis
1009 2145 1041 2202 et
1055 2135 1187 2203 omnino
1201 2135 1353 2225 practica
1367 2155 1461 2224 eupe-
1500 2177 1501 2222 3

324 2242 452 2311 diendae
478 2243 524 2309 rei
539 2242 721 2333 judiciariae
746 2264 862 2310 norma
882 2242 1101 2323 exhiberetur,
1130 2241 1273 2308 subnecti
1300 2239 1342 2307 sd
1367 2263 1459 2307 usum
1500 2271 1501 2274 ¹

323 2350 489 2418 curiarum
518 2349 804 2416 ecclesiasticarum
835 2348 996 2416 sufficiens
1025 2347 1240 2415 formularum
1272 2357 1461 2438 promptus·
1500 2359 1501 2446 ᾗ

320 2454 423 2539 rium,
439 2457 510 2547 ipsa
522 2456 629 2544 operis
643 2455 725 2522 rutio
739 2455 931 2545 postulabat.

366 2563 461 2645 Quod
485 2563 619 2652 quidem
638 2563 867 2630 formularium
887 2585 928 2629 ex
954 2565 1056 2650 magis
1078 2563 1215 2652 probato
1229 2583 1248 2627 a
1261 2560 1460 2644 doctoribus,

323 2681 355 2737 et
369 2669 552 2757 generalius
563 2669 599 2734 in
614 2669 713 2735 curiis
727 2668 946 2736 ecclesiasticis
958 2679 1084 2759 recepto
1098 2669 1194 2759 stylo,
1210 2675 1409 2748 extractum,
1424 2669 1461 2733 itr

323 2779 409 2845 notis
428 2775 485 2843 ubi
503 2798 586 2866 opus
603 2775 666 2842 luit
689 2775 948 2860 interseruimus,
973 2785 1010 2842 ut
1031 2775 1167 2843 seorsim
1188 2773 1285 2841 etium
1302 2795 1323 2840 e
1340 2773 1460 2864 reliquo
1500 2791 1501 2794 ’

323 2905 420 2974 opere
445 2881 636 2972 perlectum,
665 2879 864 2972 judiciorum
900 2880 1186 2949 ecclesiasticorum
1217 2881 1350 2969 praxim
1389 2879 1460 2946 sutis

323 3012 382 3081 por
403 3012 437 3057 se
459 2987 629 3079 panderet;
652 2997 747 3078 atque
771 2988 811 3054 iis
826 2987 991 3076 judicibus
1011 2987 1245 3070 ecclesiasticis,
1267 2986 1326 3076 qui
1351 3008 1460 3074 magns
1500 3049 1501 3052 ,

323 3096 491 3165 volumine
509 3095 699 3188 pervolvens
721 3103 900 3184 nequeunt,
920 3116 979 3184 pro
1000 3093 1140 3184 quadam
1162 3094 1265 3162 veluti
1286 3093 1459 3160 manuduc·
1500 3105 1501 3112 ³

324 3204 411 3272 tione
426 3226 495 3270 esse
510 3211 627 3294 posset.
1500 3195 1501 3256 l

367 3309 431 3377 Sed
452 3319 483 3378 et
502 3309 538 3393 ii,
554 3331 636 3400 quos
654 3307 817 3398 reliquum
841 3315 1012 3375 tractatum
1032 3317 1179 3375 nostrum
1199 3308 1308 3396 legere
1327 3331 1395 3376 non
1417 3307 1458 3397 pi·
1500 3361 1501 3412 ,

323 3414 444 3502 guerit,
462 3414 565 3480 mults
580 3413 708 3479 lucilius
727 3421 759 3479 et
780 3412 899 3479 clarius
921 3435 961 3478 ex
985 3412 1189 3498 formulario,
1211 3434 1312 3503 quum
1332 3435 1376 3480 ex
1398 3413 1459 3503 ipse
1500 3421 1501 3494 t

324 3522 467 3588 theorice
481 3518 709 3609 disceptatione
724 3517 914 3606 intelligent.

367 3626 462 3708 Quod
492 3634 601 3692 autem
627 3625 981 3715 duplicemldumtnxut
1004 3625 1227 3693 formularum
1247 3624 1458 3693 collectionem

324 3733 534 3803 exhibeamus
557 3732 680 3819 (eurum
701 3751 818 3820 nempe
840 3753 914 3821 quae
935 3731 974 3797 ad
997 3732 1100 3799 curiae
1120 3731 1312 3823 episcopalis
1335 3732 1460 3799 ordina-

324 3841 458 3920 tionem,
478 3846 509 3904 et
532 3859 644 3903 eurum
665 3859 738 3926 qum
759 3838 800 3902 ad
820 3857 1005 3924 processum
1029 3837 1230 3904 criminalem
1253 3837 1458 3924 referuntur),

324 3967 389 4013 non
411 3944 549 4010 miretur
562 3942 672 4024 lector,
696 3942 853 4008 sotadeo
877 3965 1031 4010 mancum
1057 3943 1291 4012 formularium
1320 3957 1459 4011 nostrum

325 4052 500 4118 existimet.
518 4048 674 4115 Advertet
691 4049 780 4114 enim
803 4051 983 4138 praecipuus
1005 4071 1059 4117 ess
1082 4059 1113 4117 et
1136 4049 1372 4142 frequentioris
1391 4073 1460 4119 usus

326 4179 415 4230 esse;
443 4163 576 4222 caeterus
602 4175 679 4221 vero
705 4175 780 4243 qum
807 4152 1081 4239 desiderarentur,
1113 4179 1153 4224 ex
1183 4157 1250 4224 illis
1278 4159 1458 4248 praecipuis,

328 4260 428 4330 veluti
453 4285 494 4331 ex
520 4271 609 4354 typo,
636 4259 725 4332 lucili
749 4262 879 4351 negotio
898 4284 993 4354 posse
1013 4261 1170 4355 suppleri.
1191 4263 1287 4336 Unde
1310 4287 1377 4335 non
1401 4272 1460 4332 eret
