3050 4984
315 447 375 512 bit
686 462 863 512 rnscnsrns
885 464 925 510 os
945 462 1080 511 monens.

311 585 489 656 contraries
503 585 580 656 velit
593 605 788 679 proponere,
810 585 883 654 ilios
901 585 1002 654 acuto
1015 580 1160 652 aemerio
1179 579 1321 672 scriptos
1331 577 1449 664 osan,

313 693 446 763 arbitris
457 693 709 786 presentandus.
724 691 819 777 Quod
831 693 905 761 fieri
915 692 1034 784 poterit
1043 691 1140 783 juxte
1153 689 1236 759 hene
1246 687 1429 758 formulam
1442 713 1450 752 :

354 829 479 895 «Anno
546 847 654 894 mune
728 825 781 892 die
798 875 846 906 ...,
861 827 1058 892 reverentius
1075 826 1131 904 Ν.,
1153 825 1304 891 Vicarius
1317 839 1454 907 aaran·

312 936 362 1014 tis,
378 955 429 1000 mc
443 937 691 1020 infrascriptum
708 954 824 1000 vacare
840 937 929 1016 fecit,
944 934 1077 999 etmihi
1094 932 1299 1016 corrsipnaoit
1311 931 1455 1013 scriptu·

311 1061 397 1123 ram,
424 1044 458 1107 in
485 1062 551 1127 qua
578 1045 783 1108 continentur
804 1043 1031 1126 appositiones,
1051 1060 1134 1125 quas
1152 1041 1220 1123 ipse
1236 1039 1324 1121 facit
1343 1045 1457 1103 contro

313 1151 455 1215 adducta
473 1170 494 1215 a
512 1152 644 1217 domino
664 1152 705 1215 N.
725 1159 955 1231 reassumam
972 1149 1057 1214 mibi
1068 1151 1173 1233 jussit
1189 1155 1228 1212 ut
1240 1147 1388 1211 dominis
1409 1165 1458 1208 ar·

313 1258 405 1323 bitris
426 1267 667 1341 praesentarem.
695 1258 792 1340 Quod
815 1277 891 1323 acm
913 1258 1132 1341 perfecissem,
1150 1254 1306 1341 predicti
1331 1253 1457 1318 dammi

312 1364 432 1430 arbitri
448 1367 651 1432 mandarunt
671 1366 767 1445 mibi,
788 1373 826 1430 ut
845 1383 919 1430 cam
939 1367 1024 1430 inter
1048 1371 1125 1428 acta
1151 1365 1344 1436 inscrercm‚·
1370 1359 1460 1444 quod

306 1473 461 1555 prestiti,
477 1473 638 1556 sipnancio
661 1491 735 1538 cam
748 1491 885 1538 numero
902 1489 958 1554 ...,·
970 1479 1002 1538 ct
1015 1471 1131 1555 incipit
1199 1477 1231 1535 et
1243 1469 1405 1534 desinit...
1420 1467 1457 1532 In

312 1597 454 1664 quorum
464 1580 575 1660 fidon,
591 1599 649 1664 epo
663 1580 704 1644 N.
719 1580 900 1645 actuarius.
917 1602 932 1640 s

358 1712 391 1776 t.
419 1706 455 1776 si
475 1704 580 1798 judex
603 1712 770 1775 recusatus
795 1706 832 1774 in
854 1704 1011 1799 praedicte
1039 1704 1203 1797 scripture
1229 1709 1326 1772 testes
1351 1701 1457 1770 nlinve

312 1812 509 1882 documenta
535 1811 742 1904 produxerit,
758 1811 879 1881 horum
900 1833 1039 1881 examen
1063 1811 1123 1879 fint
1144 1811 1186 1880 nb
1206 1809 1357 1896 arbitris,
1376 1809 1457 1877 sient

312 1919 384 1989 fieri
404 1919 485 1988 solet
507 1920 543 1987 in
560 1918 692 2010 judiciis
712 1918 905 1997 ordinariis3
922 1927 1021 2010 atque
1041 1916 1125 1987 illud
1144 1916 1244 1986 ebnm
1263 1937 1406 1985 examen
1425 1915 1457 1982 in

312 2027 392 2095 netis
413 2034 565 2117 ponetur.
582 2024 655 2108 Quo
671 2034 799 2118 peraeto
823 2025 1006 2095 remanebit
1026 2025 1198 2094 dumtaxat
1220 2023 1359 2094 terendo
1381 2044 1456 2092 sen·

315 2133 427 2204 tentis.

844 2222 922 2316 §IL

652 2367 773 2418 Formulo
793 2366 929 2418 sententie
946 2365 1111 2419 arbitrorum.

358 2545 374 2578 «
392 2519 433 2586 In
446 2519 577 2585 nominc
595 2517 781 2586 individuae
795 2517 1018 2584 Sanctissimae
1043 2517 1222 2583 Trinitatis.
1238 2551 1279 2562 -
1289 2513 1360 2580 Nos
1375 2513 1418 2580 N.
1430 2523 1459 2577 et

314 2626 370 2707 Ν.,
388 2625 508 2691 arbitri
524 2625 614 2709 juris
634 2625 735 2706 electi,
753 2635 786 2690 ct
810 2626 985 2708 respective
1011 2624 1205 2710 apartibus
1232 2623 1396 2688 destinati
1417 2621 1460 2686 ad

303 2734 576 2798 'sententiantium
601 2735 635 2798 in
657 2751 758 2798 causa
783 2733 994 2798 recusationis
1014 2735 1049 2797 in
1064 2731 1224 2816 iudicem,
1240 2733 1343 2812 facte
1360 2750 1385 2795 a
1405 2731 1458 2794 rio

314 2843 404 2906 mino
417 2841 450 2904 N
452 2889 472 2919 .‚
484 2849 646 2925 pratenso
668 2860 734 2920 reo,
756 2842 796 2906 dc
806 2859 948 2925 persona
965 2840 1138 2906 reseruati
1149 2839 1182 2904 N
1185 2887 1206 2918 .,
1228 2836 1355 2903 Vicarii
1365 2855 1458 2922 pau-

313 2947 395 3013 raiis
409 2970 420 3010 .·
435 2950 631 3013 examinatis
645 2949 777 3014 testibus
798 2956 829 3013 et
839 2948 1089 3032 probationibus
1099 2948 1176 3012 binc
1190 2946 1266 3011 inde
1275 2945 1458 3030 productis,

314 3063 347 3120 et
359 3056 482 3120 auditis
498 3057 659 3139 partibus,
672 3074 734 3139 pro
758 3065 791 3120 et
808 3044 921 3121 contra
943 3055 1207 3138 informantibus,
1219 3055 1385 3138 pleneque
1396 3053 1459 3118 ais·

315 3163 416 3228 cussis
443 3179 549 3228 causa
575 3163 700 3228 meritis
705 3181 719 3244 ;
746 3165 854 3230 Deum
881 3164 1005 3242 sotum,
1028 3164 1134 3228 omnis
1154 3163 1296 3246 justitia
1322 3163 1460 3242 saitem,

312 3287 383 3353 prae
403 3269 504 3334 acutis
527 3270 689 3349 babentes,
705 3269 846 3335 dicimus
866 3270 956 3336 natta
976 3271 1158 3350 moriame
1176 3269 1272 3353 piene
1285 3287 1346 3334 nec
1366 3271 1460 3335 semi-

312 3377 419 3460 plene,
443 3386 590 3443 constare
614 3378 654 3441 dc
676 3395 778 3442 causa
797 3385 928 3443 asserta
946 3379 1171 3458 recusationis,
1181 3385 1266 3460 puta
1284 3375 1387 3459 quati,
1406 3385 1460 3440 etc.

315 3485 359 3567 (et
380 3485 432 3548 hie
454 3487 656 3568 exprimetur
675 3503 773 3550 censa
794 3485 847 3551 vel
871 3505 977 3550 canses
999 3486 1147 3551 adductae
1171 3503 1229 3568 pro
1252 3484 1462 3549 fundamento

315 3593 469 3674 legitimae
489 3593 724 3675 recusationis).
746 3593 888 3658 Proinde
905 3597 1138 3658 sententiamus
1153 3592 1355 3677 predictam
1374 3611 1462 3656 recu·

313 3700 472 3764 sationem
486 3699 610 3764 nullius
632 3717 697 3764 esse
719 3699 853 3780 valoris,
870 3709 902 3764 et
919 3720 979 3785 per
998 3717 1073 3765 eam
1086 3699 1290 3766 nullomodo
1309 3699 1464 3783 impediri

316 3809 545 3873 auctoritatem
558 3807 766 3872 ordinariam
779 3807 951 3872 reverendi
969 3810 1024 3887 Ν.,
1047 3809 1172 3873 Vicarii
1187 3807 1352 3891 penerniis
1366 3817 1401 3872 et
1409 3810 1462 3888 ju·

317 3914 399 3978 dicis
412 3913 586 3991 ordinarii,
607 3917 781 3997 quominus
799 3934 934 3981 causam
955 3925 1069 3982 contra
1080 3917 1276 3999 predictum
1293 3916 1460 3981 danuam

317 4021 359 4089 N.
381 4022 542 4102 inceptam
561 4021 640 4102 (sive
668 4021 900 4106 incipiendam)
917 4031 1146 4108 prosequatur.
1162 4024 1217 4089 tta
1232 4024 1461 4106 pronuntiavi-

317 4145 391 4190 mus
408 4127 470 4190 bac
494 4125 546 4190 die
619 4129 739 4192 mensis
818 4149 942 4196 anno...
958 4167 998 4178 —
1016 4131 1090 4214 Epo
1109 4131 1165 4210 Ν.,
1185 4131 1321 4196 arbiter.
1337 4165 1380 4180 ··-
1393 4131 1458 4213 Epo

319 4231 375 4306 Ν.,
389 4231 521 4296 arbiter.
538 4267 578 4280 -
596 4233 668 4315 Epo
685 4233 741 4312 Ν.,
757 4239 938 4301 actuarius.
955 4264 971 4296 »
