<?xml version="1.0" encoding="UTF-8"?>
<!DOCTYPE html PUBLIC "-//W3C//DTD XHTML 1.0 Transitional//EN"
    "http://www.w3.org/TR/xhtml1/DTD/xhtml1-transitional.dtd">
<html xmlns="http://www.w3.org/1999/xhtml" xml:lang="en" lang="en">
 <head>
  <title>
</title>
<meta http-equiv="Content-Type" content="text/html;charset=utf-8" />
  <meta name='ocr-system' content='tesseract 3.04.00' />
  <meta name='ocr-capabilities' content='ocr_page ocr_carea ocr_par ocr_line ocrx_word'/>
</head>
<body>
  <div class='ocr_page' id='page_1' title='image "./tractatusdejudi00goog_0218.png"; bbox 0 0 3050 4984; ppageno 0'>
   <div class='ocr_carea' id='block_1_1' title="bbox 284 452 1048 516">
    <p class='ocr_par' dir='ltr' id='par_1_1' title="bbox 284 452 1048 516">
     <span class='ocr_line' id='line_1_1' title="bbox 284 452 1048 516; baseline 0 -1"><span class='ocrx_word' id='word_1_1' title='bbox 284 452 347 516; x_wconf 77' lang='lat' dir='ltr'><strong><em>tto</em></strong></span> <span class='ocrx_word' id='word_1_2' title='bbox 659 469 833 515; x_wconf 75' lang='lat' dir='ltr'><strong><em>retrursus</em></strong></span> <span class='ocrx_word' id='word_1_3' title='bbox 855 468 894 514; x_wconf 83' lang='lat' dir='ltr'><strong><em>us</em></strong></span> <span class='ocrx_word' id='word_1_4' title='bbox 916 468 1048 515; x_wconf 76' lang='lat' dir='ltr'><strong><em>inurens.</em></strong></span> 
     </span>
    </p>
   </div>
   <div class='ocr_carea' id='block_1_2' title="bbox 206 590 1520 4315">
    <p class='ocr_par' dir='ltr' id='par_1_2' title="bbox 275 590 1520 1752">
     <span class='ocr_line' id='line_1_2' title="bbox 283 590 1520 683; baseline 0.002 -24"><span class='ocrx_word' id='word_1_5' title='bbox 283 592 378 673; x_wconf 86' lang='lat' dir='ltr'><strong><em>tium,</em></strong></span> <span class='ocrx_word' id='word_1_6' title='bbox 390 604 530 683; x_wconf 84' lang='lat' dir='ltr'><strong><em>propter</em></strong></span> <span class='ocrx_word' id='word_1_7' title='bbox 540 591 691 682; x_wconf 82' lang='lat' dir='ltr'><strong><em>partium</em></strong></span> <span class='ocrx_word' id='word_1_8' title='bbox 706 590 923 681; x_wconf 80' lang='lat' dir='ltr'><strong><em>consessiones,</em></strong></span> <span class='ocrx_word' id='word_1_9' title='bbox 942 604 972 657; x_wconf 91' lang='lat' dir='ltr'><strong><em>et</em></strong></span> <span class='ocrx_word' id='word_1_10' title='bbox 998 591 1156 659; x_wconf 73' lang='lat' dir='ltr'><em>articulos</em></span> <span class='ocrx_word' id='word_1_11' title='bbox 1177 590 1223 658; x_wconf 89' lang='lat' dir='ltr'><strong><em>ad</em></strong></span> <span class='ocrx_word' id='word_1_12' title='bbox 1247 590 1422 658; x_wconf 86' lang='lat' dir='ltr'><strong><em>clariorem</em></strong></span> <span class='ocrx_word' id='word_1_13' title='bbox 1508 625 1520 672; x_wconf 80' lang='grc' dir='ltr'><strong><em>,ῑ</em></strong></span> 
     </span>
     <span class='ocr_line' id='line_1_3' title="bbox 275 697 1514 791; baseline -0.001 -26"><span class='ocrx_word' id='word_1_14' title='bbox 275 698 516 791; x_wconf 81' lang='lat' dir='ltr'><strong><em>probationem,</em></strong></span> <span class='ocrx_word' id='word_1_15' title='bbox 533 720 609 766; x_wconf 77' lang='lat' dir='ltr'><strong><em>uem</em></strong></span> <span class='ocrx_word' id='word_1_16' title='bbox 620 697 788 789; x_wconf 75' lang='lat' dir='ltr'><strong><em>lonqaeous</em></strong></span> <span class='ocrx_word' id='word_1_17' title='bbox 801 698 836 767; x_wconf 85' lang='lat' dir='ltr'><strong><em>in</em></strong></span> <span class='ocrx_word' id='word_1_18' title='bbox 845 698 950 766; x_wconf 85' lang='lat' dir='ltr'><strong><em>causis</em></strong></span> <span class='ocrx_word' id='word_1_19' title='bbox 963 697 1120 781; x_wconf 85' lang='lat' dir='ltr'><strong><em>admisit,·</em></strong></span> <span class='ocrx_word' id='word_1_20' title='bbox 1132 700 1211 781; x_wconf 86' lang='lat' dir='ltr'><strong><em>Nos,</em></strong></span> <span class='ocrx_word' id='word_1_21' title='bbox 1225 720 1323 765; x_wconf 75' lang='lat' dir='ltr'><strong><em>uuam</em></strong></span> <span class='ocrx_word' id='word_1_22' title='bbox 1333 699 1424 788; x_wconf 76' lang='lat' dir='ltr'><strong><em>cjus·</em></strong></span> <span class='ocrx_word' id='word_1_23' title='bbox 1507 719 1514 782; x_wconf 68' lang='lat' dir='ltr'><strong><em>r</em></strong></span> 
     </span>
     <span class='ocr_line' id='line_1_4' title="bbox 280 803 1514 897; baseline 0 -25"><span class='ocrx_word' id='word_1_24' title='bbox 280 803 372 873; x_wconf 86' lang='lat' dir='ltr'><strong><em>modi</em></strong></span> <span class='ocrx_word' id='word_1_25' title='bbox 383 805 548 873; x_wconf 71' lang='lat' dir='ltr'><strong><em>adsummi</em></strong></span> <span class='ocrx_word' id='word_1_26' title='bbox 567 806 719 887; x_wconf 86' lang='lat' dir='ltr'><strong><em>volentes,</em></strong></span> <span class='ocrx_word' id='word_1_27' title='bbox 744 804 932 887; x_wconf 79' lang='lat' dir='ltr'><strong><em>statuimus,</em></strong></span> <span class='ocrx_word' id='word_1_28' title='bbox 955 816 995 873; x_wconf 88' lang='lat' dir='ltr'><strong><em>ut</em></strong></span> <span class='ocrx_word' id='word_1_29' title='bbox 1009 804 1119 896; x_wconf 80' lang='lat' dir='ltr'><strong><em>juder</em></strong></span> <span class='ocrx_word' id='word_1_30' title='bbox 1139 806 1185 873; x_wconf 87' lang='lat' dir='ltr'><strong><em>sic</em></strong></span> <span class='ocrx_word' id='word_1_31' title='bbox 1207 803 1388 897; x_wconf 85' lang='lat' dir='ltr'><strong><em>deputatus</em></strong></span> <span class='ocrx_word' id='word_1_32' title='bbox 1403 829 1424 872; x_wconf 92' lang='lat' dir='ltr'><strong><em>a</em></strong></span> <span class='ocrx_word' id='word_1_33' title='bbox 1510 829 1514 838; x_wconf 92' lang='lat'>·</span> 
     </span>
     <span class='ocr_line' id='line_1_5' title="bbox 280 910 1514 1003; baseline -0.001 -24"><span class='ocrx_word' id='word_1_34' title='bbox 280 912 391 992; x_wconf 82' lang='lat' dir='ltr'><strong><em>Nobis,</em></strong></span> <span class='ocrx_word' id='word_1_35' title='bbox 410 912 457 979; x_wconf 87' lang='lat' dir='ltr'><strong><em>ad</em></strong></span> <span class='ocrx_word' id='word_1_36' title='bbox 469 910 615 981; x_wconf 62' lang='lat' dir='ltr'><strong><em>mum</em></strong></span> <span class='ocrx_word' id='word_1_37' title='bbox 631 912 732 979; x_wconf 85' lang='lat' dir='ltr'><strong><em>simul</em></strong></span> <span class='ocrx_word' id='word_1_38' title='bbox 754 924 908 1003; x_wconf 86' lang='lat' dir='ltr'><strong><em>utrosque</em></strong></span> <span class='ocrx_word' id='word_1_39' title='bbox 932 912 1110 980; x_wconf 86' lang='lat' dir='ltr'><strong><em>terminum</em></strong></span> <span class='ocrx_word' id='word_1_40' title='bbox 1138 912 1218 980; x_wconf 85' lang='lat' dir='ltr'><strong><em>darc</em></strong></span> <span class='ocrx_word' id='word_1_41' title='bbox 1229 912 1347 1002; x_wconf 78' lang='lat' dir='ltr'><strong><em>possit.</em></strong></span> <span class='ocrx_word' id='word_1_42' title='bbox 1374 912 1425 979; x_wconf 89' lang='lat' dir='ltr'><strong><em>lbi</em></strong></span> <span class='ocrx_word' id='word_1_43' title='bbox 1510 910 1514 933; x_wconf 71' lang='lat'>¹</span> 
     </span>
     <span class='ocr_line' id='line_1_6' title="bbox 279 1018 1425 1109; baseline 0.001 -23"><span class='ocrx_word' id='word_1_44' title='bbox 279 1030 387 1108; x_wconf 88' lang='lat' dir='ltr'><strong><em>aperte</em></strong></span> <span class='ocrx_word' id='word_1_45' title='bbox 402 1018 595 1103; x_wconf 77' lang='lat' dir='ltr'><strong>declaratur,</strong></span> <span class='ocrx_word' id='word_1_46' title='bbox 612 1018 735 1086; x_wconf 87' lang='lat' dir='ltr'><strong><em>dictum</em></strong></span> <span class='ocrx_word' id='word_1_47' title='bbox 747 1041 845 1087; x_wconf 90' lang='lat' dir='ltr'><strong><em>usum</em></strong></span> <span class='ocrx_word' id='word_1_48' title='bbox 855 1018 1016 1108; x_wconf 79' lang='lat' dir='ltr'><strong><em>generalis</em></strong></span> <span class='ocrx_word' id='word_1_49' title='bbox 1026 1029 1059 1087; x_wconf 91' lang='lat' dir='ltr'><strong><em>et</em></strong></span> <span class='ocrx_word' id='word_1_50' title='bbox 1072 1020 1233 1109; x_wconf 81' lang='lat' dir='ltr'><strong><em>longaevae</em></strong></span> <span class='ocrx_word' id='word_1_51' title='bbox 1247 1028 1425 1087; x_wconf 87' lang='lat' dir='ltr'><strong><em>consuetu-</em></strong></span> 
     </span>
     <span class='ocr_line' id='line_1_7' title="bbox 280 1110 1427 1218; baseline 0 -25"><span class='ocrx_word' id='word_1_52' title='bbox 280 1124 368 1193; x_wconf 83' lang='lat' dir='ltr'><strong><em>dinis</em></strong></span> <span class='ocrx_word' id='word_1_53' title='bbox 382 1126 450 1193; x_wconf 90' lang='lat' dir='ltr'><strong><em>vim</em></strong></span> <span class='ocrx_word' id='word_1_54' title='bbox 466 1124 601 1211; x_wconf 90' lang='lat' dir='ltr'><strong><em>habere;</em></strong></span> <span class='ocrx_word' id='word_1_55' title='bbox 618 1148 659 1193; x_wconf 86' lang='lat' dir='ltr'><strong><em>ex</em></strong></span> <span class='ocrx_word' id='word_1_56' title='bbox 675 1110 741 1216; x_wconf 84' lang='lat' dir='ltr'><strong><em>qub</em></strong></span> <span class='ocrx_word' id='word_1_57' title='bbox 755 1124 826 1194; x_wconf 90' lang='lat' dir='ltr'><strong><em>solo</em></strong></span> <span class='ocrx_word' id='word_1_58' title='bbox 839 1125 1020 1195; x_wconf 87' lang='lat' dir='ltr'><strong><em>censendus</em></strong></span> <span class='ocrx_word' id='word_1_59' title='bbox 1034 1134 1118 1194; x_wconf 87' lang='lat' dir='ltr'><strong><em>esset</em></strong></span> <span class='ocrx_word' id='word_1_60' title='bbox 1130 1126 1232 1218; x_wconf 83' lang='lat' dir='ltr'><strong><em>injus</em></strong></span> <span class='ocrx_word' id='word_1_61' title='bbox 1244 1148 1427 1194; x_wconf 85' lang='lat' dir='ltr'><strong><em>commuue</em></strong></span> 
     </span>
     <span class='ocr_line' id='line_1_8' title="bbox 278 1233 1427 1326; baseline 0.002 -26"><span class='ocrx_word' id='word_1_62' title='bbox 278 1233 442 1301; x_wconf 84' lang='lat' dir='ltr'><strong><em>transisse.</em></strong></span> <span class='ocrx_word' id='word_1_63' title='bbox 459 1233 607 1302; x_wconf 87' lang='lat' dir='ltr'><strong><em>Declarat</em></strong></span> <span class='ocrx_word' id='word_1_64' title='bbox 621 1234 757 1326; x_wconf 89' lang='lat' dir='ltr'><strong><em>insuper</em></strong></span> <span class='ocrx_word' id='word_1_65' title='bbox 772 1234 924 1302; x_wconf 82' lang='lat' dir='ltr'><strong><em>Pontifex</em></strong></span> <span class='ocrx_word' id='word_1_66' title='bbox 941 1257 975 1302; x_wconf 86' lang='lat' dir='ltr'><strong><em>se</em></strong></span> <span class='ocrx_word' id='word_1_67' title='bbox 998 1234 1078 1304; x_wconf 82' lang='lat' dir='ltr'><strong><em>velle</em></strong></span> <span class='ocrx_word' id='word_1_68' title='bbox 1090 1234 1178 1302; x_wconf 80' lang='lat' dir='ltr'><strong><em>bunc</em></strong></span> <span class='ocrx_word' id='word_1_69' title='bbox 1193 1256 1292 1302; x_wconf 88' lang='lat' dir='ltr'><strong><em>usum</em></strong></span> <span class='ocrx_word' id='word_1_70' title='bbox 1314 1234 1427 1302; x_wconf 83' lang='lat' dir='ltr'><strong><em>obser-</em></strong></span> 
     </span>
     <span class='ocr_line' id='line_1_9' title="bbox 278 1340 1428 1434; baseline 0.003 -28"><span class='ocrx_word' id='word_1_71' title='bbox 278 1341 362 1421; x_wconf 83' lang='lat' dir='ltr'><strong><em>vari,</em></strong></span> <span class='ocrx_word' id='word_1_72' title='bbox 376 1340 475 1431; x_wconf 88' lang='lat' dir='ltr'><strong><em>idque</em></strong></span> <span class='ocrx_word' id='word_1_73' title='bbox 491 1341 611 1409; x_wconf 88' lang='lat' dir='ltr'><strong><em>dicitur</em></strong></span> <span class='ocrx_word' id='word_1_74' title='bbox 626 1340 822 1431; x_wconf 81' lang='lat' dir='ltr'><strong><em>generaliter</em></strong></span> <span class='ocrx_word' id='word_1_75' title='bbox 835 1350 867 1409; x_wconf 90' lang='lat' dir='ltr'><strong><em>et</em></strong></span> <span class='ocrx_word' id='word_1_76' title='bbox 882 1341 1004 1434; x_wconf 88' lang='lat' dir='ltr'><strong><em>absque</em></strong></span> <span class='ocrx_word' id='word_1_77' title='bbox 1018 1342 1231 1410; x_wconf 77' lang='lat' dir='ltr'><strong><em>restrictione.</em></strong></span> <span class='ocrx_word' id='word_1_78' title='bbox 1248 1340 1290 1408; x_wconf 84' lang='lat' dir='ltr'><strong><em>Et</em></strong></span> <span class='ocrx_word' id='word_1_79' title='bbox 1305 1364 1428 1409; x_wconf 90' lang='lat' dir='ltr'><strong><em>conse-</em></strong></span> 
     </span>
     <span class='ocr_line' id='line_1_10' title="bbox 278 1442 1428 1542; baseline 0.004 -30"><span class='ocrx_word' id='word_1_80' title='bbox 278 1456 414 1537; x_wconf 87' lang='lat' dir='ltr'><strong><em>quenter</em></strong></span> <span class='ocrx_word' id='word_1_81' title='bbox 429 1448 470 1514; x_wconf 92' lang='lat' dir='ltr'><strong><em>ad</em></strong></span> <span class='ocrx_word' id='word_1_82' title='bbox 491 1446 575 1516; x_wconf 89' lang='lat' dir='ltr'><strong><em>hauc</em></strong></span> <span class='ocrx_word' id='word_1_83' title='bbox 590 1449 806 1533; x_wconf 87' lang='lat' dir='ltr'><strong><em>voluntatem,</em></strong></span> <span class='ocrx_word' id='word_1_84' title='bbox 824 1442 971 1517; x_wconf 84' lang='lat' dir='ltr'><strong><em>decernit</em></strong></span> <span class='ocrx_word' id='word_1_85' title='bbox 988 1449 1023 1517; x_wconf 91' lang='lat' dir='ltr'><strong><em>in</em></strong></span> <span class='ocrx_word' id='word_1_86' title='bbox 1045 1448 1150 1542; x_wconf 88' lang='lat' dir='ltr'><strong><em>specie</em></strong></span> <span class='ocrx_word' id='word_1_87' title='bbox 1169 1446 1276 1540; x_wconf 87' lang='lat' dir='ltr'><strong><em>quoad</em></strong></span> <span class='ocrx_word' id='word_1_88' title='bbox 1299 1448 1428 1539; x_wconf 87' lang='lat' dir='ltr'><strong><em>judicia</em></strong></span> 
     </span>
     <span class='ocr_line' id='line_1_11' title="bbox 278 1552 1427 1645; baseline 0.001 -24"><span class='ocrx_word' id='word_1_89' title='bbox 278 1552 462 1621; x_wconf 87' lang='lat' dir='ltr'><strong><em>summaria</em></strong></span> <span class='ocrx_word' id='word_1_90' title='bbox 477 1552 528 1644; x_wconf 91' lang='lat' dir='ltr'><strong><em>(de</em></strong></span> <span class='ocrx_word' id='word_1_91' title='bbox 543 1554 663 1645; x_wconf 89' lang='lat' dir='ltr'><strong><em>quihus</em></strong></span> <span class='ocrx_word' id='word_1_92' title='bbox 674 1554 720 1623; x_wconf 92' lang='lat' dir='ltr'><strong><em>ibi</em></strong></span> <span class='ocrx_word' id='word_1_93' title='bbox 736 1554 870 1644; x_wconf 81' lang='lat' dir='ltr'><strong><em>agitur),</em></strong></span> <span class='ocrx_word' id='word_1_94' title='bbox 887 1577 980 1645; x_wconf 91' lang='lat' dir='ltr'><strong><em>posse</em></strong></span> <span class='ocrx_word' id='word_1_95' title='bbox 994 1578 1014 1621; x_wconf 91' lang='lat' dir='ltr'><strong><em>a</em></strong></span> <span class='ocrx_word' id='word_1_96' title='bbox 1026 1554 1136 1645; x_wconf 87' lang='lat' dir='ltr'><strong><em>judice</em></strong></span> <span class='ocrx_word' id='word_1_97' title='bbox 1151 1553 1331 1622; x_wconf 88' lang='lat' dir='ltr'><strong><em>terminum</em></strong></span> <span class='ocrx_word' id='word_1_98' title='bbox 1343 1554 1427 1622; x_wconf 86' lang='lat' dir='ltr'><strong><em>assi·</em></strong></span> 
     </span>
     <span class='ocr_line' id='line_1_12' title="bbox 279 1659 1130 1752; baseline 0.002 -25"><span class='ocrx_word' id='word_1_99' title='bbox 279 1661 386 1750; x_wconf 80' lang='lat' dir='ltr'><strong><em>gnari,</em></strong></span> <span class='ocrx_word' id='word_1_100' title='bbox 403 1659 444 1728; x_wconf 90' lang='lat' dir='ltr'><strong><em>ad</em></strong></span> <span class='ocrx_word' id='word_1_101' title='bbox 459 1660 606 1729; x_wconf 88' lang='lat' dir='ltr'><strong><em>dandum</em></strong></span> <span class='ocrx_word' id='word_1_102' title='bbox 621 1660 724 1728; x_wconf 85' lang='lat' dir='ltr'><strong><em>simul</em></strong></span> <span class='ocrx_word' id='word_1_103' title='bbox 735 1661 911 1752; x_wconf 83' lang='lat' dir='ltr'><strong><em>positiones</em></strong></span> <span class='ocrx_word' id='word_1_104' title='bbox 924 1670 956 1729; x_wconf 90' lang='lat' dir='ltr'><strong><em>et</em></strong></span> <span class='ocrx_word' id='word_1_105' title='bbox 965 1660 1130 1729; x_wconf 80' lang='lat' dir='ltr'><strong><em>articulos.</em></strong></span> 
     </span>
    </p>

    <p class='ocr_par' dir='ltr' id='par_1_3' title="bbox 277 1766 1520 2705">
     <span class='ocr_line' id='line_1_13' title="bbox 323 1766 1428 1860; baseline 0 -26"><span class='ocrx_word' id='word_1_106' title='bbox 323 1766 485 1835; x_wconf 81' lang='lat' dir='ltr'><strong><em>Probatur</em></strong></span> <span class='ocrx_word' id='word_1_107' title='bbox 501 1771 534 1833; x_wconf 80' lang='lat'><strong><em>2⁰</em></strong></span> <span class='ocrx_word' id='word_1_108' title='bbox 550 1790 591 1835; x_wconf 83' lang='lat' dir='ltr'><strong><em>ex</em></strong></span> <span class='ocrx_word' id='word_1_109' title='bbox 607 1768 710 1859; x_wconf 89' lang='lat' dir='ltr'><strong><em>capite</em></strong></span> <span class='ocrx_word' id='word_1_110' title='bbox 727 1767 879 1851; x_wconf 76' lang='lat' dir='ltr'><strong><em>Qualiter</em></strong></span> <span class='ocrx_word' id='word_1_111' title='bbox 894 1781 925 1835; x_wconf 88' lang='lat' dir='ltr'><strong><em>et</em></strong></span> <span class='ocrx_word' id='word_1_112' title='bbox 944 1766 1075 1860; x_wconf 85' lang='lat' dir='ltr'><strong><em>quando</em></strong></span> <span class='ocrx_word' id='word_1_113' title='bbox 1093 1769 1160 1859; x_wconf 73' lang='lat' dir='ltr'><strong><em>(il,</em></strong></span> <span class='ocrx_word' id='word_1_114' title='bbox 1177 1768 1217 1836; x_wconf 87' lang='lat' dir='ltr'><strong><em>dc</em></strong></span> <span class='ocrx_word' id='word_1_115' title='bbox 1231 1768 1372 1857; x_wconf 65' lang='lat' dir='ltr'><strong><em>Aaou),</em></strong></span> <span class='ocrx_word' id='word_1_116' title='bbox 1390 1769 1428 1835; x_wconf 92' lang='lat' dir='ltr'><strong><em>in</em></strong></span> 
     </span>
     <span class='ocr_line' id='line_1_14' title="bbox 278 1873 1429 1965; baseline 0.002 -26"><span class='ocrx_word' id='word_1_117' title='bbox 278 1895 343 1963; x_wconf 89' lang='lat' dir='ltr'><strong><em>quo</em></strong></span> <span class='ocrx_word' id='word_1_118' title='bbox 369 1873 414 1939; x_wconf 90' lang='lat' dir='ltr'><strong><em>sic</em></strong></span> <span class='ocrx_word' id='word_1_119' title='bbox 437 1873 621 1941; x_wconf 86' lang='lat' dir='ltr'><strong><em>decernitur</em></strong></span> <span class='ocrx_word' id='word_1_120' title='bbox 639 1874 745 1964; x_wconf 90' lang='lat' dir='ltr'><strong><em>quoad</em></strong></span> <span class='ocrx_word' id='word_1_121' title='bbox 766 1895 952 1965; x_wconf 86' lang='lat' dir='ltr'><strong><em>processum</em></strong></span> <span class='ocrx_word' id='word_1_122' title='bbox 973 1874 1177 1943; x_wconf 85' lang='lat' dir='ltr'><strong><em>criminalem</em></strong></span> <span class='ocrx_word' id='word_1_123' title='bbox 1191 1896 1250 1965; x_wconf 90' lang='lat' dir='ltr'><strong><em>per</em></strong></span> <span class='ocrx_word' id='word_1_124' title='bbox 1265 1874 1355 1942; x_wconf 87' lang='lat' dir='ltr'><strong><em>viam</em></strong></span> <span class='ocrx_word' id='word_1_125' title='bbox 1372 1873 1429 1941; x_wconf 90' lang='lat' dir='ltr'><strong><em>in-</em></strong></span> 
     </span>
     <span class='ocr_line' id='line_1_15' title="bbox 278 1978 1430 2073; baseline 0.003 -28"><span class='ocrx_word' id='word_1_126' title='bbox 278 1978 465 2070; x_wconf 91' lang='lat' dir='ltr'><strong><em>quisitionis</em></strong></span> <span class='ocrx_word' id='word_1_127' title='bbox 485 2006 492 2045; x_wconf 92' lang='lat'>:</span> <span class='ocrx_word' id='word_1_128' title='bbox 510 1980 609 2048; x_wconf 84' lang='lat' dir='ltr'><strong><em>Debet</em></strong></span> <span class='ocrx_word' id='word_1_129' title='bbox 631 1980 736 2071; x_wconf 80' lang='lat' dir='ltr'><strong><em>ipitur</em></strong></span> <span class='ocrx_word' id='word_1_130' title='bbox 756 2002 821 2049; x_wconf 84' lang='lat' dir='ltr'><strong><em>esse</em></strong></span> <span class='ocrx_word' id='word_1_131' title='bbox 832 2002 973 2072; x_wconf 71' lang='lat' dir='ltr'><strong><em>presens</em></strong></span> <span class='ocrx_word' id='word_1_132' title='bbox 988 1981 1016 2048; x_wconf 86' lang='lat' dir='ltr'><strong><em>is</em></strong></span> <span class='ocrx_word' id='word_1_133' title='bbox 1031 1992 1144 2050; x_wconf 91' lang='lat' dir='ltr'><strong><em>contra</em></strong></span> <span class='ocrx_word' id='word_1_134' title='bbox 1160 2002 1256 2073; x_wconf 83' lang='lat' dir='ltr'><strong><em>quem</em></strong></span> <span class='ocrx_word' id='word_1_135' title='bbox 1268 1981 1430 2072; x_wconf 79' lang='lat' dir='ltr'><strong><em>facienda</em></strong></span> 
     </span>
     <span class='ocr_line' id='line_1_16' title="bbox 281 2085 1520 2182; baseline 0.006 -31"><span class='ocrx_word' id='word_1_136' title='bbox 281 2098 327 2152; x_wconf 89' lang='lat' dir='ltr'><strong><em>cst</em></strong></span> <span class='ocrx_word' id='word_1_137' title='bbox 341 2085 521 2176; x_wconf 84' lang='lat' dir='ltr'><strong><em>inquisitio,</em></strong></span> <span class='ocrx_word' id='word_1_138' title='bbox 546 2086 610 2154; x_wconf 84' lang='lat' dir='ltr'><strong><em>nisi</em></strong></span> <span class='ocrx_word' id='word_1_139' title='bbox 628 2108 661 2155; x_wconf 91' lang='lat' dir='ltr'><strong><em>se</em></strong></span> <span class='ocrx_word' id='word_1_140' title='bbox 678 2109 739 2178; x_wconf 81' lang='lat' dir='ltr'><strong><em>per</em></strong></span> <span class='ocrx_word' id='word_1_141' title='bbox 756 2088 997 2157; x_wconf 81' lang='lat' dir='ltr'><strong><em>contumaciam</em></strong></span> <span class='ocrx_word' id='word_1_142' title='bbox 1013 2088 1231 2158; x_wconf 80' lang='lat' dir='ltr'><strong><em>absentaverit</em></strong></span> <span class='ocrx_word' id='word_1_143' title='bbox 1248 2116 1259 2155; x_wconf 91' lang='grc'><strong><em>.·</em></strong></span> <span class='ocrx_word' id='word_1_144' title='bbox 1274 2103 1305 2157; x_wconf 88' lang='lat' dir='ltr'><strong><em>et</em></strong></span> <span class='ocrx_word' id='word_1_145' title='bbox 1324 2112 1430 2181; x_wconf 76' lang='lat' dir='ltr'><strong><em>expa-</em></strong></span> <span class='ocrx_word' id='word_1_146' title='bbox 1518 2111 1520 2182; x_wconf 59' lang='lat' dir='ltr'><strong><em>t</em></strong></span> 
     </span>
     <span class='ocr_line' id='line_1_17' title="bbox 280 2192 1431 2288; baseline 0.004 -28"><span class='ocrx_word' id='word_1_147' title='bbox 280 2192 388 2261; x_wconf 86' lang='lat' dir='ltr'><strong><em>nenda</em></strong></span> <span class='ocrx_word' id='word_1_148' title='bbox 403 2206 478 2260; x_wconf 89' lang='lat' dir='ltr'><strong><em>sunt</em></strong></span> <span class='ocrx_word' id='word_1_149' title='bbox 502 2193 533 2260; x_wconf 88' lang='lat' dir='ltr'><strong><em>ei</em></strong></span> <span class='ocrx_word' id='word_1_150' title='bbox 553 2193 613 2260; x_wconf 91' lang='lat' dir='ltr'><strong><em>illa</em></strong></span> <span class='ocrx_word' id='word_1_151' title='bbox 640 2194 790 2286; x_wconf 84' lang='lat' dir='ltr'><strong><em>capitula</em></strong></span> <span class='ocrx_word' id='word_1_152' title='bbox 803 2194 843 2262; x_wconf 83' lang='lat' dir='ltr'><strong><em>de</em></strong></span> <span class='ocrx_word' id='word_1_153' title='bbox 863 2195 980 2286; x_wconf 85' lang='lat' dir='ltr'><strong><em>quidus</em></strong></span> <span class='ocrx_word' id='word_1_154' title='bbox 998 2198 1103 2286; x_wconf 78' lang='lat' dir='ltr'><strong><em>fuerit</em></strong></span> <span class='ocrx_word' id='word_1_155' title='bbox 1126 2196 1368 2288; x_wconf 67' lang='lat' dir='ltr'><strong><em>inquinandum,</em></strong></span> <span class='ocrx_word' id='word_1_156' title='bbox 1387 2210 1431 2264; x_wconf 87' lang='lat' dir='ltr'><strong><em>ut</em></strong></span> 
     </span>
     <span class='ocr_line' id='line_1_18' title="bbox 277 2300 1431 2396; baseline 0.004 -29"><span class='ocrx_word' id='word_1_157' title='bbox 277 2300 473 2391; x_wconf 75' lang='lat' dir='ltr'><strong><em>facultatem</em></strong></span> <span class='ocrx_word' id='word_1_158' title='bbox 486 2300 606 2369; x_wconf 82' lang='lat' dir='ltr'><strong><em>babeat</em></strong></span> <span class='ocrx_word' id='word_1_159' title='bbox 622 2300 816 2392; x_wconf 80' lang='lat' dir='ltr'><strong><em>defendendi</em></strong></span> <span class='ocrx_word' id='word_1_160' title='bbox 829 2302 981 2394; x_wconf 74' lang='lat' dir='ltr'><strong><em>smpurm.</em></strong></span> <span class='ocrx_word' id='word_1_161' title='bbox 1000 2302 1051 2371; x_wconf 81' lang='lat' dir='ltr'><strong><em>Ex</em></strong></span> <span class='ocrx_word' id='word_1_162' title='bbox 1065 2302 1118 2371; x_wconf 89' lang='lat' dir='ltr'><strong><em>his</em></strong></span> <span class='ocrx_word' id='word_1_163' title='bbox 1132 2312 1164 2371; x_wconf 91' lang='lat' dir='ltr'><strong><em>et</em></strong></span> <span class='ocrx_word' id='word_1_164' title='bbox 1175 2303 1353 2390; x_wconf 86' lang='lat' dir='ltr'><strong><em>similibus,</em></strong></span> <span class='ocrx_word' id='word_1_165' title='bbox 1367 2306 1431 2396; x_wconf 88' lang='lat' dir='ltr'><strong><em>qui</em></strong></span> 
     </span>
     <span class='ocr_line' id='line_1_19' title="bbox 277 2407 1519 2500; baseline 0.001 -25"><span class='ocrx_word' id='word_1_166' title='bbox 277 2407 354 2475; x_wconf 89' lang='lat' dir='ltr'><strong><em>addi</em></strong></span> <span class='ocrx_word' id='word_1_167' title='bbox 371 2414 515 2499; x_wconf 87' lang='lat' dir='ltr'><strong><em>possent,</em></strong></span> <span class='ocrx_word' id='word_1_168' title='bbox 533 2407 688 2494; x_wconf 84' lang='lat' dir='ltr'><strong><em>textibus,</em></strong></span> <span class='ocrx_word' id='word_1_169' title='bbox 707 2409 746 2475; x_wconf 89' lang='lat' dir='ltr'><strong><em>de</em></strong></span> <span class='ocrx_word' id='word_1_170' title='bbox 759 2410 835 2500; x_wconf 88' lang='lat' dir='ltr'><strong><em>jure</em></strong></span> <span class='ocrx_word' id='word_1_171' title='bbox 848 2409 1016 2477; x_wconf 88' lang='lat' dir='ltr'><strong><em>communi</em></strong></span> <span class='ocrx_word' id='word_1_172' title='bbox 1031 2408 1210 2477; x_wconf 87' lang='lat' dir='ltr'><strong><em>servandus</em></strong></span> <span class='ocrx_word' id='word_1_173' title='bbox 1220 2409 1351 2478; x_wconf 89' lang='lat' dir='ltr'><strong><em>videtur</em></strong></span> <span class='ocrx_word' id='word_1_174' title='bbox 1361 2430 1431 2500; x_wconf 85' lang='lat' dir='ltr'><strong><em>po·</em></strong></span> <span class='ocrx_word' id='word_1_175' title='bbox 1518 2427 1519 2476; x_wconf 61' lang='grc' dir='ltr'><em>ὲ</em></span> 
     </span>
     <span class='ocr_line' id='line_1_20' title="bbox 278 2514 1520 2614; baseline 0.002 -33"><span class='ocrx_word' id='word_1_176' title='bbox 278 2514 437 2582; x_wconf 88' lang='lat' dir='ltr'><strong><em>sitionum</em></strong></span> <span class='ocrx_word' id='word_1_177' title='bbox 457 2522 488 2581; x_wconf 90' lang='lat' dir='ltr'><strong><em>et</em></strong></span> <span class='ocrx_word' id='word_1_178' title='bbox 503 2514 721 2581; x_wconf 85' lang='lat' dir='ltr'><strong><em>articulorum</em></strong></span> <span class='ocrx_word' id='word_1_179' title='bbox 738 2516 772 2582; x_wconf 91' lang='lat' dir='ltr'><strong><em>in</em></strong></span> <span class='ocrx_word' id='word_1_180' title='bbox 788 2514 879 2582; x_wconf 89' lang='lat' dir='ltr'><strong><em>civili</em></strong></span> <span class='ocrx_word' id='word_1_181' title='bbox 895 2538 1061 2606; x_wconf 89' lang='lat' dir='ltr'><strong><em>processu,</em></strong></span> <span class='ocrx_word' id='word_1_182' title='bbox 1076 2516 1300 2607; x_wconf 84' lang='lat' dir='ltr'><strong><em>capitulorum</em></strong></span> <span class='ocrx_word' id='word_1_183' title='bbox 1314 2524 1431 2583; x_wconf 86' lang='lat' dir='ltr'><strong><em>autem</em></strong></span> <span class='ocrx_word' id='word_1_184' title='bbox 1518 2521 1520 2614; x_wconf 63' lang='lat' dir='ltr'><strong><em>t</em></strong></span> 
     </span>
     <span class='ocr_line' id='line_1_21' title="bbox 279 2620 612 2705; baseline -0.003 -17"><span class='ocrx_word' id='word_1_185' title='bbox 279 2622 313 2688; x_wconf 92' lang='lat' dir='ltr'><strong><em>in</em></strong></span> <span class='ocrx_word' id='word_1_186' title='bbox 330 2620 506 2705; x_wconf 86' lang='lat' dir='ltr'><strong><em>criminali,</em></strong></span> <span class='ocrx_word' id='word_1_187' title='bbox 520 2642 612 2687; x_wconf 86' lang='lat' dir='ltr'><strong><em>usus.</em></strong></span> 
     </span>
    </p>

    <p class='ocr_par' dir='ltr' id='par_1_4' title="bbox 279 2719 1520 2927">
     <span class='ocr_line' id='line_1_22' title="bbox 325 2727 1520 2816; baseline 0.004 -21"><span class='ocrx_word' id='word_1_188' title='bbox 325 2730 360 2795; x_wconf 89' lang='lat' dir='ltr'><strong><em>ln</em></strong></span> <span class='ocrx_word' id='word_1_189' title='bbox 379 2727 489 2795; x_wconf 90' lang='lat' dir='ltr'><strong><em>multis</em></strong></span> <span class='ocrx_word' id='word_1_190' title='bbox 511 2734 621 2794; x_wconf 89' lang='lat' dir='ltr'><strong><em>tamen</em></strong></span> <span class='ocrx_word' id='word_1_191' title='bbox 647 2728 747 2795; x_wconf 90' lang='lat' dir='ltr'><strong><em>curiis</em></strong></span> <span class='ocrx_word' id='word_1_192' title='bbox 762 2728 995 2816; x_wconf 85' lang='lat' dir='ltr'><strong><em>ecclesiasticis,</em></strong></span> <span class='ocrx_word' id='word_1_193' title='bbox 1018 2738 1054 2797; x_wconf 90' lang='lat' dir='ltr'><strong><em>ut</em></strong></span> <span class='ocrx_word' id='word_1_194' title='bbox 1077 2730 1228 2798; x_wconf 91' lang='lat' dir='ltr'><strong><em>nonnulli</em></strong></span> <span class='ocrx_word' id='word_1_195' title='bbox 1249 2731 1432 2800; x_wconf 68' lang='lat' dir='ltr'><strong><em>canonista</em></strong></span> <span class='ocrx_word' id='word_1_196' title='bbox 1518 2782 1520 2815; x_wconf 38' lang='lat'>1</span> 
     </span>
     <span class='ocr_line' id='line_1_23' title="bbox 279 2833 1520 2927; baseline 0.002 -25"><span class='ocrx_word' id='word_1_197' title='bbox 279 2842 450 2921; x_wconf 85' lang='lat' dir='ltr'><strong><em>testantur,</em></strong></span> <span class='ocrx_word' id='word_1_198' title='bbox 467 2833 606 2902; x_wconf 87' lang='lat' dir='ltr'><strong><em>invaluit</em></strong></span> <span class='ocrx_word' id='word_1_199' title='bbox 619 2836 782 2902; x_wconf 86' lang='lat' dir='ltr'><strong><em>contraria</em></strong></span> <span class='ocrx_word' id='word_1_200' title='bbox 796 2846 827 2903; x_wconf 86' lang='lat' dir='ltr'><strong><em>et</em></strong></span> <span class='ocrx_word' id='word_1_201' title='bbox 842 2834 987 2925; x_wconf 77' lang='lat' dir='ltr'><strong><em>legitime</em></strong></span> <span class='ocrx_word' id='word_1_202' title='bbox 999 2836 1190 2927; x_wconf 73' lang='lat' dir='ltr'><strong><em>prescripta</em></strong></span> <span class='ocrx_word' id='word_1_203' title='bbox 1201 2836 1403 2904; x_wconf 87' lang='lat' dir='ltr'><strong><em>consuetudo</em></strong></span> <span class='ocrx_word' id='word_1_204' title='bbox 1419 2866 1428 2905; x_wconf 90' lang='lat'>:</span> <span class='ocrx_word' id='word_1_205' title='bbox 1518 2877 1520 2926; x_wconf 39' lang='grc' dir='ltr'><strong>ξ</strong></span> 
     </span>
    </p>

    <p class='ocr_par' dir='ltr' id='par_1_5' title="bbox 206 2942 1519 3036">
     <span class='ocr_line' id='line_1_24' title="bbox 206 2942 1519 3036; baseline 0.002 -27"><span class='ocrx_word' id='word_1_206' title='bbox 206 2988 211 2999; x_wconf 81' lang='lat'>-</span> <span class='ocrx_word' id='word_1_207' title='bbox 278 2950 315 3009; x_wconf 90' lang='lat' dir='ltr'><strong><em>ut</em></strong></span> <span class='ocrx_word' id='word_1_208' title='bbox 326 2962 442 3031; x_wconf 87' lang='lat' dir='ltr'><strong><em>nempe</em></strong></span> <span class='ocrx_word' id='word_1_209' title='bbox 458 2946 529 3031; x_wconf 90' lang='lat' dir='ltr'><strong><em>post</em></strong></span> <span class='ocrx_word' id='word_1_210' title='bbox 545 2948 755 3008; x_wconf 89' lang='lat' dir='ltr'><strong><em>contestatam</em></strong></span> <span class='ocrx_word' id='word_1_211' title='bbox 771 2942 875 3026; x_wconf 88' lang='lat' dir='ltr'><strong><em>litem,</em></strong></span> <span class='ocrx_word' id='word_1_212' title='bbox 893 2942 1024 3009; x_wconf 85' lang='lat' dir='ltr'><strong><em>omissis</em></strong></span> <span class='ocrx_word' id='word_1_213' title='bbox 1035 2942 1196 3033; x_wconf 85' lang='lat' dir='ltr'><strong><em>ejusmodi</em></strong></span> <span class='ocrx_word' id='word_1_214' title='bbox 1208 2944 1432 3036; x_wconf 86' lang='lat' dir='ltr'><strong><em>positionibus</em></strong></span> <span class='ocrx_word' id='word_1_215' title='bbox 1518 2957 1519 3020; x_wconf 61' lang='grc' dir='ltr'>ξ</span> 
     </span>
    </p>

    <p class='ocr_par' dir='ltr' id='par_1_6' title="bbox 279 3045 1520 3221">
     <span class='ocr_line' id='line_1_25' title="bbox 279 3045 1520 3141; baseline 0.003 -26"><span class='ocrx_word' id='word_1_216' title='bbox 279 3056 311 3115; x_wconf 91' lang='lat' dir='ltr'><strong><em>et</em></strong></span> <span class='ocrx_word' id='word_1_217' title='bbox 335 3047 492 3133; x_wconf 89' lang='lat' dir='ltr'><strong><em>articulis,</em></strong></span> <span class='ocrx_word' id='word_1_218' title='bbox 511 3045 735 3137; x_wconf 88' lang='lat' dir='ltr'><strong><em>producantur</em></strong></span> <span class='ocrx_word' id='word_1_219' title='bbox 749 3055 781 3116; x_wconf 92' lang='lat' dir='ltr'><strong><em>et</em></strong></span> <span class='ocrx_word' id='word_1_220' title='bbox 797 3048 1028 3116; x_wconf 83' lang='lat' dir='ltr'><strong><em>examinentur</em></strong></span> <span class='ocrx_word' id='word_1_221' title='bbox 1042 3056 1138 3117; x_wconf 87' lang='lat' dir='ltr'><strong><em>testes</em></strong></span> <span class='ocrx_word' id='word_1_222' title='bbox 1154 3072 1253 3141; x_wconf 88' lang='lat' dir='ltr'><strong><em>snper</em></strong></span> <span class='ocrx_word' id='word_1_223' title='bbox 1267 3052 1434 3119; x_wconf 79' lang='lat' dir='ltr'><strong><em>metentis</em></strong></span> <span class='ocrx_word' id='word_1_224' title='bbox 1518 3045 1520 3108; x_wconf 77' lang='grc' dir='ltr'>ἶ</span> 
     </span>
     <span class='ocr_line' id='line_1_26' title="bbox 282 3152 1519 3221; baseline -0.006 0"><span class='ocrx_word' id='word_1_225' title='bbox 282 3156 316 3221; x_wconf 91' lang='lat' dir='ltr'><strong><em>in</em></strong></span> <span class='ocrx_word' id='word_1_226' title='bbox 328 3152 449 3221; x_wconf 90' lang='lat' dir='ltr'><strong><em>libello.</em></strong></span> <span class='ocrx_word' id='word_1_227' title='bbox 1518 3161 1519 3168; x_wconf 76' lang='grc'>’</span> 
     </span>
    </p>

    <p class='ocr_par' dir='ltr' id='par_1_7' title="bbox 277 3260 1519 4206">
     <span class='ocr_line' id='line_1_27' title="bbox 325 3260 1432 3357; baseline 0.005 -30"><span class='ocrx_word' id='word_1_228' title='bbox 325 3261 506 3328; x_wconf 81' lang='lat' dir='ltr'><strong><em>Prorosruo</em></strong></span> <span class='ocrx_word' id='word_1_229' title='bbox 520 3260 577 3327; x_wconf 71' lang='lat' dir='ltr'><strong><em>lta.</em></strong></span> <span class='ocrx_word' id='word_1_230' title='bbox 597 3299 641 3311; x_wconf 94' lang='lat'>-</span> <span class='ocrx_word' id='word_1_231' title='bbox 665 3263 702 3328; x_wconf 91' lang='lat' dir='ltr'><strong><em>ln</em></strong></span> <span class='ocrx_word' id='word_1_232' title='bbox 722 3282 877 3351; x_wconf 86' lang='lat' dir='ltr'><strong><em>processu</em></strong></span> <span class='ocrx_word' id='word_1_233' title='bbox 908 3261 1008 3343; x_wconf 84' lang='lat' dir='ltr'><strong><em>ciuili,</em></strong></span> <span class='ocrx_word' id='word_1_234' title='bbox 1020 3262 1081 3353; x_wconf 89' lang='lat' dir='ltr'><strong><em>jus</em></strong></span> <span class='ocrx_word' id='word_1_235' title='bbox 1105 3264 1315 3354; x_wconf 80' lang='lat' dir='ltr'><strong><em>proponendi</em></strong></span> <span class='ocrx_word' id='word_1_236' title='bbox 1329 3266 1432 3357; x_wconf 83' lang='lat' dir='ltr'><strong><em>posi-</em></strong></span> 
     </span>
     <span class='ocr_line' id='line_1_28' title="bbox 281 3366 1519 3450; baseline 0.003 -15"><span class='ocrx_word' id='word_1_237' title='bbox 281 3369 381 3436; x_wconf 87' lang='lat' dir='ltr'><strong><em>tiones</em></strong></span> <span class='ocrx_word' id='word_1_238' title='bbox 397 3380 427 3433; x_wconf 91' lang='lat' dir='ltr'><strong><em>et</em></strong></span> <span class='ocrx_word' id='word_1_239' title='bbox 439 3366 609 3447; x_wconf 84' lang='lat' dir='ltr'><strong><em>articulos,</em></strong></span> <span class='ocrx_word' id='word_1_240' title='bbox 625 3388 691 3435; x_wconf 90' lang='lat' dir='ltr'><strong><em>non</em></strong></span> <span class='ocrx_word' id='word_1_241' title='bbox 707 3379 841 3434; x_wconf 91' lang='lat' dir='ltr'><strong><em>tantum</em></strong></span> <span class='ocrx_word' id='word_1_242' title='bbox 856 3366 904 3435; x_wconf 87' lang='lat' dir='ltr'><strong><em>ad</em></strong></span> <span class='ocrx_word' id='word_1_243' title='bbox 914 3380 1071 3450; x_wconf 90' lang='lat' dir='ltr'><strong><em>actorem,</em></strong></span> <span class='ocrx_word' id='word_1_244' title='bbox 1088 3368 1258 3437; x_wconf 87' lang='lat' dir='ltr'><strong><em>sedetiam</em></strong></span> <span class='ocrx_word' id='word_1_245' title='bbox 1273 3370 1321 3439; x_wconf 87' lang='lat' dir='ltr'><strong><em>ad</em></strong></span> <span class='ocrx_word' id='word_1_246' title='bbox 1332 3393 1432 3439; x_wconf 88' lang='lat' dir='ltr'><strong><em>rcum</em></strong></span> <span class='ocrx_word' id='word_1_247' title='bbox 1518 3367 1519 3370; x_wconf 50' lang='lat'>&#39;</span> 
     </span>
     <span class='ocr_line' id='line_1_29' title="bbox 277 3472 1430 3568; baseline 0.003 -26"><span class='ocrx_word' id='word_1_248' title='bbox 277 3475 429 3567; x_wconf 86' lang='lat' dir='ltr'><strong><em>pertinet.</em></strong></span> <span class='ocrx_word' id='word_1_249' title='bbox 446 3512 491 3527; x_wconf 87' lang='lat'><em>-</em></span> <span class='ocrx_word' id='word_1_250' title='bbox 506 3474 541 3541; x_wconf 86' lang='lat' dir='ltr'><strong><em>ld</em></strong></span> <span class='ocrx_word' id='word_1_251' title='bbox 549 3472 657 3565; x_wconf 87' lang='lat' dir='ltr'><strong><em>quoad</em></strong></span> <span class='ocrx_word' id='word_1_252' title='bbox 669 3474 845 3566; x_wconf 89' lang='lat' dir='ltr'><strong><em>positiones</em></strong></span> <span class='ocrx_word' id='word_1_253' title='bbox 859 3474 904 3541; x_wconf 88' lang='lat' dir='ltr'><strong><em>sic</em></strong></span> <span class='ocrx_word' id='word_1_254' title='bbox 913 3474 1053 3543; x_wconf 82' lang='lat' dir='ltr'><strong><em>affirmat</em></strong></span> <span class='ocrx_word' id='word_1_255' title='bbox 1060 3476 1266 3565; x_wconf 79' lang='lat' dir='ltr'><strong><em>Pellegrinus</em></strong></span> <span class='ocrx_word' id='word_1_256' title='bbox 1280 3478 1430 3568; x_wconf 72' lang='lat' dir='ltr'><strong><em>(partet,</em></strong></span> 
     </span>
     <span class='ocr_line' id='line_1_30' title="bbox 280 3580 1519 3673; baseline 0 -22"><span class='ocrx_word' id='word_1_257' title='bbox 280 3591 356 3651; x_wconf 87' lang='lat' dir='ltr'><strong><em>sect.</em></strong></span> <span class='ocrx_word' id='word_1_258' title='bbox 377 3586 408 3665; x_wconf 82' lang='lat'><strong><em>2,</em></strong></span> <span class='ocrx_word' id='word_1_259' title='bbox 427 3581 566 3648; x_wconf 88' lang='lat' dir='ltr'><strong><em>subsect.</em></strong></span> <span class='ocrx_word' id='word_1_260' title='bbox 586 3584 619 3666; x_wconf 84' lang='lat' dir='ltr'><strong><em>t,</em></strong></span> <span class='ocrx_word' id='word_1_261' title='bbox 636 3602 670 3647; x_wconf 93' lang='lat' dir='ltr'><strong><em>n.</em></strong></span> <span class='ocrx_word' id='word_1_262' title='bbox 689 3580 719 3670; x_wconf 86' lang='lat' dir='ltr'><strong><em>t)</em></strong></span> <span class='ocrx_word' id='word_1_263' title='bbox 741 3606 747 3646; x_wconf 93' lang='lat'><strong>:</strong></span> <span class='ocrx_word' id='word_1_264' title='bbox 771 3605 788 3644; x_wconf 83' lang='lat' dir='ltr'><strong><em>r</em></strong></span> <span class='ocrx_word' id='word_1_265' title='bbox 805 3580 899 3648; x_wconf 86' lang='lat' dir='ltr'><strong><em>Alius</em></strong></span> <span class='ocrx_word' id='word_1_266' title='bbox 914 3587 1004 3648; x_wconf 90' lang='lat' dir='ltr'><strong><em>actus</em></strong></span> <span class='ocrx_word' id='word_1_267' title='bbox 1019 3582 1077 3672; x_wconf 89' lang='lat' dir='ltr'><strong><em>qui</em></strong></span> <span class='ocrx_word' id='word_1_268' title='bbox 1092 3582 1242 3673; x_wconf 86' lang='lat' dir='ltr'><strong><em>sequitur</em></strong></span> <span class='ocrx_word' id='word_1_269' title='bbox 1256 3582 1432 3673; x_wconf 85' lang='lat' dir='ltr'><strong><em>injudicio</em></strong></span> <span class='ocrx_word' id='word_1_270' title='bbox 1518 3581 1519 3584; x_wconf 63' lang='grc'>’</span> 
     </span>
     <span class='ocr_line' id='line_1_31' title="bbox 285 3686 1433 3780; baseline 0.004 -27"><span class='ocrx_word' id='word_1_271' title='bbox 285 3714 302 3753; x_wconf 85' lang='lat' dir='ltr'><strong><em>u</em></strong></span> <span class='ocrx_word' id='word_1_272' title='bbox 327 3696 397 3779; x_wconf 90' lang='lat' dir='ltr'><strong><em>post</em></strong></span> <span class='ocrx_word' id='word_1_273' title='bbox 413 3686 527 3753; x_wconf 90' lang='lat' dir='ltr'><strong><em>datum</em></strong></span> <span class='ocrx_word' id='word_1_274' title='bbox 544 3686 721 3752; x_wconf 86' lang='lat' dir='ltr'><strong><em>terminum</em></strong></span> <span class='ocrx_word' id='word_1_275' title='bbox 738 3686 961 3777; x_wconf 89' lang='lat' dir='ltr'><strong><em>probatorium</em></strong></span> <span class='ocrx_word' id='word_1_276' title='bbox 976 3699 1036 3773; x_wconf 89' lang='lat' dir='ltr'><strong><em>eet,</em></strong></span> <span class='ocrx_word' id='word_1_277' title='bbox 1052 3687 1139 3780; x_wconf 91' lang='lat' dir='ltr'><strong><em>quod</em></strong></span> <span class='ocrx_word' id='word_1_278' title='bbox 1152 3687 1236 3756; x_wconf 89' lang='lat' dir='ltr'><strong><em>fiunt</em></strong></span> <span class='ocrx_word' id='word_1_279' title='bbox 1247 3690 1433 3780; x_wconf 89' lang='lat' dir='ltr'><strong><em>positiones</em></strong></span> 
     </span>
     <span class='ocr_line' id='line_1_32' title="bbox 283 3792 1434 3886; baseline 0.003 -26"><span class='ocrx_word' id='word_1_280' title='bbox 283 3821 301 3860; x_wconf 80' lang='lat' dir='ltr'><strong><em>a</em></strong></span> <span class='ocrx_word' id='word_1_281' title='bbox 324 3816 381 3885; x_wconf 90' lang='lat' dir='ltr'><strong><em>per</em></strong></span> <span class='ocrx_word' id='word_1_282' title='bbox 404 3802 577 3883; x_wconf 90' lang='lat' dir='ltr'><strong><em>utramque</em></strong></span> <span class='ocrx_word' id='word_1_283' title='bbox 605 3802 742 3883; x_wconf 89' lang='lat' dir='ltr'><strong><em>partem,</em></strong></span> <span class='ocrx_word' id='word_1_284' title='bbox 772 3793 850 3861; x_wconf 91' lang='lat' dir='ltr'><strong><em>hinc</em></strong></span> <span class='ocrx_word' id='word_1_285' title='bbox 873 3792 968 3873; x_wconf 90' lang='lat' dir='ltr'><strong><em>inde;</em></strong></span> <span class='ocrx_word' id='word_1_286' title='bbox 996 3817 1057 3886; x_wconf 90' lang='lat' dir='ltr'><strong><em>per</em></strong></span> <span class='ocrx_word' id='word_1_287' title='bbox 1084 3805 1225 3863; x_wconf 90' lang='lat' dir='ltr'><strong><em>actorem</em></strong></span> <span class='ocrx_word' id='word_1_288' title='bbox 1250 3797 1369 3864; x_wconf 88' lang='lat' dir='ltr'><strong><em>scilicet</em></strong></span> <span class='ocrx_word' id='word_1_289' title='bbox 1398 3810 1434 3866; x_wconf 91' lang='lat' dir='ltr'><strong><em>et</em></strong></span> 
     </span>
     <span class='ocr_line' id='line_1_33' title="bbox 286 3899 1519 3992; baseline 0.006 -25"><span class='ocrx_word' id='word_1_290' title='bbox 286 3928 303 3967; x_wconf 79' lang='lat' dir='ltr'><strong><em>a</em></strong></span> <span class='ocrx_word' id='word_1_291' title='bbox 326 3924 440 3986; x_wconf 83' lang='lat' dir='ltr'><strong><em>reum3</em></strong></span> <span class='ocrx_word' id='word_1_292' title='bbox 457 3900 498 3967; x_wconf 88' lang='lat' dir='ltr'><strong><em>ad</em></strong></span> <span class='ocrx_word' id='word_1_293' title='bbox 522 3920 602 3988; x_wconf 87' lang='lat' dir='ltr'><strong><em>quas</em></strong></span> <span class='ocrx_word' id='word_1_294' title='bbox 619 3899 816 3990; x_wconf 90' lang='lat' dir='ltr'><strong><em>respondere</em></strong></span> <span class='ocrx_word' id='word_1_295' title='bbox 830 3909 982 3969; x_wconf 88' lang='lat' dir='ltr'><strong><em>tenentur</em></strong></span> <span class='ocrx_word' id='word_1_296' title='bbox 992 3902 1090 3970; x_wconf 87' lang='lat' dir='ltr'><strong><em>ambo</em></strong></span> <span class='ocrx_word' id='word_1_297' title='bbox 1104 3904 1315 3992; x_wconf 88' lang='lat' dir='ltr'><strong><em>perverbum</em></strong></span> <span class='ocrx_word' id='word_1_298' title='bbox 1333 3903 1433 3971; x_wconf 76' lang='lat' dir='ltr'><strong><em>medo</em></strong></span> <span class='ocrx_word' id='word_1_299' title='bbox 1518 3965 1519 3974; x_wconf 73' lang='grc'>,</span> 
     </span>
     <span class='ocr_line' id='line_1_34' title="bbox 285 4004 1519 4098; baseline 0.003 -23"><span class='ocrx_word' id='word_1_300' title='bbox 285 4036 304 4075; x_wconf 80' lang='lat' dir='ltr'><strong><em>a</em></strong></span> <span class='ocrx_word' id='word_1_301' title='bbox 327 4009 378 4078; x_wconf 89' lang='lat' dir='ltr'><strong><em>vel</em></strong></span> <span class='ocrx_word' id='word_1_302' title='bbox 404 4030 469 4075; x_wconf 91' lang='lat' dir='ltr'><strong><em>non</em></strong></span> <span class='ocrx_word' id='word_1_303' title='bbox 484 4004 590 4087; x_wconf 78' lang='lat' dir='ltr'><strong><em>medo,</em></strong></span> <span class='ocrx_word' id='word_1_304' title='bbox 614 4006 683 4073; x_wconf 89' lang='lat' dir='ltr'><strong><em>sine</em></strong></span> <span class='ocrx_word' id='word_1_305' title='bbox 702 4008 878 4098; x_wconf 75' lang='lat' dir='ltr'><strong><em>praesentia</em></strong></span> <span class='ocrx_word' id='word_1_306' title='bbox 898 4009 1116 4098; x_wconf 88' lang='lat' dir='ltr'><strong><em>procuratoris</em></strong></span> <span class='ocrx_word' id='word_1_307' title='bbox 1136 4009 1188 4077; x_wconf 87' lang='lat' dir='ltr'><strong><em>vel</em></strong></span> <span class='ocrx_word' id='word_1_308' title='bbox 1212 4010 1373 4097; x_wconf 84' lang='lat' dir='ltr'><strong><em>advocati,</em></strong></span> <span class='ocrx_word' id='word_1_309' title='bbox 1398 4022 1433 4079; x_wconf 90' lang='lat' dir='ltr'><strong><em>et</em></strong></span> <span class='ocrx_word' id='word_1_310' title='bbox 1518 4085 1519 4094; x_wconf 8' lang='grc' dir='ltr'>χ</span> 
     </span>
     <span class='ocr_line' id='line_1_35' title="bbox 283 4111 1132 4206; baseline -0.002 -24"><span class='ocrx_word' id='word_1_311' title='bbox 283 4144 301 4182; x_wconf 79' lang='lat' dir='ltr'><strong><em>a</em></strong></span> <span class='ocrx_word' id='word_1_312' title='bbox 324 4119 393 4182; x_wconf 89' lang='lat' dir='ltr'><strong><em>sine</em></strong></span> <span class='ocrx_word' id='word_1_313' title='bbox 409 4114 567 4204; x_wconf 89' lang='lat' dir='ltr'><strong><em>temporis</em></strong></span> <span class='ocrx_word' id='word_1_314' title='bbox 578 4111 764 4200; x_wconf 86' lang='lat' dir='ltr'><strong><em>intervallo,</em></strong></span> <span class='ocrx_word' id='word_1_315' title='bbox 782 4114 890 4183; x_wconf 87' lang='lat' dir='ltr'><strong><em>madio</em></strong></span> <span class='ocrx_word' id='word_1_316' title='bbox 899 4115 1097 4206; x_wconf 83' lang='lat' dir='ltr'><strong><em>juramento.</em></strong></span> <span class='ocrx_word' id='word_1_317' title='bbox 1116 4143 1132 4179; x_wconf 82' lang='lat' dir='ltr'><strong><em>n</em></strong></span> 
     </span>
    </p>

    <p class='ocr_par' dir='ltr' id='par_1_8' title="bbox 324 4219 1429 4315">
     <span class='ocr_line' id='line_1_36' title="bbox 324 4219 1429 4315; baseline 0.001 -25"><span class='ocrx_word' id='word_1_318' title='bbox 324 4222 359 4291; x_wconf 82' lang='lat' dir='ltr'><strong><em>Si</em></strong></span> <span class='ocrx_word' id='word_1_319' title='bbox 375 4232 482 4288; x_wconf 89' lang='lat' dir='ltr'><strong><em>autem</em></strong></span> <span class='ocrx_word' id='word_1_320' title='bbox 503 4240 590 4309; x_wconf 81' lang='lat' dir='ltr'><strong><em>reus,</em></strong></span> <span class='ocrx_word' id='word_1_321' title='bbox 609 4220 691 4287; x_wconf 87' lang='lat' dir='ltr'><strong><em>sicut</em></strong></span> <span class='ocrx_word' id='word_1_322' title='bbox 714 4228 816 4307; x_wconf 89' lang='lat' dir='ltr'><strong><em>actor,</em></strong></span> <span class='ocrx_word' id='word_1_323' title='bbox 835 4220 891 4310; x_wconf 87' lang='lat' dir='ltr'><strong><em>jus</em></strong></span> <span class='ocrx_word' id='word_1_324' title='bbox 906 4219 1002 4289; x_wconf 88' lang='lat' dir='ltr'><strong><em>habet</em></strong></span> <span class='ocrx_word' id='word_1_325' title='bbox 1020 4222 1222 4312; x_wconf 89' lang='lat' dir='ltr'><strong><em>proponendi</em></strong></span> <span class='ocrx_word' id='word_1_326' title='bbox 1237 4223 1429 4315; x_wconf 85' lang='lat' dir='ltr'><strong><em>positiones,</em></strong></span> 
     </span>
    </p>
   </div>
   <div class='ocr_carea' id='block_1_3' title="bbox 0 0 1537 4984">
    <p class='ocr_par' dir='ltr' id='par_1_9' title="bbox 0 0 1537 4984">
     <span class='ocr_line' id='line_1_37' title="bbox 0 0 1537 4984; baseline 0 0"><span class='ocrx_word' id='word_1_327' title='bbox 0 0 1537 4984; x_wconf 95' lang='lat' dir='ltr'><strong><em> </em></strong></span> 
     </span>
    </p>
   </div>
  </div>
 </body>
</html>
