3050 4984
551 467 627 516 rins
649 467 794 516 seranni.
1201 453 1242 516 65

113 578 171 659 aas¹
188 589 232 658 ad
259 590 500 684 inquisitionem
528 589 663 659 illorum
694 613 761 658 non
793 588 899 657 subito
925 588 1121 680 procedatis.
1155 589 1241 660 Dum

114 708 209 766 cutem
227 698 347 768 dicitnr
361 700 478 780 subito,
498 721 563 766 non
582 707 629 766 est
644 694 891 786 intelligendum
906 696 999 787 quasi
1019 705 1091 788 post
1111 698 1244 789 aliquod

19 825 20 828 ’
114 813 230 896 tempus
244 807 375 898 procedi
390 806 502 898 possit,
523 805 615 874 nulla
630 804 736 872 adhuc
752 812 867 872 exorta
884 802 1035 888 infamia3
1052 803 1109 870 sed
1124 825 1163 872 ea
1178 827 1244 873 vox

113 911 190 979 idem
206 913 253 980 ibi
264 923 358 980 sonat
367 936 404 982 ac
416 913 657 1004 precipitantur
668 935 724 978 seu
739 907 990 996 inconsiderate3
1001 918 1098 1000 prout
1106 921 1243 1000 constat,

113 1040 172 1086 uon
193 1028 318 1088 lantum
339 1043 380 1088 ex
403 1019 590 1104 canonialis,
614 1019 670 1110 qui
694 1017 738 1084 ita
758 1017 975 1084 communiter
996 1017 1242 1106 intellexerunt5

112 1127 162 1192 sed
175 1149 214 1194 cx
230 1127 301 1219 ipsa
315 1127 414 1196 etiam
430 1127 561 1195 rubrica
574 1127 649 1194 huic
664 1125 760 1216 capiti
772 1124 922 1216 praelixa,
934 1147 1009 1215 qnae
1021 1127 1172 1194 sichabet
1185 1155 1192 1194 :
1206 1128 1245 1196 de

111 1233 238 1302 veritate
249 1235 427 1302 mimirum
439 1257 505 1302 non
520 1233 712 1324 inquiritur,
724 1231 788 1310 nisi
797 1231 892 1323 prius
905 1243 1026 1299 constet
1040 1231 1079 1300 de
1088 1232 1242 1324 infamia.

112 1339 197 1408 Unde
224 1342 331 1431 glossa
361 1364 461 1434 snpra
490 1343 586 1408 citata
613 1339 654 1408 ad
685 1363 738 1408 eas
762 1361 870 1424 voces,
900 1339 964 1406 nisi
988 1342 1118 1429 samam
1144 1343 1246 1433 ipsim

110 1447 215 1515 lesam
236 1472 300 1516 csse
318 1449 485 1529 nocentis,
507 1449 553 1514 sic
573 1447 732 1514 adnotat:
754 1447 860 1514 ulloc
881 1445 955 1513 ideo
973 1446 1063 1533 dicit,
1086 1447 1245 1536 quianon

112 1579 128 1617 u
148 1565 194 1622 est
206 1555 447 1646 procedendum
461 1555 502 1622 ad
517 1552 761 1644 inquisitionem
769 1561 882 1620 eontra
889 1552 1044 1643 aliquem,
1059 1553 1122 1622 nisi
1135 1565 1247 1623 eontra

111 1659 391 1729 «infamatum»

150 1765 415 1835 ldemconstatex
425 1765 756 1858 capitePostquam(l
766 1816 775 1851 ,
786 1766 836 1833 tit.
852 1768 883 1851 1,
896 1764 972 1833 libri
984 1770 1015 1851 5,
1027 1765 1061 1833 in
1073 1765 1121 1856 b),
1137 1767 1171 1834 in
1179 1791 1244 1859 qno

19 1867 21 1922 ³
106 1873 258 1960 agitnrde
269 1896 338 1960 reo,
354 1874 412 1964 qni
427 1874 461 1941 in
475 1895 627 1964 processu
638 1871 846 1962 inquisitorio
861 1872 998 1940 crimina
1009 1895 1068 1941 sua
1080 1875 1245 1944 confessus

105 1989 160 2066 est,
176 1991 207 2048 et
224 1988 334 2070 postea
350 1981 456 2048 valere
472 2002 659 2071 processum
675 1989 783 2068 negat,
800 1978 863 2046 snb
877 2001 916 2046 eo
927 1986 1090 2069 praetextu
1105 1982 1193 2072 quod
1206 1985 1246 2050 de

104 2085 141 2151 iis
162 2087 356 2154 criminibus
376 2109 443 2155 non
458 2087 555 2155 luerit
578 2086 766 2154 infamatus.
785 2085 833 2152 De
847 2108 913 2176 qno
932 2085 1120 2156 Bouilacins
1139 2089 1216 2159 Vlll
1235 2116 1243 2156 :

103 2195 281 2284 Postquam
301 2215 413 2260 coram
433 2215 480 2274 eo,
506 2193 564 2284 qui
578 2205 693 2260 contra
713 2205 743 2258 te
762 2213 859 2281 super
873 2192 968 2258 certis
987 2193 1175 2261 criminibus
1193 2195 1244 2262 in-

19 2311 20 2316 ’
101 2299 238 2386 mucor
263 2300 375 2388 ficerat
404 2297 591 2390 deputatus,
624 2297 737 2365 eadem
768 2296 910 2364 ommino
940 2297 1037 2387 fuisti
1071 2303 1241 2389 consessus,

19 2443 20 2498 q
96 2406 225 2492 frustra
246 2406 476 2497 consessionem
500 2417 596 2473 tuam
619 2403 812 2494 (quominus
827 2404 983 2494 partiaris
1006 2427 1046 2472 ec
1067 2428 1121 2488 ca,
1141 2424 1244 2497 prout

19 2587 20 2608 ξ
93 2513 232 2600 justitia
246 2513 407 2602 suadebit)
424 2536 459 2580 eo
470 2524 635 2605 praetentu
647 2512 845 2602 impupnare
856 2511 1031 2592 contendas,
1047 2513 1138 2603 quod
1148 2538 1245 2607 super

19 2687 20 2702 ,
98 2619 216 2686 eudem
229 2620 420 2687 criminibus
431 2641 498 2686 non
510 2621 727 2708 literasantea
737 2616 938 2707 diffamatus.
956 2619 1006 2684 Ex
1018 2629 1185 2709 quotextn
1199 2625 1245 2690 sic

19 2721 21 2732 ’
96 2728 193 2815 argui
210 2727 303 2795 licet:
317 2735 497 2816 praetextus
513 2723 602 2815 qnod
614 2723 756 2814 infamia
772 2745 839 2790 non
850 2727 1060 2813 precesserit,
1075 2726 1148 2794 ideo
1161 2728 1243 2818 reji-

94 2831 192 2918 citur,
206 2832 286 2922 qnia
300 2854 375 2898 rens
388 2831 552 2920 injudicio
563 2830 686 2896 crimen
699 2827 868 2896 confessus
878 2837 937 2894 est.
954 2829 1042 2917 Ergo
1053 2839 1147 2896 extra
1157 2832 1243 2900 hunc

94 2959 207 3005 omnin
227 2939 284 3005 llei
296 2939 422 3006 crimen
434 2936 627 3020 confitentis,
642 2936 746 3002 valide
762 2935 952 3024 impugnari
960 2946 1064 3024 potest
1073 2958 1242 3026 processus

19 3075 20 3078 ¹
92 3065 132 3110 ex
157 3044 293 3111 casola
316 3043 519 3132 allegatione,
545 3041 632 3132 qnod
656 3041 792 3108 inlemia
818 3061 884 3106 non
913 3042 1126 3128 precesserit.
1154 3045 1243 3134 Ergo

19 3197 20 3202 η
91 3159 204 3240 aperte
215 3151 370 3241 supponit
385 3150 455 3216 haec
467 3147 635 3216 decretalis
651 3148 787 3237 prieviae
802 3146 948 3214 iniamiae
960 3151 1191 3237 necessitatem,
1208 3162 1242 3219 ut

91 3259 194 3345 possit
212 3267 327 3324 contra
345 3256 487 3346 aliquem
503 3255 706 3344 inquisitoris
720 3253 862 3344 procedi.
887 3253 981 3333 Quod
996 3256 1077 3323 adeo
1092 3266 1189 3346 patet,
1207 3269 1244 3326 ut

19 3387 20 3390 ¹
90 3363 202 3450 glossa
226 3363 346 3430 dixerit
361 3385 432 3429 eam
449 3361 678 3429 deductionem
697 3382 767 3427 esse
778 3359 998 3450 principalem
1013 3362 1113 3452 hujus
1127 3364 1241 3433 decre-

89 3471 165 3537 talis
176 3471 328 3560 effectum
342 3495 354 3535 .·
373 3468 489 3536 «Nota
502 3469 649 3536 effectum
667 3467 878 3560 principalem
892 3467 991 3556 hujus
1000 3471 1113 3559 capitis
1130 3499 1138 3538 z
1154 3475 1242 3564 quod

19 3577 20 3580 ’
92 3603 108 3640 ι
129 3579 241 3666 judex
257 3599 325 3644 non
338 3577 432 3643 debet
447 3585 560 3643 contro
570 3575 717 3664 aliquem
728 3575 906 3664 inquirere,
918 3575 981 3640 nisi
995 3577 1037 3641 sit
1051 3577 1091 3643 de
1104 3580 1242 3648 crimina

93 3709 108 3746 ιι
133 3683 343 3769 diffamatum
362 3691 393 3750 et
409 3691 512 3774 potest
531 3681 584 3749 ille
605 3688 716 3749 contra
736 3703 835 3770 quem
856 3682 1034 3771 inquiritur
1048 3684 1190 3774 allegare
1210 3699 1242 3756 et

19 3863 21 3878 Ι
93 3817 108 3851 o
132 3813 336 3881 proponere,
360 3792 447 3881 qnod
473 3812 539 3857 non
562 3797 610 3855 est
629 3787 865 3856 diffamatus.»
895 3788 997 3878 (Folio
1021 3793 1097 3878 126,
1118 3795 1240 3863 editore

19 3889 20 3958 l
89 3897 232 3985 brodio,
248 3898 404 3988 Lugduni
422 3899 530 3987 1435.)

19 3991 20 4010 .
133 4007 232 4074 ldem
246 4015 372 4074 constat
384 4028 425 4074 ex
437 4005 588 4082 decretali
604 4006 644 4072 Si
657 4003 684 4072 is
699 4005 744 4095 (t,
763 4004 812 4071 tit.
834 4010 864 4092 1,
880 4003 937 4071 lib.
961 4008 992 4091 5,
1008 4006 1043 4074 in
1061 4007 1106 4098 6),
1123 4009 1158 4075 in
1174 4033 1239 4101 qna

19 4121 21 4208 ,
90 4113 134 4179 sic
151 4115 272 4181 statuit
286 4113 475 4182 Bonilacius
491 4113 567 4182 Vlll
587 4139 594 4178 z
609 4113 649 4179 Si
661 4113 700 4193 is,
715 4113 769 4180 cui
782 4124 895 4179 contra
912 4123 942 4179 te
957 4115 1129 4182 commissa
1137 4119 1239 4208 suerit

19 4209 20 4284 Ῠ
91 4221 290 4312 simpliciter
310 4221 477 4313 inquisitio
496 4243 593 4313 super
612 4220 706 4288 certis
725 4219 918 4288 criminibus
932 4220 1098 4310 facienda,
1110 4245 1242 4313 praces-

262 4348 293 4394 11.
1064 4337 1083 4393 5
