3050 4984
257 504 319 570 100
609 521 785 568 ruscrsrus
812 521 850 566 nr
873 519 1009 566 suarcrrs.

254 643 407 734 terrognti
424 641 619 736 respondent
634 643 773 711 existere
787 649 900 711 contra
911 639 1010 708 talem
1026 639 1327 732 personamindicia
1338 638 1391 709 rel

254 749 391 836 famam,
406 748 459 818 vel
473 748 572 818 ctiam
588 748 718 841 quanm
734 748 906 818 nominant
919 745 1085 816 occultum
1100 745 1207 814 delicti
1222 753 1392 815 auctorem

256 856 354 948 (quod
381 864 491 924 tamen
515 855 709 945 regulariter
736 855 840 924 facere
866 875 933 923 nou
960 852 1140 944 deberent),
1167 861 1272 944 potest
1288 851 1394 943 judex

253 970 364 1032 contra
388 964 434 1031 sic
449 962 655 1053 designatum
676 962 850 1054 specialem
871 960 1115 1051 inquisitionem
1140 959 1319 1028 instituere.
1343 959 1395 1027 lta

254 1089 332 1135 cum
347 1065 517 1135 communi
532 1064 701 1134 doctorum
717 1063 877 1134 sententie
889 1061 1100 1131 Reiffenstnel
1119 1062 1165 1154 (in
1181 1061 1230 1129 tit.
1251 1065 1282 1147 t,
1296 1060 1354 1129 lib.
1373 1065 1394 1126 5

255 1173 396 1260 Deerat,
410 1194 444 1240 n.
463 1171 554 1262 166.)

785 1394 874 1484 ev.

458 1574 635 1639 luquistuouis
648 1573 779 1639 specialia,
792 1586 840 1624 seu
856 1571 946 1624 stricta
960 1577 1079 1638 sumptis,
1092 1586 1191 1625 norma.

299 1813 352 1879 An
368 1819 400 1878 ct
423 1810 529 1902 qualis
550 1810 807 1904 prerequiratur
827 1810 869 1878 ad
891 1808 1136 1902 inquisitionem
1151 1807 1325 1900 specialem
1341 1806 1398 1874 in-

255 1917 452 1986 stituendam
468 1917 617 2004 infamia,
634 1939 734 2007 supra
749 1917 782 2007 (ξ
793 1916 825 2006 2)
842 1915 1030 2008 expositum
1045 1914 1118 1983 luit.
1136 1913 1320 1983 Remanent
1342 1912 1397 1980 hia

255 2023 464 2092 describenda
477 2034 595 2092 caetera
610 2023 726 2114 capita,
742 2044 817 2113 ques
833 2022 874 2090 ud
888 2030 972 2092 recte
986 2022 1228 2115 procedendum
1248 2045 1306 2116 per
1320 2044 1397 2114 spe-

255 2130 344 2196 cialis
355 2129 572 2222 inquisitionis
586 2129 675 2196 viam
689 2127 773 2197 scitu
787 2129 966 2198 necessaria
981 2138 1069 2198 sunt.
1085 2129 1270 2222 Specialem
1285 2139 1397 2197 autem

254 2234 498 2326 inquisitionem
513 2233 565 2304 hic
581 2233 808 2324 intelligimus,
825 2244 898 2304 tum
918 2259 992 2304 eam
1014 2259 1088 2328 quse
1104 2258 1145 2304 ex
1170 2257 1262 2305 mero
1275 2234 1397 2319 officio,

256 2352 422 2412 tumeam
449 2365 524 2436 qnae
546 2341 588 2410 ad
612 2341 846 2412 denuntiatoris
868 2342 1007 2434 alicujus
1028 2343 1217 2412 instantiam
1241 2364 1261 2410 a
1286 2341 1400 2432 judice

258 2449 449 2518 instituitur.

812 2675 838 2744 Ι.

382 2857 421 2907 Aa
430 2855 455 2905 et
466 2853 591 2920 qoomm
603 2859 663 2905 ceste
673 2857 759 2906 omnio
773 2859 888 2907 constare
899 2853 992 2906 dedeut
1008 2853 1040 2908 de
1054 2869 1158 2920 corpore
1171 2856 1273 2908 delicti.

305 3092 430 3161 Dicitur
445 3098 591 3161 constare
606 3090 645 3159 de
660 3113 794 3184 corpore
815 3090 934 3173 delicti,
951 3088 1083 3182 quanm
1098 3098 1222 3160 consul
1244 3091 1404 3161 delictum

262 3219 322 3291 pro
334 3221 399 3291 quo
414 3198 488 3290 quis
501 3198 536 3266 in
546 3197 708 3289 judicium
726 3197 913 3284 adducitur,
928 3218 1044 3266 revera
1057 3204 1222 3289 patratum
1238 3199 1279 3266 ab
1292 3198 1405 3292 aliquo

266 3303 376 3372 luisse.

310 3408 468 3476 Delictum
484 3417 595 3477 eutem
610 3416 671 3492 est,
695 3407 747 3478 vel
760 3407 846 3499 facti
865 3409 1099 3500 permanentis,
1129 3408 1244 3496 idest,
1269 3410 1407 3501 vestigia

268 3526 339 3608 post
354 3535 387 3582 se
401 3515 609 3606 relinquens;
627 3513 679 3584 vel
687 3515 772 3606 sacti
786 3516 996 3599 transeuntis,
1014 3516 1047 3583 id
1063 3526 1124 3602 est,
1137 3517 1267 3586 nullum
1285 3526 1359 3608 post
1370 3540 1406 3587 se

267 3624 426 3692 indicium
452 3621 652 3713 relinquens.
678 3621 901 3692 Homicidium
919 3632 952 3691 et
979 3623 1166 3693 incendium
1190 3633 1266 3692 sunt
1288 3621 1409 3693 delicta

269 3731 343 3800 lacti
363 3729 602 3820 permanentis;
625 3729 704 3820 quia
725 3729 766 3797 iis
790 3731 924 3820 patratis
945 3740 1115 3798 remanent
1136 3729 1274 3798 cadaver
1289 3740 1321 3799 et
1342 3731 1410 3799 usti

270 3835 400 3906 aedificii
411 3834 516 3903 rninae
525 3843 558 3902 et
570 3835 705 3903 cineres.
719 3835 931 3926 Blasphemia
943 3844 1067 3922 autem,
1086 3837 1257 3906 fornicatio
1265 3844 1297 3905 et
1312 3837 1412 3905 simi-

268 3947 324 4032 lia,
352 3951 428 4011 sunt
451 3941 527 4010 facti
554 3942 769 4028 transeuntis3
786 3944 867 4033 quia
889 3952 961 4034 post
977 3946 1208 4034 patrationem,
1225 3943 1317 4012 nulla
1333 3967 1411 4036 quse

268 4073 340 4121 eam
354 4057 511 4119 testentur
525 4049 661 4138 vestigia
674 4057 861 4140 supersunt.
877 4050 950 4131 Quo
963 4059 1145 4141 praenotato
1161 4053 1203 4118 sit

312 4169 467 4236 Assrnrm
479 4167 524 4230 ¹⁸.
542 4164 639 4232 -Si
653 4163 807 4233 delictum
820 4163 862 4232 sit
873 4165 1197 4256 sactipermcnentis,
1206 4165 1413 4259 dedetjudee

267 4290 344 4346 cate
359 4275 464 4344 aliam
473 4271 726 4363 inquisitionem,
739 4295 859 4362 perse,
875 4272 927 4340 vel
932 4294 994 4364 per
1005 4275 1185 4357 catanam,
1204 4273 1413 4368 111εά111911-
