3050 4984
575 471 650 518 rnns
673 471 818 518 sscuunr.
1201 449 1256 517 121

169 615 186 654 «
209 589 409 684 [tequidem
433 614 508 684 quea
532 615 590 685 per
613 593 754 662 officium
787 592 985 684 praesidibus
1013 591 1260 679 denuntiantur,

120 703 152 763 et
167 699 248 766 citra
262 699 419 768 solemnia
440 701 680 769 accusationum
695 723 789 792 posse
804 697 961 792 perpendi
980 699 1182 790 incognitum
1197 723 1262 768 non

120 811 179 872 cst.
198 829 215 868 n
238 805 334 895 (Lege
350 811 367 872 7
382 805 512 894 codicis,
527 805 566 875 de
581 809 740 897 denunt.)

169 937 187 976 a
210 912 249 979 ln
268 935 473 1006 quacumque
497 937 593 982 causa
614 937 670 983 reo
688 913 851 1001 adhibito,
866 915 937 982 sive
949 924 1116 983 accusator
1131 915 1262 1002 existet,

119 1019 191 1086 sire
214 1039 290 1088 eum
316 1019 454 1111 publicae
479 1019 706 1090 sollicitudinis
729 1044 809 1090 cura
825 1020 1028 1114 perduxerit,
1045 1022 1153 1090 stetim
1169 1023 1264 1091 debet

119 1128 259 1216 qnaestio
271 1127 358 1214 ficri,
369 1135 406 1196 ut
415 1128 534 1196 noxius
541 1129 708 1220 puniatur,
724 1129 881 1197 innocens
888 1127 1117 1198 absolvatur.»
1136 1128 1259 1219 (leget

119 1233 253 1318 codicis,
271 1232 310 1302 de
321 1233 478 1304 Custodia
493 1234 687 1324 carcerum.)

168 1365 186 1404 u
200 1339 378 1425 Delatores
388 1342 457 1409 sine
469 1342 538 1409 fisci
549 1341 706 1410 advocato
717 1343 958 1428 denuntiantes,
967 1343 1074 1433 peanis
1080 1342 1261 1412 adlicere.»

122 1447 221 1537 (Lege
240 1451 257 1514 5
274 1447 406 1534 codicis,
424 1447 463 1516 de
478 1449 710 1540 notarentur.)

165 1555 314 1646 Reperiri
335 1578 415 1645 ergo
435 1557 470 1624 in
489 1556 564 1649 jure
587 1558 736 1627 Romano
758 1558 958 1650 inquisitorii
974 1579 1143 1648 processus
1157 1558 1266 1652 alique

120 1661 214 1729 initia
239 1671 271 1730 et
298 1664 401 1732 veluti
425 1662 556 1750 rudera,
579 1666 692 1755 negari
715 1665 839 1756 nequit.
861 1664 957 1735 Unde
979 1673 1011 1732 et
1033 1666 1111 1734 scite
1132 1666 1266 1736 moder-

121 1793 184 1837 nus
199 1769 316 1838 Gallice
337 1771 476 1862 scriptor
506 1799 513 1838 ι
535 1797 551 1836 «
574 1772 600 1840 ll
616 1773 736 1842 risultc
752 1773 827 1841 bien
846 1773 1067 1842 evidemment
1081 1773 1121 1842 de
1134 1796 1186 1841 ees
1200 1773 1265 1840 dil-

120 1878 243 1946 idrents
262 1887 366 1947 textas
387 1901 450 1971 que
473 1881 503 1947 le
522 1879 608 1948 droit
628 1881 845 1950 d'accnsation
865 1881 988 1950 tendait
1009 1881 1117 1972 (tejas
1134 1902 1265 1951 remon·

120 1994 170 2053 ter
192 1985 249 2054 des
265 1987 371 2054 mains
393 1985 450 2054 des
468 1987 612 2079 citoyens
626 1988 708 2056 dans
724 1988 819 2057 celles
835 1989 875 2056 de
890 1988 1053 2057 l'antorite
1067 1988 1263 2081 publiquc...

118 2093 145 2159 ll
172 2099 221 2160 est
244 2091 373 2160 difficile
393 2091 433 2162 de
459 2116 499 2162 ne
523 2116 579 2184 pas
602 2096 716 2186 yvoir
738 2096 768 2162 le
789 2117 901 2184 germe
923 2095 964 2164 de
989 2095 1197 2163 l’institution
1220 2096 1264 2164 dn

119 2199 289 2268 ministdre
310 2199 432 2291 public,
456 2201 526 2292 qui,
552 2204 646 2292 apr'es
670 2203 764 2270 svoir
786 2204 837 2270 ete
859 2201 1022 2271 recueillie
1045 2223 1106 2292 pur
1127 2202 1158 2269 le
1180 2202 1266 2270 droit

118 2306 304 2396 canonique
318 2329 361 2374 arr
378 2307 488 2374 milieu
504 2307 561 2374 des
577 2307 687 2376 debris
708 2308 753 2376 du
773 2307 989 2398 bas-empire,
1005 2306 1114 2375 devait
1129 2307 1267 2375 envahir

118 2413 195 2503 plns
211 2411 297 2500 terd,
316 2413 398 2480 mais
412 2435 496 2506 pour
514 2414 545 2482 la
569 2413 734 2499 ldeonder‚
754 2423 846 2482 notre
863 2414 1045 2504 legislation
1062 2411 1227 2482 moderne.
1245 2441 1261 2479 »

120 2522 272 2589 (Faustin
296 2521 401 2608 Helie,
425 2523 537 2592 Traitd
554 2522 593 2590 de
608 2524 629 2590 t
632 2523 827 2591 instruction
841 2522 1028 2603 erimntelle,
1057 2522 1114 2590 liv.
1135 2526 1166 2607 l,
1184 2546 1213 2590 e.
1231 2527 1263 2608 l,

117 2629 138 2718 ᾖ
163 2629 234 2716 23.)
258 2629 301 2695 At
315 2650 394 2696 vero
410 2649 467 2720 per
482 2629 616 2697 modum
632 2629 830 2720 exceptionis
843 2627 1018 2699 sdmissam
1034 2629 1134 2696 fnisse
1149 2629 1264 2721 inqui-

118 2735 267 2804 sitorinm
284 2735 435 2820 formem,
448 2745 480 2804 et
494 2745 587 2804 extre
600 2759 693 2804 casus
708 2743 860 2826 exceptos
872 2757 938 2802 non
951 2734 1080 2802 licuisse
1094 2735 1157 2802 nisi
1168 2759 1265 2804 aceu-

118 2838 244 2907 sntoric
264 2839 449 2930 procedere,
480 2840 632 2908 clariores
657 2840 780 2932 quique
803 2839 986 2931 jurisperiti
1008 2848 1120 2908 contra
1146 2863 1264 2932 paucos

118 2948 360 3014 sustinuerunt.

162 3053 206 3120 Et
215 3060 301 3120 certe
311 3053 365 3144 jus
372 3053 558 3121 Romanum
568 3054 719 3120 noscebat
732 3053 846 3122 Festus
855 3054 922 3140 ille,
935 3053 1038 3121 suncti
1046 3052 1140 3120 Pauli
1146 3050 1263 3143 judex,

117 3160 226 3251 quiin
242 3159 368 3227 actibus
381 3160 613 3252 Apostolorum
631 3160 714 3250 (cap.
732 3164 787 3246 25,
800 3183 832 3228 v.
847 3163 899 3249 11)
910 3161 959 3227 sic
970 3159 1012 3227 ed
1021 3181 1131 3248 regem
1140 3159 1265 3248 Agrip-

119 3289 194 3358 pam
211 3267 340 3334 locutus
356 3267 497 3334 refertur
514 3293 522 3332 :
543 3267 598 3333 Vir
611 3265 749 3358 quidam
771 3280 816 3334 est
832 3267 1002 3336 derelictus
1016 3290 1038 3334 α
1056 3266 1159 3334 Felice
1173 3265 1265 3333 vinc-

119 3389 185 3442 tus.
214 3379 263 3442 De
292 3395 357 3464 quo
383 3395 459 3440 eum
486 3395 584 3441 essem
608 3374 829 3464 lerosolymis,
857 3373 1011 3444 adierunt
1037 3396 1090 3441 me
1098 3373 1265 3464 principes

118 3480 328 3550 sacerdotum
343 3491 374 3546 et
386 3480 528 3548 seniores
540 3479 746 3562 iudeorum,
758 3483 966 3572 postulantes
979 3479 1153 3550 adoersrem
1167 3479 1264 3547 illum

117 3588 379 3656 damnationem.
408 3585 460 3656 Ad
473 3610 553 3678 quos
573 3588 724 3680 respondi
741 3615 752 3654 :
771 3589 860 3672 Quia
875 3611 942 3656 non
957 3601 1004 3655 est
1019 3587 1173 3655 Romanis
1188 3609 1265 3656 eon-

118 3693 255 3762 suetudo
263 3692 426 3762 damnare
432 3693 761 3786 aliquemdominem‚
770 3693 1070 3785 priusqunmesqui
1077 3705 1260 3771 accusatur,

113 3812 290 3891 praetenues
304 3799 425 3867 habeat
440 3813 654 3882 domatores,
671 3801 843 3891 locumque
855 3800 1050 3891 defendendi
1064 3800 1206 3891 acopiat
1219 3798 1266 3865 od

116 3906 284 3975 abluenda
307 3906 458 3975 mmina.
484 3907 556 3976 lam
580 3929 658 3976 vero
682 3927 747 3976 non
771 3908 882 3974 minus
906 3907 1038 3976 aliunde
1062 3917 1184 3976 certum
1201 3916 1261 3990 cst,
1304 3943 1343 3983 Γ,

117 4015 306 4082 Romanum
321 4013 375 4104 jus
390 4014 604 4083 ecclesiastico
628 4013 699 4083 foro
722 4035 870 4082 normam
885 4013 998 4098 luisse,
1015 4014 1071 4081 ubi
1085 4012 1166 4081 nihil
1179 4034 1262 4080 oon-

117 4121 260 4188 trarium
286 4143 426 4189 canones
446 4122 641 4189 statuissent.
668 4121 713 4188 tte
735 4121 925 4213 praescripta
948 4128 1055 4187 cutem
1070 4119 1263 4187 accusatoris

117 4227 251 4322 proprie
265 4226 343 4298 dieti
360 4228 558 4314 necessitate,
575 4227 639 4320 legi
654 4228 812 4302 Romsnse
828 4227 957 4298 decreta
970 4226 1124 4298 canonice
1138 4248 1264 4319 nequa-
