3050 4984
286 488 349 558 atr
659 510 836 559 reserares
858 510 896 555 na
917 510 1052 558 morum.

285 652 456 699 ascensum
471 629 512 698 ad
528 630 669 717 ordines,
687 640 718 701 et
729 633 927 725 suspendere
943 633 984 700 ab
999 630 1182 718 ordinibus,
1198 632 1425 721 dignitatibus,

286 737 443 829 gradibus
457 746 489 805 et
501 737 680 807 honoribus
695 740 928 808 ecelesiasticis.

329 844 495 914 Lrurrsrro
510 844 565 913 11².
580 882 624 897 -
638 846 795 937 Episcopi
802 845 998 937 predictam
1009 846 1223 937 suspocdmdc'
1232 858 1427 938 potestaten

283 974 350 1021 non
369 952 507 1033 ladem,
529 953 593 1020 nesi
606 953 788 1042 procedant
810 954 846 1020 in
865 954 995 1022 clericos
1017 962 1173 1044 tanquam
1191 953 1423 1045 delinquentes

284 1096 329 1111 -
342 1058 557 1148 Intelligimus
572 1068 762 1150 potestatem
777 1061 884 1150 qualis
902 1060 1060 1151 Episcopo
1080 1061 1236 1129 tribuitur
1255 1083 1314 1152 per
1333 1074 1428 1152 caput

285 1167 431 1257 primurn
461 1166 612 1234 sessionis
648 1170 686 1233 ll
719 1165 921 1234 Tridentinae
950 1165 1087 1256 synodi3
1120 1168 1166 1233 ite
1197 1174 1234 1235 ut
1261 1188 1383 1257 nempe
1409 1192 1427 1235 a

285 1280 466 1341 memorata
488 1272 698 1363 suspensione
721 1271 973 1362 extra-judiciali
994 1272 1087 1340 nullo
1111 1271 1207 1340 detor
1234 1272 1424 1364 appellatio.

283 1377 460 1447 Sciendum
486 1401 583 1469 porro
610 1389 657 1445 est
681 1378 848 1469 Episcopis
867 1386 1050 1469 competere
1073 1388 1263 1468 potestatem
1290 1380 1424 1447 clericos

282 1484 324 1553 ab
338 1486 493 1553 exercitio
507 1484 661 1553 ordinum
677 1484 909 1575 suspendendi,
926 1484 1048 1553 exalia
1066 1507 1166 1577 quam
1181 1485 1290 1553 delicti
1308 1508 1422 1570 eansa;

283 1614 325 1661 cx
345 1616 382 1660 eo
402 1615 519 1683 nempe
540 1591 627 1682 quod
653 1591 760 1659 minus
780 1590 889 1659 idonei
907 1600 939 1659 et
952 1592 1086 1660 litterati
1104 1614 1197 1660 asuo
1211 1591 1354 1661 Praelato
1374 1614 1426 1661 re-

282 1701 462 1792 periantur.
492 1699 527 1767 ld
558 1721 709 1789 expresse
738 1698 924 1766 decernitur
951 1697 1047 1766 dictae
1075 1698 1277 1768 Tridentium
1309 1700 1426 1789 synodi

210 1818 212 1828 '
283 1809 424 1877 sessione
441 1812 494 1893 11,
511 1829 582 1897 cap.
609 1810 640 1891 3,
660 1804 699 1873 dc
718 1806 969 1896 deformatione.
990 1804 1075 1873 Hinc
1090 1806 1196 1874 oritur
1214 1804 1368 1892 dubium,
1385 1829 1424 1874 an

282 1916 460 2007 Episcopus
475 1913 630 1982 clericum
644 1936 664 1980 a
679 1933 848 1981 sacrorum
871 1910 1027 1981 ordinum
1046 1912 1213 1996 exercitio,
1231 1914 1273 1981 ob
1294 1935 1423 1982 eaumm

282 2022 517 2113 incapacitatis,
541 2045 583 2090 ex
603 2020 780 2087 informata
804 2019 998 2087 conscientia
1018 2019 1217 2110 suspendere
1238 2022 1361 2111 possit,
1385 2022 1426 2088 ita

282 2142 320 2199 ut
342 2152 498 2221 suspenso
517 2128 607 2197 nulla
627 2127 832 2218 relinquatur
853 2126 1040 2217 appellandi
1061 2126 1208 2195 facultas.
1231 2128 1273 2196 Et
1291 2150 1424 2219 respon-

282 2240 429 2309 dendum
451 2246 499 2306 est
519 2237 684 2326 negative,
711 2234 789 2325 quie
814 2235 859 2301 ita
883 2234 1061 2303 declaravit
1084 2235 1183 2304 Sacra
1211 2235 1426 2325 Congregatio

282 2346 433 2432 Consilii,
451 2352 548 2436 prout
561 2342 660 2411 relect
679 2340 806 2409 Giraldi
827 2341 982 2431 (Summo
1004 2342 1282 2411 Corestitutionum
1303 2356 1422 2433 apost,

283 2463 373 2545 parte
394 2458 425 2534 2,
449 2451 588 2521 sectione
609 2448 662 2538 13)
685 2448 720 2517 in
741 2447 829 2516 huuc
854 2447 991 2516 modum
1018 2474 1025 2515 :
1051 2474 1069 2513 a
1093 2448 1188 2535 Nota,
1210 2470 1254 2517 ex
1277 2450 1423 2540 ejusdem

286 2588 303 2627 a
326 2558 594 2650 congregationis
610 2554 824 2623 declaratione
844 2555 890 2643 (in
905 2554 1145 2645 Caleguritaua,
1172 2560 1208 2623 11)
1230 2555 1309 2624 maii
1328 2558 1422 2643 1621)

287 2666 427 2757 equod,
452 2666 478 2733 si
500 2664 679 2755 Episcopus
706 2662 739 2728 in
768 2661 837 2729 vim
862 2661 977 2751 capitis
999 2666 1016 2728 3
1041 2664 1193 2732 sessionis
1218 2666 1258 2729 11
1279 2662 1425 2752 ejusdem

288 2800 304 2839 c
327 2772 467 2859 concilii,
480 2783 591 2839 contra
602 2770 734 2837 clericos
750 2768 943 2858 processerit
957 2777 1115 2859 tanquam
1128 2768 1323 2855 illitteratos,
1337 2793 1358 2838 a
1370 2770 1424 2837 de·
1494 2793 1495 2814 ι

286 2908 302 2946 a
327 2888 413 2947 creto
429 2877 650 2969 suspensionis
666 2873 856 2965 hujusmodi
867 2874 940 2941 deri
952 2874 1200 2965 appellationem
1217 2874 1258 2944 ad
1274 2876 1422 2945 ellectum
1493 2899 1494 2904 ¹

286 3016 303 3052 a
326 2986 552 3056 devolutivum
568 2991 706 3068 tanturn,
722 3003 787 3049 non
810 2989 922 3049 autem
942 2984 1186 3071 suspensivum.
1206 2984 1375 3054 Ceterum
1397 2985 1424 3051 si

287 3121 303 3159 n
327 3092 516 3187 processerit
538 3098 650 3159 contra
669 3112 723 3157 eos
742 3096 899 3177 tanquam
919 3086 1162 3180 delinquentes,
1186 3090 1338 3160 facultate
1364 3092 1424 3161 sibi

287 3228 303 3265 a
327 3201 452 3267 tributa
465 3222 485 3267 a
499 3200 600 3288 capite
620 3201 632 3263 l
650 3194 800 3287 ejusdem
813 3194 977 3281 sessionis,
992 3219 1012 3262 a
1026 3196 1238 3287 suspensione
1253 3196 1319 3265 lata
1332 3198 1375 3266 ab
1387 3220 1423 3265 eo

288 3336 305 3375 a
328 3308 401 3376 dari
415 3306 539 3374 nnllam
554 3302 847 3396 appellationem.»

328 3416 494 3485 Lmrrarro
514 3412 572 3481 llla
591 3449 636 3463 -
650 3414 759 3479 Ectrc
778 3430 893 3476 casum
907 3409 1028 3478 occulti
1047 3410 1193 3479 crimim's
1216 3414 1275 3501 (1),
1296 3412 1425 3480 videtur

283 3523 483 3614 Episcopum
498 3542 538 3586 cc
556 3518 737 3607 informata
752 3515 945 3583 conscientie
964 3516 1076 3585 illicite
1090 3516 1275 3607 procedere,
1293 3518 1424 3610 quondo

314 3729 347 3794 (1)
362 3727 475 3779 Dicimus
486 3726 560 3774 estre
571 3736 657 3772 cosam
670 3722 766 3773 occulti
779 3721 895 3770 cruminis
911 3734 990 3771 :nam
1003 3719 1106 3785 quando
1120 3720 1220 3771 crimen
1233 3724 1273 3772 est
1283 3723 1424 3785 occultum.

283 3814 309 3865 id
327 3814 375 3871 est,
394 3820 478 3870 neque
494 3804 562 3853 mma
577 3803 720 3866 uulgatum,
735 3815 820 3866 neque
834 3816 881 3866 per
896 3801 1008 3865 aliquem
1022 3804 1199 3852 accumtorem
1216 3802 1268 3867 (qui
1284 3816 1352 3855 onus
1363 3803 1423 3854 illud

283 3889 410 3960 probandi
422 3886 472 3936 sibi
485 3884 607 3942 assumat
620 3882 652 3931 ad
666 3882 841 3945 episcopalem
855 3880 953 3930 curiam
965 3882 1089 3941 dolatum,
1100 3882 1192 3945 nequit
1205 3880 1351 3948 Episcopus
1364 3898 1424 3933 con·

282 3981 322 4025 tra
340 3984 414 4023 reum
431 3963 586 4031 judicialiter
606 3962 764 4026 procedere,
782 3961 835 4011 imo
854 3974 937 4024 neque
959 3961 1032 4011 illum
1050 3960 1084 4010 ad
1102 3962 1308 4026 comparendum
1327 3964 1408 4014 citare
1417 3980 1425 4025 ;

282 4059 360 4121 prout
370 4060 456 4113 supra,
468 4044 501 4095 de
510 4056 634 4109 processu
646 4041 775 4093 criminali
784 4041 916 4095 ordinario
928 4041 1041 4106 agendo,
1049 4041 1105 4092 inse
1115 4042 1289 4107 probavimus.
1303 4044 1424 4095 [temanet

283 4147 345 4199 ergo
356 4134 395 4193 ut,
409 4129 450 4177 vel
461 4124 533 4175 nullo
545 4124 625 4174 modo
642 4126 732 4173 contra
745 4122 849 4173 occulta
860 4121 987 4187 ejusmodi
1004 4119 1102 4173 delicta
1114 4122 1249 4185 procedat,
1264 4123 1307 4172 vel
1323 4128 1352 4174 ut
1365 4138 1422 4188 pro·

283 4214 359 4265 cedat
376 4202 629 4270 extra-iudicialiter,
649 4202 682 4251 ad
701 4202 811 4253 lormsua
830 4202 921 4267 eapitis
938 4207 951 4251 1
973 4202 1093 4252 sessionis
1113 4207 1126 4251 t
1144 4201 1300 4253 Tridentinae
1320 4204 1420 4267 synodi.

283 4294 354 4347 Unde
369 4288 468 4357 quoties
486 4284 608 4336 delictum
623 4286 662 4335 est
677 4280 810 4341 omeliam,
829 4285 855 4333 et
869 4282 974 4347 expedit
988 4282 1052 4335 illud
1069 4282 1195 4346 coerceri,
1212 4282 1264 4335 boc
1281 4283 1338 4353 ipso
1350 4283 1423 4335 adest
