3050 4984
272 467 310 528 58
645 487 820 533 reserares
842 489 881 534 ne
902 489 1035 535 snorum.

270 609 319 676 tit.
339 613 393 694 20,
410 608 488 676 libri
502 611 521 675 2
537 608 691 699 Deerat),
706 610 828 678 tenoris
841 612 1003 702 sequentis
1022 636 1029 678 :
1052 611 1156 680 «Non
1169 610 1264 680 debet
1279 615 1352 704 quis
1370 614 1406 681 in

273 741 290 780 ι
313 715 504 785 criminibus
522 716 598 806 (nisi
612 715 721 785 forsan
735 718 770 784 in
784 717 938 808 exeeptis)
956 717 997 786 ad
1012 718 1249 788 testificandum
1264 720 1404 807 admitti,
1515 766 1516 793 1

273 851 290 888 c
313 823 470 913 pendente
491 825 691 892 accusatione
710 823 750 892 de
768 825 904 892 crimine
921 833 1032 892 contra
1053 825 1188 915 ipsum:
1212 849 1286 895 eum
1309 827 1407 897 etiam

272 955 289 996 a
311 929 450 998 accusati
467 929 540 1020 (nisi
555 930 646 1022 prius
661 953 694 998 se
707 930 916 1020 probaverint
930 930 1126 1020 innocentes)
1143 933 1184 1001 ab
1204 935 1407 1004 accusatione

272 1063 289 1102 ι
311 1058 348 1105 ao
364 1037 566 1128 susceptione
580 1036 732 1105 ordinum
747 1037 991 1128 repellantur.»
1015 1037 1170 1120 Quamvis
1190 1041 1277 1108 enim
1299 1041 1348 1109 ibi
1366 1043 1409 1110 de

267 1143 469 1212 accusatione
484 1143 655 1211 dumtaxat
668 1165 775 1213 sermo
788 1144 841 1231 sit,
859 1144 901 1213 ob
913 1144 1054 1214 rationes
1061 1166 1160 1236 supra
1170 1145 1335 1236 deductas,
1348 1149 1408 1217 de-

267 1250 322 1318 bct
335 1259 367 1319 et
381 1249 617 1320 denuntiationi
630 1251 797 1320 decretalis
816 1251 983 1343 applicari.
1006 1253 1047 1321 Et
1065 1252 1195 1322 tandem
1216 1275 1321 1342 reum,
1344 1255 1409 1325 de-

267 1357 468 1426 nuntiatione
493 1357 665 1450 pendente,
693 1382 760 1426 non
784 1381 877 1449 posse
900 1367 1141 1449 procuratorem
1166 1382 1235 1428 esse
1260 1361 1407 1451 alterim,

267 1462 426 1554 disposuit
438 1463 493 1554 jus
508 1464 704 1552 Romanum,
723 1464 831 1556 quoad
845 1465 952 1534 hocin
971 1465 1042 1534 loro
1061 1465 1270 1537 ecclesiastico
1292 1489 1409 1560 recep-

268 1577 351 1656 tum,
370 1571 440 1661 lege
459 1575 575 1655 Reum,
594 1595 622 1642 o.
640 1571 680 1640 dc
692 1573 975 1642 Procuratoridna.

312 1678 441 1747 qunnx
458 1683 549 1746 31-
564 1683 696 1748 Dantur
706 1680 753 1749 ad
767 1680 850 1749 dnos
859 1679 1074 1772 praecedentes
1095 1681 1225 1772 reqnlcs
1245 1683 1409 1774 exceptio-

267 1805 322 1853 nes
336 1785 509 1855 nonnullae.
522 1825 566 1840 -
576 1787 678 1856 Dictae
695 1788 855 1878 siquidem
869 1788 993 1876 regulae
1006 1787 1252 1879 applicationem
1267 1811 1333 1857 non
1349 1789 1410 1858 ha-

267 1891 346 1960 bent
360 1893 395 1960 in
411 1894 620 1984 sequentibus
635 1895 763 1963 casibus
782 1921 790 1961 :

315 2003 344 2067 1.
362 2000 399 2069 Si
412 2002 564 2070 delictum
580 2002 622 2070 sit
636 2003 706 2073 leve
727 2024 825 2093 :quar
837 2001 982 2093 exceptio
999 2000 1165 2090 colligitur
1183 2023 1224 2069 ex
1243 2023 1344 2093 supra
1361 2005 1410 2092 ci-

269 2118 334 2178 tato
348 2109 450 2200 capite
468 2109 675 2200 Omnrpotens
691 2108 734 2197 (t,
753 2109 804 2175 tit.
821 2111 851 2196 1,
868 2107 925 2174 bb.
944 2106 1128 2196 biberet),
1141 2107 1177 2175 in
1188 2129 1253 2198 quo
1264 2107 1406 2178 dieitur:

269 2215 363 2284 valde
378 2235 478 2303 grave
494 2226 541 2282 est
557 2225 592 2282 ut
615 2214 676 2301 vir,
691 2213 732 2281 de
747 2236 812 2304 quo
826 2226 965 2281 tantast
979 2213 1061 2282 tolio
1076 2213 1286 2296 nuntiantur,
1304 2215 1410 2285 hono-

268 2331 370 2391 retur.
387 2321 445 2389 Illa
459 2320 546 2389 enim
559 2321 658 2390 verba
668 2322 744 2388 satis
756 2321 903 2388 indicant
918 2320 1068 2416 praelatos
1078 2319 1260 2388 effectusex
1269 2324 1414 2411 peccatis

269 2427 395 2494 levibus
412 2449 477 2494 non
491 2427 592 2516 sequi.
611 2427 767 2508 Quaenam
781 2433 890 2493 autem
904 2435 1031 2516 peccata
1046 2423 1159 2513 gravia
1174 2424 1239 2491 sint
1252 2424 1406 2513 vellevia,

270 2533 403 2624 exponit
417 2555 520 2602 canon
540 2535 649 2601 Unum
666 2535 710 2624 (5,
725 2531 942 2600 distinctionis
957 2533 1023 2624 25).

314 2644 346 2707 2.
362 2639 400 2708 Si
415 2663 457 2708 ex
472 2641 663 2731 conjecturis
672 2649 835 2732 appareat,
847 2639 989 2731 aliquem
998 2663 1041 2708 ex
1049 2641 1211 2711 calumnia
1221 2638 1410 2710 denuntiari

269 2771 344 2816 aum
366 2747 400 2815 in
417 2769 562 2838 scopum,
588 2758 625 2816 ut
643 2747 684 2815 ab
707 2746 899 2831 honoribus,
917 2745 1142 2836 dignitatibus,
1167 2747 1335 2832 officiisve,
1351 2759 1410 2818 aut

268 2855 435 2923 beneficiis
448 2862 605 2923 arceatur.
621 2854 681 2940 Ila,
697 2861 769 2944 post
784 2853 975 2941 Fagnanum
984 2863 1016 2921 et
1030 2854 1123 2942 alios,
1139 2853 1347 2923 Reiffenstuel
1361 2855 1409 2944 (in

270 2961 317 3028 tit.
339 2963 370 3048 1,
385 2959 461 3028 libri
479 2965 496 3027 5
513 2961 652 3047 Deerat,
670 2981 702 3026 n.
722 2958 808 3049 tlt).
827 2959 896 3048 Ego
916 2969 1024 3028 tamen
1041 2983 1107 3028 non
1131 2959 1225 3029 rideo
1247 2959 1408 3050 ejusnrodi

269 3067 490 3158 exceptionem
513 3068 654 3136 textibus
676 3067 773 3157 juris,
800 3074 856 3134 ant
878 3066 989 3135 solidis
1009 3067 1189 3136 rationibus
1210 3066 1410 3135 sufficienter

270 3173 412 3242 fundari.

315 3285 345 3348 3.
363 3279 400 3348 Si
415 3278 614 3349 denuntiatio
628 3301 693 3348 nou
708 3278 748 3347 sit
762 3277 907 3368 legitima
919 3301 961 3348 ex
976 3277 1102 3348 defectu
1115 3278 1243 3369 formas,
1264 3287 1302 3349 ut
1325 3301 1406 3349 con-

269 3397 331 3456 stat
342 3410 384 3456 ex
397 3387 492 3457 dictis
505 3409 604 3478 snpra
618 3387 639 3479 ξ
655 3391 684 3455 5.

313 3500 345 3564 t.
360 3494 395 3564 si
409 3494 608 3564 denuntiatio
629 3516 694 3562 non
717 3493 894 3561 intentetur
913 3491 1137 3574 crimnnner,
1161 3494 1218 3564 scd
1239 3492 1410 3564 dumbxat

268 3601 423 3684 civiliter;
438 3601 533 3669 idest
552 3621 617 3668 non
632 3597 672 3667 ad
696 3598 875 3668 vindictam
894 3599 1071 3691 publicam,
1085 3597 1141 3668 sed
1159 3609 1197 3668 ut
1214 3598 1410 3686 denuntians

269 3709 412 3780 obtineat
424 3707 485 3776 sibi
499 3706 646 3776 resarciri
660 3706 818 3776 damnum
833 3705 1051 3777 adenuntiato
1071 3705 1208 3776 illatum.
1222 3706 1307 3777 Vide
1317 3707 1411 3776 Reif-

268 3815 406 3886 fenstucl
420 3815 468 3906 (in
483 3815 531 3883 tit.
552 3818 582 3901 1,
599 3814 657 3884 lib.
678 3818 695 3880 5
711 3815 852 3901 Deerat,
868 3837 901 3881 n.
922 3813 1011 3904 136).

315 3928 345 3991 b.
362 3919 398 3992 Si
413 3923 541 4015 elapsus
555 3921 654 3992 luerit
668 3943 774 3989 annus
788 3945 808 3990 a
822 3928 965 4012 tempore
987 3921 1080 3990 factae
1101 3918 1364 4009 denuntiationis,
1377 3931 1413 3992 et

268 4053 343 4102 reus
358 4053 455 4100 causa
470 4053 536 4099 non
551 4029 650 4098 tuerit
662 4051 721 4098 cur
732 4028 888 4098 lisadbuo
896 4027 1034 4119 pendeat
1043 4035 1076 4097 et
1088 4029 1207 4099 nonsit
1216 4028 1407 4098 terminata:

268 4150 345 4209 tunc
360 4137 483 4207 scilicet
499 4145 600 4230 potest
613 4135 833 4224 denuntiatus,
851 4135 1009 4228 pendente
1022 4135 1277 4224 denuntiatione,
1292 4134 1334 4206 ad
1356 4137 1412 4206 di-

268 4245 420 4338 gnitates,
437 4243 581 4333 ordines,
598 4241 705 4314 altreie
723 4249 754 4312 et
774 4241 931 4312 beneficia
952 4241 1146 4337 promoveri.
1171 4241 1208 4312 Id
1227 4242 1262 4311 in
1282 4241 1338 4334 jus
1356 4267 1412 4313 ec·
