3050 4984
262 492 325 556 202
618 510 793 556 ruucruuus
821 510 859 556 nr
881 508 1016 555 sununs.

259 631 412 719 Ligurius
433 630 529 722 (libro
551 635 583 718 l,
608 653 642 699 n.
668 632 743 721 274)
771 631 868 700 habet
890 640 927 699 ut
950 627 1216 721 probabiliorem,
1246 624 1401 718 quamvis

258 738 437 830 oppositum
450 747 576 833 reputet
585 740 683 809 etiem
698 740 776 809 sutis
790 738 1003 832 probabilem.
1020 738 1088 807 Alii
1103 738 1304 806 contrarium
1319 758 1403 806 scn-

258 844 344 914 tiunt
357 868 433 914 cum
450 846 616 935 Suererio,
631 847 737 937 Lugo,
756 847 973 939 plurimisque
986 846 1060 914 aliis
1074 866 1203 935 muguae
1216 842 1403 912 auctorita-

259 953 300 1021 tis
314 952 511 1023 doctoribus.
531 982 548 1019 u
563 955 641 1024 fleo
654 956 814 1023 sententia
828 965 925 1044 negat
940 954 1043 1023 teneri
1055 974 1147 1020 reum
1163 952 1285 1020 crimen
1301 974 1403 1019 suum
1509 963 1511 974 ·

263 1084 281 1127 u
304 1060 458 1147 revelare,
475 1084 628 1152 casuque
643 1059 849 1131 damnandus
861 1070 945 1129 esset
958 1059 999 1129 ud
1015 1068 1165 1145 mortem,
1179 1058 1289 1127 autad
1303 1059 1403 1126 trire-
1509 1075 1511 1108 ³

264 1194 281 1233 a
305 1190 384 1255 mes,
409 1168 450 1238 ad
474 1190 635 1237 carcerem
652 1178 858 1260 perpetuum,
888 1168 941 1237 vel
954 1166 997 1235 ed
1019 1166 1224 1235 emissionem
1248 1165 1403 1235 omnium

265 1274 479 1363 abonorum,
506 1276 557 1345 vel
581 1276 679 1345 totius
702 1274 799 1343 famae
824 1285 856 1343 et
882 1274 1016 1344 honoris
1037 1301 1119 1360 .....;
1143 1272 1207 1341 nisi
1227 1294 1405 1341 commune
1509 1347 1511 1360 γ

266 1407 283 1447 u
305 1380 463 1450 damnum
477 1382 644 1451 immineat
654 1404 697 1451 ex
710 1382 878 1451 reticentia
892 1381 1141 1451 confessionis...
1153 1379 1239 1449 Casu
1249 1401 1404 1471 veroquo
1509 1373 1510 1456 ᾖ

265 1513 282 1553 u
305 1486 368 1555 tale
383 1487 539 1557 damnum
557 1510 622 1557 non
636 1488 780 1574 timetur,
797 1511 872 1556 cum
880 1487 933 1556 lex
945 1486 1094 1577 obligans
1108 1486 1283 1555 adcrimen
1294 1484 1404 1553 futen-
1509 1469 1511 1554 ἶ

266 1594 384 1663 udum
400 1594 609 1686 probabiliter
622 1616 688 1664 non
704 1603 804 1681 extet,
818 1593 1027 1685 probabiliter
1040 1593 1144 1686 judex
1158 1614 1226 1661 non
1238 1590 1334 1659 habet
1345 1589 1405 1681 jus
1509 1679 1510 1686 ἵ

265 1728 281 1766 a
305 1700 473 1769 veritatem
487 1700 543 1769 tali
562 1724 637 1769 casu
652 1701 820 1792 exigendi,
834 1724 893 1769 neo
905 1724 981 1769 reus
993 1700 1223 1790 obligationem
1238 1719 1308 1766 cam
1326 1720 1404 1764 ms·
1509 1777 1510 1782 ἵ

264 1834 282 1871 u
305 1807 494 1894 nifestandi;
506 1816 538 1875 et
549 1808 621 1875 ideo
631 1830 718 1895 reus,
730 1807 982 1900 amphibologiis
992 1808 1115 1876 crimen
1128 1804 1274 1892 celando,
1290 1812 1405 1871 contra
1509 1883 1510 1896 ἶ

265 1940 282 1979 u
302 1914 460 2004 justitiam
476 1936 541 1983 non
557 1924 676 2006 peccat.
694 1941 710 1979 n
734 1915 885 2005 (Sanctus
895 1915 1061 2004 Ligorius,
1075 1914 1145 1983 loco
1157 1913 1225 2003 cit.)
1240 1912 1278 1980 ld
1291 1918 1405 1979 autem
1509 1923 1510 1926 ’

261 2019 409 2111 praedicti
422 2028 569 2091 auctores
589 2022 750 2091 sustinent
767 2030 893 2090 tantum
908 2022 942 2089 in
958 2021 1131 2113 hypothesi
1146 2020 1236 2113 quod
1249 2041 1325 2088 reus
1338 2017 1406 2087 ha-

261 2126 335 2195 beut
351 2150 441 2218 spem
465 2128 639 2216 evadendi3
665 2129 810 2220 alioquin
825 2150 942 2219 nempe
955 2151 1030 2197 eum
1047 2128 1088 2197 ud
1103 2127 1267 2197 fatendam
1281 2124 1407 2195 verita-

263 2243 327 2303 tem
341 2235 474 2304 omniuo
487 2236 602 2305 teneri.

307 2343 386 2411 Item
403 2343 529 2433 praelati
547 2352 694 2412 auctores
714 2345 875 2412 sustinent
890 2365 983 2435 posse
1003 2344 1039 2409 in
1052 2343 1139 2411 dicto
1154 2364 1232 2411 cusu
1246 2365 1339 2410 reum
1354 2342 1406 2411 le-

263 2449 376 2537 gitime
395 2450 630 2540 interrogatum
661 2478 679 2517 u
702 2473 821 2541 negare
843 2452 968 2519 crimen
990 2450 1092 2518 strom
1110 2472 1186 2517 oum
1205 2450 1406 2540 juramento

268 2581 284 2619 u
311 2557 435 2648 (saltem
455 2558 526 2625 sine
543 2566 670 2648 peccato
689 2557 795 2647 gravi)
821 2556 1094 2647 subintelligendo
1120 2580 1186 2624 non
1209 2556 1408 2626 commisisse
1509 2574 1510 2577 ’

267 2688 284 2727 α
307 2665 742 2755 quatenustcneatursotem.
754 2691 771 2729 o
784 2664 933 2754 (Sanctus
944 2664 1112 2753 Ligurius,
1123 2662 1207 2731 libro
1219 2668 1251 2751 3,
1263 2687 1296 2731 n.
1314 2664 1407 2753 tou.)

307 2771 450 2852 Qunsno
464 2776 511 2839 2⁸.
529 2808 574 2823 -·
593 2770 814 2855 Quandonam
822 2770 933 2861 judee
947 2770 1119 2839 emendus
1130 2771 1173 2838 sit
1189 2771 1334 2861 lepitime
1348 2771 1408 2839 in-

264 2891 439 2970 terropore,
466 2891 497 2946 et
517 2877 728 2969 quaradonom
753 2878 945 2968 illepitr'me?
968 2916 1013 2929 -
1032 2877 1135 2945 Extra
1147 2877 1407 2946 controversiam

263 2994 311 3054 est
327 3007 393 3054 non
407 2984 509 3053 teneri
524 3006 618 3054 reum
629 2984 670 3052 ad
684 2982 946 3077 respondendum
959 2983 1063 3074 judici
1076 2983 1245 3073 r'llepitime
1260 2982 1407 3053 interro-

262 3093 363 3182 ganti.
381 3092 466 3160 Hinc
489 3091 624 3159 maximi
645 3092 743 3162 refert
763 3092 949 3159 discernere
964 3091 1137 3182 requisites
1151 3090 1354 3159 conditiones
1368 3101 1409 3159 ut

261 3196 364 3286 judex
380 3195 522 3287 legitime
537 3196 725 3287 interroget.
743 3197 914 3288 Ejusmodi
928 3204 1037 3265 sutem
1052 3196 1257 3265 conditiones
1269 3195 1310 3264 ad
1325 3220 1405 3288 quu-

265 3312 340 3371 tuor
359 3314 529 3395 sequentes
552 3302 664 3373 reduci
692 3312 827 3395 possunt
854 3329 862 3369 :
894 3307 927 3371 1⁰
951 3312 987 3371 ut
1007 3304 1112 3395 judex
1127 3304 1168 3371 sit
1196 3311 1403 3395 competens3

264 3413 298 3477 2ο
322 3418 357 3480 ut
380 3419 528 3479 servetur
547 3412 631 3502 juris
645 3410 744 3491 ordo;
772 3413 805 3477 3⁰
823 3419 861 3479 ut
879 3410 946 3502 jam
971 3419 1083 3479 extent
1105 3420 1218 3480 contra
1234 3434 1327 3480 reum
1351 3412 1407 3481 vel

265 3518 411 3604 infamis,
429 3519 481 3587 vel
497 3518 609 3607 gravia
634 3517 764 3606 indicia,
782 3517 833 3585 vel
849 3518 1047 3609 semi-plena
1059 3518 1226 3609 probatio;
1247 3523 1279 3586 4⁰
1296 3526 1334 3586 nt
1349 3541 1406 3587 reo

264 3625 333 3717 jam
357 3625 568 3696 declaraverit
588 3624 691 3717 judex
711 3646 865 3717 qusenam
883 3633 995 3694 contre
1017 3625 1126 3718 ipsum
1142 3633 1230 3693 extet
1255 3626 1405 3713 iufamia,

268 3736 320 3805 vel
335 3736 450 3826 gravia
464 3734 597 3822 indicia,
620 3733 671 3802 vel
686 3733 886 3825 semi-plena
898 3733 1056 3824 probatio.
1075 3735 1122 3802 lle
1136 3732 1264 3802 duobus
1287 3734 1409 3825 priori-

267 3844 329 3912 bus
341 3842 580 3913 conditionihus
602 3841 692 3910 nulla
707 3850 755 3909 est
770 3840 956 3930 difficultas,
973 3864 1047 3910 cum
1064 3842 1142 3910 satis
1157 3863 1213 3933 por
1228 3866 1263 3909 se
1287 3850 1407 3932 pateat,

267 3960 299 4019 et
311 3950 352 4019 ab
364 3950 516 4019 omnihus
533 3958 569 4018 ut
582 3957 707 4017 certum
730 3948 935 4034 admittatur,
951 3971 1017 4017 non
1030 3948 1133 4017 teneri
1158 3970 1250 4017 reum
1267 3970 1410 4040 respon-

269 4059 345 4128 dere
359 4059 409 4127 illi
434 4056 536 4148 judici
565 4055 657 4148 cujus
673 4055 893 4146 jurisdictioni
911 4055 1075 4146 subjectus
1099 4078 1166 4123 non
1194 4066 1254 4142 est,
1284 4056 1336 4123 vel
1351 4058 1412 4148 qui

270 4166 495 4258 praescriptum
524 4186 543 4233 a
564 4164 638 4255 jura
663 4161 811 4232 ordinem
834 4162 1022 4255 judicialem
1039 4184 1104 4231 non
1123 4172 1242 4233 servat.
1260 4164 1411 4233 Duarum

267 4282 374 4343 autem
390 4274 529 4343 aliarum
543 4270 768 4343 conditionum
786 4271 1017 4357 necessitatem,
1034 4292 1109 4339 oum
1135 4292 1203 4341 nou
1228 4269 1272 4340 ita
1292 4293 1350 4363 per
1376 4296 1413 4342 se
