3050 4984
542 498 617 545 ranas
639 498 786 545 sumnus.
952 560 956 569 .
1169 481 1231 545 257

93 638 162 685 eam
180 616 369 707 respiciunt,
387 624 457 686 tum
480 618 521 687 ad
537 619 641 711 ipsam
658 619 850 711 questionis
864 619 1061 691 solutionem
1084 621 1236 711 procede·

95 745 175 790 mus.

135 830 161 897 1.
188 833 304 899 Tertiis
314 832 407 923 jnris
428 834 488 924 qni
510 835 767 926 appellationem
786 834 828 901 ob
850 834 975 903 ortibus
992 835 1028 902 in
1051 835 1238 903 visitatione

95 938 144 1005 uel
152 960 214 1029 pro
230 962 360 1007 rnorem
375 942 571 1009 correctione
581 942 678 1033 qestt's
693 954 901 1011 concernunt.
917 980 962 995 -
980 942 1050 1011 «ln
1065 943 1171 1010 causis
1185 946 1239 1012 vi·

98 1072 111 1108 ιι
135 1045 290 1113 citationis
305 1058 336 1115 et
352 1048 573 1134 correctionis,
591 1048 660 1117 sive
676 1048 854 1117 habilitatis
869 1060 901 1117 et
916 1048 1142 1135 inhabilitatis,
1158 1073 1238 1119 nec-

99 1180 111 1216 ι
137 1174 199 1221 non
225 1154 462 1241 criminalibus,
484 1156 525 1222 ab
556 1156 728 1248 Episcopo,
758 1178 816 1225 seu
842 1156 930 1224 illius
952 1156 986 1223 in
1014 1156 1239 1247 spiritualibus

99 1298 112 1332 ιι
135 1269 268 1339 Vicario
283 1272 443 1360 generali,
469 1280 543 1339 ante
559 1271 764 1341 definitivam
782 1274 986 1358 sententiam,
1003 1272 1045 1339 ab
1061 1273 1240 1341 interlocu-

99 1404 113 1441 ιι
136 1378 229 1462 toria,
252 1378 304 1447 vel
324 1380 389 1448 alio
409 1402 616 1472 quocumque
641 1381 844 1469 gravanime,
869 1403 934 1448 non
954 1380 1159 1471 appelletur:
1180 1404 1239 1449 nec

99 1512 113 1549 ι
135 1484 326 1578 Episcopus,
351 1510 408 1554 seu
437 1486 590 1556 Vicerius
618 1486 826 1577 appellationi
856 1487 1058 1579 hujusmodi,
1084 1496 1238 1579 tanquam

100 1618 113 1655 ι
137 1592 263 1661 invola
280 1592 405 1662 deferre
423 1601 571 1661 teneatur
590 1620 596 1659 :
614 1593 670 1661 sed
691 1616 741 1679 ea,
762 1616 800 1660 ac
819 1616 1024 1685 quacumque
1045 1594 1238 1665 inhibitione

100 1724 114 1761 ιι
135 1698 175 1766 ab
190 1700 415 1790 appellationis
426 1700 536 1791 judice
551 1707 702 1769 emanata
714 1751 769 1786 ...,
785 1722 852 1767 non
866 1701 1013 1769 obstante
1026 1753 1077 1787 ...,
1094 1701 1133 1767 ad
1150 1702 1239 1769 ulte-

100 1832 114 1869 ιι
135 1807 222 1874 riora
240 1807 344 1875 valeat
362 1807 535 1898 procedere
555 1835 562 1874 :
579 1808 643 1875 nisi
665 1829 843 1896 gravamen
868 1806 1057 1900 hujusmodi
1079 1832 1135 1899 per
1157 1808 1239 1877 defi-

100 1938 115 1976 ι
136 1914 272 1981 nitivam
287 1915 482 1984 seutentiam
499 1916 655 2005 reparari,
675 1914 784 1982 veleb
809 1916 879 2005 ipsa
893 1914 1063 1982 definitiva
1083 1916 1238 2006 appellari

101 2042 202 2087 anon
227 2021 346 2112 possit;
368 2021 488 2113 quibus
512 2022 639 2089 casibus
660 2043 829 2090 sacrorum
853 2031 884 2088 et
908 2022 1118 2113 antiquorum
1141 2045 1239 2091 cano-

100 2153 114 2188 ιι
137 2150 215 2194 num
232 2136 350 2196 statuta
366 2129 492 2196 illibata
505 2128 688 2219 persistant.
702 2156 719 2193 r>
739 2128 849 2215 (Cone.
865 2127 973 2215 Trid,
986 2152 1065 2197 sess.
1084 2133 1139 2216 22,
1157 2154 1185 2197 c.
1205 2135 1237 2216 1,

98 2233 133 2301 dc
144 2236 227 2325 llos.)

147 2345 243 2413 «Nec
268 2343 440 2433 appellatio
461 2344 684 2412 executionem
706 2344 789 2411 hanc
809 2365 884 2434 quae
901 2344 942 2410 ad
965 2367 1093 2413 morum
1114 2368 1240 2434 correc-

102 2482 116 2519 ι
137 2455 259 2521 tionem
282 2450 421 2542 pertinet
440 2449 627 2541 suspendat.
652 2476 668 2514 a
696 2450 806 2539 (Cone.
834 2450 942 2535 Tria,
964 2474 1043 2518 sess.
1071 2455 1126 2537 22,
1148 2476 1176 2520 c.
1207 2457 1238 2540 t,

99 2560 134 2628 dc
146 2559 230 2651 lies.)

141 2694 156 2732 ιι
170 2666 323 2759 Episcopi
389 2666 424 2731 in
438 2662 590 2731 omnihus
608 2663 661 2749 iis,
678 2685 753 2753 quae
766 2663 806 2729 ad
818 2664 1049 2751 visitationem,
1062 2688 1098 2732 ac
1112 2688 1240 2734 morum

103 2802 117 2839 ι
138 2773 368 2843 correctionem
384 2769 590 2839 subditorum
604 2791 741 2838 suorum
760 2778 919 2861 spectant,
935 2770 991 2860 jus
1006 2779 1037 2837 et
1052 2780 1241 2861 potestatem

103 2906 117 2946 ιι
138 2882 290 2967 habeant,
307 2880 404 2947 etiam
421 2886 574 2969 tanquam
592 2876 685 2946 Sedis
706 2875 905 2966 Apostolicae
922 2876 1075 2966 delegati,
1093 2902 1130 2945 ea
1152 2881 1242 2947 ordi-

103 3014 117 3052 ι
139 2989 250 3074 nandi,
278 2984 480 3070 moderandi,
502 2983 661 3075 puniendi
687 2993 719 3050 et
742 2983 940 3074 exequendi,
960 2984 1058 3073 juxta
1078 3007 1241 3054 canonum

104 3122 117 3157 ι
139 3096 331 3180 sanctiones,
348 3112 423 3184 quae
435 3090 500 3158 illis
514 3113 556 3159 ex
570 3089 819 3181 prudentianae
831 3113 891 3180 pro
905 3089 1114 3159 subditorum
1130 3114 1242 3159 emen-

104 3230 117 3266 ι
139 3204 279 3288 datione,
298 3223 335 3267 ac
349 3198 496 3267 diaecesis
512 3220 580 3265 suen
596 3197 733 3265 utilitate
753 3198 937 3264 necessaria
952 3196 1161 3266 videbuntur.
1175 3201 1242 3268 Nec

104 3336 118 3372 ι
139 3311 172 3377 in
183 3310 245 3396 his,
256 3308 315 3376 uhi
323 3307 363 3375 de
374 3305 568 3390 visitatione,
578 3312 635 3372 aut
645 3304 980 3371 morumcorrectione
988 3304 1241 3398 agiturexemp-

104 3443 118 3481 ι
141 3420 196 3503 tio,
219 3424 276 3485 aut
297 3414 364 3483 ulla
383 3413 548 3498 inhibitio,
565 3411 751 3503 appellatio,
768 3433 825 3478 seu
839 3412 982 3501 querela,
1001 3409 1156 3480 etiamad
1176 3414 1238 3482 Se-

104 3548 118 3585 ι
139 3523 212 3590 dem
224 3519 443 3613 Apostolicam
454 3517 657 3608 interposita,
671 3517 893 3585 executionem
907 3539 1034 3604 eorum,
1047 3542 1122 3610 quae
1132 3521 1173 3587 ab
1190 3521 1240 3589 his

104 3654 118 3691 ιι
139 3629 303 3715 mandata,
315 3628 453 3715 decreta,
466 3634 523 3693 aut
533 3622 680 3715 judicata
691 3623 824 3710 luerint,
839 3626 1069 3715 quoquomodo
1087 3626 1241 3718 impediat
1265 3636 1271 3649 '

105 3761 118 3796 c
139 3746 195 3803 aut
216 3733 401 3826 suspendat.
427 3759 444 3796 a
471 3731 667 3821 (Concilium
690 3730 932 3817 Tridentinum,
952 3754 1031 3799 sess.
1055 3736 1109 3820 tl,
1131 3758 1159 3801 c.
1185 3738 1238 3819 10,

102 3840 136 3909 dc
153 3846 237 3935 Refi)
804 3854 807 3857 ’

147 3978 162 4013 ιι
185 3948 457 4041 Reprehensibilis
483 3946 682 4014 consuetudo
707 3946 742 4011 in
770 3944 967 4035 quibusdam
999 3947 1144 4036 partibus
1167 3950 1238 4016 ino-

106 4083 120 4121 ι
143 4058 218 4125 levit
232 4067 268 4124 ut
293 4082 350 4141 ...;
368 4053 423 4121 alii
443 4054 552 4138 etiam,
574 4053 653 4120 dum
673 4052 853 4142 superioris
876 4052 1068 4120 sententiam
1089 4063 1121 4121 el
1141 4054 1239 4123 disci-

107 4188 123 4225 ι
144 4164 261 4253 plinam
281 4162 468 4230 canonicam
493 4158 719 4244 reformidant,
740 4158 809 4227 sine
832 4159 899 4227 ullo
914 4161 1105 4248 gravamine
1125 4163 1237 4252 appel-

107 4268 292 4338 clationem
315 4268 483 4359 objiciunt,
509 4267 592 4334 etad
615 4263 838 4335 defensionem
863 4266 1043 4359 iuiqrutatis
1068 4282 1237 4361 ersurpant,

259 4396 289 4441 u.
779 4395 781 4398 ·
1045 4380 1079 4439 Π
