3050 4984
306 450 369 515 ott
683 470 861 518 moninus
882 472 921 518 nn
943 469 1075 518 tunimo.

297 590 413 659 hebeti
425 590 601 682 potuerint,
615 613 692 682 qum
702 591 854 662 dicentur
868 615 888 660 u
903 613 959 661 reo
974 614 1074 661 mann
1089 590 1223 684 proprio
1237 595 1395 674 emistus,
1412 597 1443 655 et

299 719 377 789 quen
389 697 493 790 ipsius
512 696 668 768 delictum
684 699 823 790 probare
840 721 936 791 pomo
954 699 1145 786 videentnr3
1167 720 1244 791 qnae
1266 695 1444 786 recognitio

299 804 442 894 pertinet
467 805 567 873 etiam
591 803 633 873 nd
657 807 871 875 summarium
895 806 1170 876 informationem.
1199 807 1308 876 Potest
1334 811 1443 872 antem

301 909 482 1086 ἓξήάᾕυιῐα
494 921 682 1004 sequentem
695 923 753 981 ant
769 913 910 983 similem
930 913 1106 984 formulam
1121 915 1163 982 ab
1180 913 1328 982 aotnnrio
1347 909 1445 980 edhi-

343 1039 365 1084 n
388 1040 454 1086 am.

344 1185 359 1220 a
380 1161 511 1226 Auditis
525 1164 677 1245 prefatis
697 1164 839 1242 testibus,
865 1166 973 1230 volem
989 1167 1067 1232 Rev.
1093 1163 1148 1242 Ν.,
1167 1162 1289 1247 juder,
1307 1177 1445 1244 perpere

301 1269 349 1334 ad
362 1270 614 1352 recopnitionem
635 1269 667 1334 et
679 1273 956 1354 comparationem
977 1273 1174 1349 interm,
1188 1288 1272 1353 quas
1294 1267 1446 1334 Andreas

303 1376 345 1442 Ν.
367 1375 486 1440 dicitur
504 1377 553 1440 ad
564 1377 710 1459 puellam
728 1379 905 1444 Bitianam
925 1381 1099 1462 scripsisse,
1113 1387 1145 1443 et
1164 1396 1237 1462 pree
1257 1383 1375 1440 ateste
1389 1375 1444 1450 nt,

302 1485 337 1546 in
357 1484 509 1548 manibus
525 1486 597 1564 fisci
614 1485 753 1566 suerunt
772 1486 936 1570 depositor,
956 1489 1115 1552 curavite
1131 1485 1284 1550 sacristia
1306 1483 1446 1548 ecclesie

302 1591 359 1668 Ν.,
383 1591 446 1655 sibi
466 1590 582 1673 afferri
605 1601 768 1674 reaestuat
789 1591 1038 1676 baptismorum,
1062 1595 1096 1658 in
1120 1611 1186 1676 quo
1209 1599 1322 1658 ecum
1345 1591 1445 1672 ptura

300 1704 385 1776 acta,
400 1715 503 1760 manu
517 1696 655 1763 Andreae
669 1697 713 1766 Ν.
729 1708 815 1763 certo
829 1709 982 1765 exarata.
996 1701 1068 1780 Qua
1081 1699 1203 1779 habito,
1214 1699 1347 1764 curauit
1360 1699 1446 1762 insu·

298 1821 361 1887 per
372 1804 575 1868 diuersorum
594 1805 774 1886 scripturas
792 1807 917 1890 afferri,
930 1807 978 1872 ad
996 1807 1173 1872 videndum
1195 1825 1240 1870 an
1260 1815 1366 1884 testes,
1388 1807 1445 1887 qui

303 1911 456 1976 dicuntur
469 1912 609 1977 Andrcae
623 1912 667 1981 Ν.
680 1914 877 1996 scripturam
899 1917 1019 1999 optime
1037 1933 1176 1994 nascere,
1191 1932 1266 1978 eam
1282 1914 1368 1977 irtter
1386 1931 1444 1976 oa·

303 2021 372 2083 rias
388 2018 472 2082 alias
493 2019 717 2084 discenterent.
735 2021 792 2085 Ad
811 2041 909 2106 quem
923 2024 1023 2102 finem
1044 2023 1143 2088 dictos
1167 2029 1258 2087 testes
1276 2039 1396 2086 vocare
1417 2029 1445 2083 et

304 2127 492 2191 examinare
506 2127 656 2192 decrevit.
670 2128 922 2194 Actasuntksec
936 2131 987 2194 die
1053 2131 1170 2194 mensis
1237 2147 1362 2192 arma...

351 2234 485 2300 Vocatus
510 2235 612 2316 ipitur
633 2235 818 2317 comparuit
842 2235 1017 2302 Geruasius
1040 2238 1097 2316 Ν.,
1119 2245 1151 2300 et
1171 2237 1315 2320 deposito
1343 2239 1443 2318 jura·

304 2348 412 2406 mento
424 2342 463 2406 de
476 2341 613 2405 dicenda
626 2344 775 2419 veritate,
791 2342 939 2425 deposuit
952 2353 990 2408 ut
1000 2344 1147 2428 sequitur
1160 2366 1170 2406 :

348 2491 362 2528 o
378 2469 433 2534 Ad
443 2467 609 2550 peneralia
624 2489 634 2529 :

346 2619 363 2652 «
383 2601 414 2658 1⁰
428 2594 651 2674 Interropatus
665 2613 676 2654 .·
690 2593 1016 2675 puomodonocetur?
1026 2595 1250 2676 -Respondit
1316 2595 1363 2674 (et
1376 2592 1444 2658 reli·

305 2720 369 2783 qua
382 2705 421 2767 ut
433 2699 558 2783 supra.)

349 2855 364 2890 u
379 2828 435 2895 Ad
444 2827 598 2912 specialia
612 2844 624 2890 .·

346 2977 362 3012 o
384 2961 415 3016 t⁰
435 2953 659 3032 Interropatus
672 2967 684 3014 .·
698 2969 744 3014 an
768 2961 939 3032 copnascat
961 2954 1128 3018 Andream
1147 2952 1179 3016 Ν
1182 2951 1214 3016 .?
1236 2986 1278 3002 -
1297 2951 1442 3034 Respon-
1503 2931 1504 2943 i

305 3063 354 3126 dit
367 3061 536 3144 :opprime
554 3077 719 3141 capnosco.

347 3193 363 3228 «
382 3174 415 3234 2⁰
432 3168 681 3248 interropatus:
698 3185 742 3231 an
765 3166 906 3232 habeant
924 3169 976 3232 vel
994 3169 1167 3232 habunint
1177 3167 1444 3249 familiaritatem

304 3285 336 3343 et
354 3277 582 3341 commercium
604 3274 787 3338 litterarum
812 3274 1042 3340 adinvicem?
1064 3311 1104 3325 —-
1126 3275 1336 3359 Respondit:
1357 3284 1445 3340 ante·
1502 3267 1503 3328 ἶ

305 3386 366 3450 itae
379 3385 466 3464 bene,
480 3382 539 3447 sed
549 3401 571 3446 a
583 3381 707 3446 duobus
719 3382 814 3446 annis
827 3401 892 3446 non
909 3385 1062 3467 amptius.

349 3493 668 3572 «3⁰1nterropatus:
684 3508 729 3552 an
749 3487 827 3553 bene
841 3502 1011 3574 capnoscat
1024 3492 1243 3556 characterem
1257 3499 1289 3556 et
1307 3509 1445 3556 manum

305 3602 431 3666 domini
443 3598 582 3665 Andreae
595 3597 663 3666 m?
677 3633 717 3643 -
730 3596 929 3682 Respondit:
941 3602 1081 3683 perfecte
1094 3618 1259 3683 copnosco.

348 3715 408 3773 «4⁰
420 3709 643 3789 Interropatus
656 3724 700 3770 an
714 3705 799 3768 inter
822 3705 905 3770 alias
921 3707 1031 3790 plures
1043 3710 1221 3790 scripturas
1240 3703 1445 3802 capnosceret
1501 3725 1502 3778 t

303 3825 489 3883 manumet
509 3815 727 3880 characterem
749 3814 889 3879 Andreae
906 3815 974 3882 m?
988 3849 1026 3864 -
1037 3815 1212 3898 Respondit
1226 3833 1237 3879 .·
1251 3821 1340 3879 inter
1356 3815 1444 3880 mitte

304 3941 534 4008 capnoscerem.

347 4035 464 4100 «Tunc
477 4033 553 4097 Rev.
568 4031 677 4114 juder
689 4033 801 4097 uarias
823 4033 1001 4114 scripturas
1019 4049 1087 4095 una
1100 4049 1174 4093 cum
1188 4031 1356 4113 scriptura
1375 4035 1440 4096 An·
1500 4075 1501 4126 i

303 4152 388 4216 drcae
413 4143 466 4220 Ν.,
480 4141 590 4223 posuit
608 4147 683 4204 ante
702 4149 823 4214 testem,
842 4141 888 4203 ita
902 4147 1012 4204 tamen
1026 4147 1063 4202 ut
1075 4137 1193 4202 nullibi
1209 4137 1353 4220 alicujus
1373 4139 1442 4202 sut·

301 4256 432 4336 scriptio
444 4257 570 4333 pateret
584 4270 591 4310 :
606 4256 639 4310 et
648 4247 732 4311 dr'cit
746 4250 777 4310 ei
800 4255 836 4311 ut
850 4247 996 4328 seiiperet
1012 4247 1211 4328 scripturam
1224 4245 1368 4310 Andreae
1383 4245 1423 4311 Ν.
1430 4261 1443 4324 ;
1500 4235 1501 4276 ³

1500 4368 1501 4409 t
