3050 4984
300 513 363 580 ist
669 535 844 584 incrinus
865 537 904 584 ns
925 537 1057 586 sucinis.

297 653 445 718 adbibita
461 658 581 739 riporis
600 659 708 739 oirpa,
732 658 781 722 ad
798 659 928 722 cauum
946 657 1149 722 reducamus.
1167 657 1251 723 Cum
1272 659 1375 738 initur
1398 675 1440 720 ec

296 764 499 827 causatione
510 781 623 828 coram
636 764 735 832 Nobis
749 767 910 848 producta
925 767 962 844 (si
977 765 1166 846 procedatur
1189 764 1241 826 via
1261 764 1439 828 denuntia·

297 869 403 946 tionis,
415 870 482 935 loco
497 871 616 934 horum
629 872 802 936 vorborum
816 889 858 936 ca
871 873 1087 948 accusatione,
1104 875 1241 952 ponatur
1253 888 1295 933 ec
1309 870 1440 933 denim-

297 975 430 1040 tiatione
442 976 601 1060 judiciali
621 977 720 1045 Nobis
731 978 822 1059 sacta
829 999 840 1054 ,·
854 983 887 1042 et
900 977 968 1042 siva
981 977 1140 1040 accusatio
1153 977 1221 1040 sivo
1235 977 1440 1040 denuntiatio

295 1082 378 1144 iacta
396 1083 505 1162 luerit,
519 1085 656 1150 addatur
674 1085 769 1167 cujus
789 1093 932 1149 tenorem
951 1083 1050 1148 simul
1066 1103 1141 1150 tum
1156 1083 1370 1166 pausantibus
1390 1083 1440 1146 lit-

296 1189 372 1252 teris
385 1190 445 1252 tibi
455 1190 636 1266 tradimus,·
651 1191 678 1254 si
697 1197 809 1256 autam
834 1192 1069 1273 procedendum
1083 1193 1125 1254 sit
1137 1191 1341 1273 inquisitoris
1353 1195 1386 1255 ct
1399 1209 1439 1254 ax

296 1313 385 1360 maro
404 1297 521 1374 officio,
537 1302 676 1379 ponatur
692 1317 734 1362 ec
743 1300 840 1380 sama
858 1297 906 1362 ad
922 1299 989 1366 Nos
1012 1298 1144 1380 delam),
1158 1315 1223 1362 non
1245 1297 1316 1361 sine
1334 1299 1442 1360 antimi

293 1421 432 1468 moerore
445 1404 707 1482 intellexerimus,
721 1414 869 1470 nostrum
883 1407 918 1468 in
935 1407 1063 1472 Cbristo
1080 1406 1186 1484 filium
1201 1406 1269 1473 N...
1288 1403 1440 1484 (addanu

294 1511 365 1592 ejus
386 1511 533 1592 qualitas,
556 1512 645 1576 vorbi
668 1513 787 1594 gratia,
807 1512 973 1596 parocbia
991 1513 1074 1592 N...,
1088 1513 1228 1598 civitatis
1243 1512 1312 1580 N...
1335 1530 1437 1594 paro-

293 1616 413 1699 cbum),
431 1621 466 1680 in
490 1620 609 1701 oppido
630 1618 698 1685 N...
714 1619 762 1682 ad
778 1619 956 1702 iuuandum
976 1617 1129 1683 delictum
1148 1619 1211 1699 (vel
1229 1617 1277 1681 ad
1295 1617 1439 1700 lucenda

294 1723 422 1806 delicta)
436 1724 566 1788 diabolo
589 1727 762 1808 instipante
781 1727 982 1810 prorupisse,
997 1744 1112 1809 nempe
1128 1727 1172 1808 (ct
1192 1726 1233 1790 ibi
1249 1725 1439 1789 enuntiatur

294 1830 447 1896 delictum
469 1831 519 1894 vol
538 1832 663 1914 delicta)
682 1833 772 1901 :Nos
791 1851 866 1896 oero
884 1833 1040 1916 praeibas
1058 1833 1157 1914 officii
1176 1833 1280 1896 nostri
1300 1832 1439 1913 nepotiis

294 1938 463 2020 implicati,
485 1939 680 2022 judicialem
711 1940 902 2023 indapinem
931 1940 1072 2004 debitam
1099 1938 1315 2022 personaliter
1347 1940 1439 2002 insti-

294 2052 383 2108 tuere
396 2065 463 2110 non
485 2047 669 2120 canamus·
688 2047 771 2126 Tibi,
786 2049 879 2130 cujus
895 2047 1084 2129 petilentia,
1098 2048 1295 2130 jurinmque
1305 2047 1439 2129 peritia,

293 2153 393 2216 Nobis
420 2152 550 2217 abunde
575 2163 651 2218 sunt
672 2163 856 2236 perspecta,
883 2156 1087 2236 prouinciam
1110 2161 1257 2218 nostram
1282 2151 1440 2216 ducimus

295 2260 506 2338 demandare,
517 2270 619 2343 prout
631 2260 751 2324 barum
764 2265 846 2324 serie
869 2261 909 2326 Te
922 2261 1070 2343 judicem
1088 2267 1236 2323 nostrum
1255 2259 1440 2342 deleqatiun

294 2367 531 2442 constituimus;
558 2366 680 2450 tibique
700 2369 942 2445 committimus,
966 2376 1002 2430 ut
1022 2374 1189 2448 assumpto
1211 2365 1270 2429 tibi
1292 2365 1439 2430 bencuiso
1506 2409 1507 2436 ,

294 2492 462 2552 assessore,
488 2483 520 2537 et
543 2477 671 2538 notario
695 2474 826 2557 publico
854 2475 888 2537 in
915 2475 1112 2550 acncarium,
1140 2473 1188 2536 ad
1221 2481 1440 2537 memorabam

296 2581 452 2664 oppidum
477 2591 507 2644 te
529 2581 687 2662 conseras,
707 2589 738 2644 et
760 2598 855 2663 super
874 2583 1015 2663 praefato
1034 2580 1239 2662 delinquente
1256 2598 1297 2643 ac
1319 2579 1440 2644 delictis

296 2689 441 2771 ejusdcm
455 2705 642 2771 processum
664 2688 869 2752 criminalem
894 2705 995 2771 usqne
1017 2687 1065 2752 ad
1084 2688 1277 2751 sententiam
1301 2687 1439 2764 deflenti-

296 2816 373 2860 uam
394 2795 547 2859 inclusive
569 2796 630 2874 (val
643 2795 817 2877 exclusive)
829 2796 980 2859 instituas
998 2795 1034 2874 (si
1050 2796 1189 2876 positum
1206 2795 1248 2857 sit
1268 2793 1438 2870 ecclaesiae,

296 2902 432 2966 addatur
447 2925 455 2964 :
472 2910 637 2984 totamqm
649 2910 784 2965 actuum
797 2904 914 2966 seriem
925 2900 1064 2980 fideliter
1084 2901 1131 2965 ad
1143 2901 1210 2964 Nos
1224 2901 1438 2974 transmittas,

298 3019 334 3072 ut
354 3017 521 3090 perspecta
541 3010 689 3086 ueritate,
713 3007 804 3090 quod
817 3011 949 3090 justum
968 3011 1070 3088 suerit
1088 3009 1367 3090 pronuntiemus);
1381 3027 1439 3090 pro
1505 3073 1506 3078 ,

297 3135 361 3199 quo
379 3135 508 3180 omnem
526 3126 671 3179 nostram
689 3115 880 3194 facultatem
905 3133 944 3179 ac
965 3123 1157 3198 potestatem
1171 3117 1388 3178 necessariam
1411 3122 1440 3178 et

298 3231 515 3305 opportunam
531 3222 728 3305 dcleqamus.
752 3221 894 3286 Proinde
908 3223 1056 3286 omnibus
1077 3231 1108 3285 et
1124 3221 1261 3304 sinqulis
1281 3221 1437 3304 jurisdic-

300 3331 394 3393 tionis
416 3339 534 3394 nostrae
552 3331 773 3412 praecipimus,
798 3339 836 3392 ut
865 3331 906 3394 Te
933 3339 1092 3412 tanquam
1120 3330 1270 3412 judicem
1295 3339 1437 3394 nostrum

299 3434 495 3516 deiaqatum,
527 3439 688 3518 recipiant
713 3446 745 3499 et
770 3445 958 3518 aqnoscant,
987 3445 1085 3518 atquc
1114 3438 1150 3500 in
1177 3435 1238 3500 bac
1264 3453 1375 3514 causa,
1403 3455 1438 3498 oe

299 3543 515 3623 spectantibus
530 3543 577 3606 ad
587 3562 673 3621 eam,
692 3541 764 3607 Tibi
781 3551 820 3606 ut
839 3542 939 3606 Nobis
958 3543 1121 3621 obediant,
1137 3542 1197 3606 sub
1209 3545 1316 3624 poenis
1330 3562 1352 3606 a
1365 3547 1440 3625 jnre
1504 3615 1505 3620 ἵ

300 3650 508 3713 ecclesiastico
520 3658 632 3713 eontra
647 3648 778 3713 rebelles
793 3657 824 3712 et
836 3657 1040 3714 contumaces
1052 3652 1193 3714 statutis.
1210 3651 1346 3727 Datum,
1357 3659 1437 3713 etan
1504 3645 1505 3650 ’

346 3784 386 3852 Et
400 3783 500 3850 simul
515 3781 662 3871 delegato
682 3782 831 3849 tradatur
845 3781 974 3850 libellus
994 3784 1225 3868 accusatorius,
1243 3784 1295 3852 vel
1318 3783 1441 3851 denun-

302 3891 461 3974 tiatorius,
478 3889 530 3958 vel
543 3889 670 3957 articuli
686 3912 784 3980 super
797 3913 879 3980 quos
893 3911 968 3958 reus
983 3890 1171 3959 diffamatus
1185 3900 1244 3960 est.

347 4033 389 4100 ll.
406 4032 441 4099 Si
457 4031 617 4122 delegatio
634 4031 689 4100 fiat
704 4054 723 4098 a
736 4031 868 4102 Vieario
884 4033 1029 4122 generali
1043 4035 1196 4126 Episcopi
1217 4035 1336 4126 poterit
1350 4031 1439 4103 scribi

306 4139 341 4206 iu
355 4137 442 4206 hunc
458 4138 594 4208 modum
613 4165 620 4205 ι

351 4272 571 4340 «Reverendo
593 4271 725 4338 domino
752 4273 847 4352 Titio,
878 4273 1075 4342 cottearotts
1103 4275 1332 4358 Ambiaucnsis
1352 4293 1438 4344 uon·
