3050 4984
313 498 375 559 276
689 512 865 558 raacrrrus
889 514 926 557 or
948 513 1081 559 runicus.

312 646 343 704 et
358 637 396 703 de
427 657 511 704 uovo
526 633 716 724 probandis,
739 634 795 701 sed
816 634 1024 702 solummodo
1039 656 1079 701 ex
1096 634 1202 702 causis
1226 656 1300 725 qua
1326 634 1361 702 in
1384 635 1436 724 ipa

313 741 527 834 appellatione
542 741 733 809 nominatim
750 763 914 832 expressae
930 750 1018 809 sunt.
1040 741 1174 811 Constat
1186 764 1228 809 ex
1244 742 1348 832 capite
1366 742 1435 808 Can

313 870 447 916 cansam
476 848 542 937 (62,
571 847 610 915 de
635 846 791 939 appell),
818 857 849 916 et
862 870 904 914 ex
929 848 1131 916 Clementiae
1149 853 1167 916 6
1183 848 1333 939 ejusdem
1355 847 1435 930 tituli,

310 956 422 1047 juncta
433 955 540 1043 glossa
555 955 590 1021 iu
605 954 745 1022 verbum
758 953 957 1023 Dummodo.
976 955 1099 1046 Excipe
1109 956 1271 1023 tamenab
1283 955 1343 1023 hac
1356 976 1438 1044 gene-

312 1063 372 1130 rali
386 1062 500 1151 regule
519 1089 526 1129 :
536 1062 662 1153 primo,
678 1062 704 1128 si
716 1084 802 1129 nova
815 1084 912 1130 causa
924 1071 996 1151 post
1016 1062 1264 1154 appellationem
1282 1061 1439 1153 interposi·

312 1178 377 1237 taur
390 1169 538 1260 primum
553 1178 624 1237 orta
638 1176 695 1236 aut
710 1168 841 1257 cognita
853 1168 969 1255 luerit3
987 1170 1139 1252 seeundo,
1155 1170 1183 1237 si
1198 1169 1277 1237 alias
1289 1168 1440 1257 gravami-

314 1277 363 1345 nis
377 1298 473 1343 causa
487 1276 528 1343 ab
542 1275 724 1367 appellante
738 1276 862 1344 oblatas
874 1276 978 1367 judex
993 1299 1015 1344 a
1031 1299 1096 1367 qao
1110 1276 1283 1345 admittere
1298 1275 1439 1357 noluerit

314 1384 420 1465 tertio,
439 1384 467 1451 si
485 1404 664 1471 gravamen
687 1404 785 1473 aquo
798 1382 992 1474 appellatur,
1018 1406 1078 1477 per
1093 1383 1296 1453 definitivam
1325 1393 1442 1452 senten-

312 1492 390 1560 tiam
406 1514 473 1559 non
485 1490 528 1559 sit
540 1490 731 1582 reparabile.
752 1488 848 1579 (Vide
860 1488 1162 1580 Schmnlzgrueber,
1178 1492 1211 1559 in
1228 1491 1276 1558 tit.
1294 1494 1351 1576 28,
1365 1490 1440 1558 tint

314 1599 456 1685 Deerat,
473 1620 507 1665 n.
527 1600 594 1687 64.)

358 1708 502 1788 Qursrro
513 1709 559 1772 lt.
571 1742 615 1757 -
626 1706 676 1773 An
687 1704 867 1796 appellatio
875 1706 952 1793 βοή
963 1705 1067 1795 possit
1076 1706 1180 1774 oman
1191 1706 1243 1773 uel
1254 1706 1367 1795 sactis,
1384 1724 1444 1795 qna

314 1813 476 1882 uocabulis
491 1812 618 1903 appello
632 1812 684 1879 cel
705 1834 846 1903 provoco
860 1811 1080 1903 equivaleant
1091 1817 1106 1879 l
1119 1852 1164 1864 -
1179 1811 1442 1904 Respondeudum

314 1919 517 1989 affirmative.
535 1918 601 2001 Sic,
620 1919 712 1988 verbi
727 1920 844 2007 gratia,
862 1927 970 2009 posset
983 1920 1058 2011 quis
1072 1920 1237 2012 appellare
1248 1920 1291 1988 ab
1303 1919 1445 2011 Episcopo

314 2029 375 2096 hac
392 2026 441 2093 vel
457 2026 555 2094 simili
571 2026 712 2094 formula
729 2052 735 2093 :
759 2026 939 2095 Committe
956 2025 1142 2119 maj-adicio
1152 2030 1267 2119 Papa,
1285 2026 1337 2095 vel
1347 2024 1446 2095 Areli-

316 2133 467 2226 episcopi.
489 2133 621 2202 Constat
636 2156 677 2201 ex
694 2132 847 2200 decretali
863 2132 915 2201 Ad
937 2132 1143 2203 audientiam
1168 2136 1235 2227 (34,
1253 2134 1294 2203 de
1308 2131 1446 2225 Appelll.

316 2244 396 2310 ltem
413 2242 483 2309 loco
500 2242 691 2327 verborum,
709 2238 828 2308 sufficit
844 2240 904 2308 iter
927 2241 1030 2331 arripi
1052 2242 1094 2308 ad
1122 2241 1325 2332 superiorem
1346 2237 1448 2330 appal-

316 2349 405 2417 laudi
419 2370 526 2416 causa.
545 2348 677 2416 Constat
688 2370 730 2415 ex
741 2346 893 2415 decretali
908 2348 1025 2415 Dilectr'
1039 2349 1107 2437 (62,
1119 2347 1160 2416 dc
1171 2348 1326 2439 Appula,
1338 2366 1448 2415 necnon

317 2478 358 2523 ex
374 2455 525 2523 decretali
544 2456 631 2523 Cum
645 2454 725 2521 olim
741 2455 786 2543 (7,
804 2452 844 2521 de
858 2454 940 2522 Dolo
953 2467 985 2521 et
999 2458 1173 2545 contum).
1188 2455 1274 2523 Vide
1290 2452 1449 2523 Schmun-

317 2562 458 2651 grueber
474 2561 519 2649 (in
536 2562 584 2628 tit.
603 2565 660 2646 26,
676 2560 734 2627 lib.
753 2564 772 2627 2
789 2561 929 2646 Deerat,
949 2584 982 2628 u.
1002 2563 1070 2651 65).

824 2830 845 2920 a
867 2830 957 2900 vm.

524 2992 591 3051 Quid
604 2991 655 3042 sint
664 2991 789 3055 apostoli,
799 2992 933 3056 quomodo
943 2992 1049 3056 petendi
1057 2997 1085 3042 et
1093 2992 1266 3045 concedendi.

370 3194 513 3272 Qunsrro
529 3195 572 3259 1³.
591 3230 635 3243 -
647 3189 818 3273 Quidnam
833 3191 1138 3283 injurispmdentm
1149 3193 1453 3285 intelligaturtlpos-

325 3301 468 3368 talorum
488 3298 642 3366 nomine?
664 3337 709 3349 -
729 3296 799 3366 Hoc
822 3298 980 3368 vocabulo
1006 3298 1219 3387 designantur
1239 3300 1367 3386 litterae,
1388 3318 1454 3390 quas

322 3409 456 3501 judera
472 3428 549 3497 quo,
566 3405 606 3472 ad
621 3406 810 3474 instantiam
825 3406 1029 3495 appellantis,
1057 3406 1248 3475 transmittit
1272 3408 1314 3475 ad
1325 3407 1454 3499 judicem

326 3516 366 3584 ad
380 3536 493 3606 quem,
503 3512 768 3580 intestimonium
778 3521 810 3579 et
819 3510 917 3580 fidem
926 3512 1150 3603 appellationis
1160 3514 1370 3605 interpositae.
1386 3513 1454 3593 Qua

330 3620 553 3691 denominatio
569 3619 620 3709 (aa
636 3640 742 3707 graeca
755 3642 834 3687 voce
849 3629 999 3700 ἀπόστολοι,
1017 3619 1120 3700 maan,
1135 3620 1283 3709 deducta)
1300 3622 1415 3713 passim
1429 3617 1455 3682 in
1487 3679 1488 3742 ,

325 3732 399 3823 jure
423 3738 494 3795 tum
510 3728 678 3813 canonico,
708 3738 780 3795 tum
807 3728 904 3795 etiam
922 3726 1126 3796 lustinianeo
1142 3737 1298 3818 usurpata
1311 3725 1453 3807 occurrit;
1487 3745 1489 3868 p

329 3837 482 3931 quamvis
497 3835 674 3903 identidem
689 3836 788 3903 etiam
804 3834 930 3903 eaedem
942 3835 1058 3904 litterae
1074 3835 1175 3903 libelli
1187 3835 1365 3905 dimr'soorli
1377 3854 1458 3903 voct-

331 3943 640 4035 buloappellcntur.
1487 3871 1489 4016 i

377 4054 521 4135 Qunsrro
538 4054 583 4117 2⁸.
597 4090 641 4103 -
654 4050 845 4139 Quotaplea
858 4050 901 4117 sit
916 4050 1142 4141 apostoloram
1155 4052 1295 4142 species?
1304 4090 1348 4103 -
1361 4050 1459 4119 Plures
1487 4021 1489 4094 i

333 4168 409 4225 sunt
424 4156 646 4249 apostolorum
661 4156 793 4246 species,
809 4178 925 4245 nempe
943 4183 950 4222 :
975 4160 1009 4220 1⁰
1025 4155 1221 4234 Dimissorir',
1238 4156 1362 4246 quibus
1371 4150 1458 4245 juder
1487 4155 1488 4238 t

333 4288 431 4359 aquo
455 4274 589 4333 testatur
615 4262 654 4331 de
680 4261 893 4357 appellatione
921 4262 1110 4356 interposita
1133 4272 1165 4328 et
1189 4262 1344 4331 admissa.
1362 4266 1394 4327 2ο
1410 4263 1460 4325 ltr-
1487 4251 1488 4318 l
