3050 4984
215 488 218 495 ·
307 459 369 522 iiii
681 478 859 526 rescissae
881 478 920 526 os
941 477 1077 526 sumens.

301 617 479 681 quorum...
501 598 662 663 Dolum...
678 601 787 679 -N.,
805 599 1099 684 Episcopuslii-
1061 599 1168 678 -.,N
1184 599 1441 664 cancellarius.»
1500 685 1501 692 ἵ

304 744 348 757 -
360 706 401 774 El
412 715 551 797 ponatur
565 706 712 797 sigillum
727 714 882 776 consueto
897 706 980 777 loco.
1500 709 1501 716 ’

349 815 449 882 Nola.
465 852 510 866 -
521 813 676 883 Formuio
690 814 731 884 od
744 813 968 906 deputandum
987 815 1197 906 professionis
1217 815 1376 906 reliyiosae
1392 767 1501 922 (1εῇ

299 921 472 1011 fossorem,
490 920 584 989 facile
598 943 638 989 ex
656 922 828 1012 praemissa
843 921 1033 991 concinnari
1048 921 1177 1013 poterii

845 1153 918 1226 ΧΠ.

461 1328 603 1374 romu
626 1327 844 1376 immonis
866 1329 1091 1376 ruocuussoms
1114 1331 1285 1378 senonim.

349 1512 436 1588 «N.‚
459 1511 642 1594 Episcopus
661 1514 703 1579 Ν.
719 1549 757 1558 -
774 1511 895 1577 Dilecto
918 1513 961 1579 Ν.
975 1547 1015 1560 -
1031 1513 1073 1576 lli
1086 1531 1247 1596 pauperes
1266 1522 1298 1577 el
1315 1515 1446 1577 misera

308 1617 385 1682 biles
401 1636 547 1700 persona
571 1617 668 1699 liujus
688 1620 830 1684 ciuitatis
850 1627 883 1682 el
900 1619 1056 1698 dioecesis,
1072 1639 1215 1703 quorum
1234 1639 1316 1684 cura
1336 1630 1449 1684 nostra
1500 1611 1501 1698 j

306 1724 480 1807 pastoralis
493 1725 720 1790 sollicitudinis
733 1729 884 1790 marimo
893 1746 976 1811 pars
989 1736 1047 1805 esi,
1063 1730 1098 1791 in
1111 1745 1223 1791 eorum
1234 1727 1344 1791 litibus
1353 1725 1449 1790 suble·
1500 1723 1501 1732 ²

308 1841 435 1909 aenlur,
450 1833 560 1895 uirum
578 1833 719 1914 probum
733 1843 764 1896 et
780 1835 945 1912 idoneum,
960 1835 1020 1917 qui
1037 1836 1072 1897 in
1092 1835 1222 1916 judicio
1236 1852 1299 1916 pro
1312 1836 1360 1896 eis
1378 1851 1449 1915 pas·

309 1939 414 2002 tulare
427 1947 459 2002 el
471 1957 585 2002 causas
600 1939 770 2020 defendere
791 1950 890 2024 queat
907 1940 1023 2024 eliqere
1046 1949 1078 2004 et
1096 1941 1252 2023 deputare
1265 1943 1451 2004 statuimus.
1500 1961 1501 1966 ¹

310 2045 434 2110 Idcirco
449 2045 488 2108 de
503 2054 559 2109 lua
572 2049 716 2126 seientia,
737 2057 768 2111 ei
785 2051 989 2130 ,eepermlia
1009 2048 1104 2113 ualde
1124 2051 1158 2112 in
1177 2050 1318 2114 Domino
1333 2049 1453 2126 confisi,
1500 2097 1501 2108 .

313 2152 354 2217 Te
379 2161 625 2234 procuratorem
648 2155 838 2220 earumdem
863 2173 1060 2239 pauperum,
1081 2173 1143 2236 pro
1164 2157 1271 2222 causis
1294 2157 1330 2219 in
1346 2165 1453 2220 nostro
1500 2165 1501 2200 ³

311 2259 469 2323 tribunali
491 2259 638 2341 apendis,
662 2281 738 2325 oum
761 2262 948 2343 honoribus,
969 2263 1131 2341 oneribus,
1152 2273 1182 2328 el
1201 2264 1454 2346 exemptionibus
1500 2299 1501 2342 ς

309 2367 424 2445 solitis,
445 2368 671 2430 constituimus
694 2376 725 2430 ei
742 2368 963 2452 deputamus:
978 2371 1071 2433 enixe
1098 2371 1138 2435 Te
1162 2373 1196 2433 in
1218 2372 1362 2435 Domino
1382 2370 1454 2433 lior-
1500 2355 1501 2428 ἕ

313 2483 427 2551 lanies,
452 2483 489 2537 ut
513 2473 680 2553 defensam
708 2483 740 2538 et
758 2477 980 2558 patrocinium
1002 2477 1144 2555 illorum,
1174 2487 1242 2540 lam
1267 2481 1303 2542 in
1327 2476 1455 2560 judicio
1500 2503 1501 2552 ξ

312 2599 414 2663 quam
433 2589 586 2658 euctaei
604 2583 704 2645 eliam
726 2582 919 2660 absentium,
939 2586 1032 2647 omni
1045 2584 1202 2648 cbarilale
1218 2594 1380 2667 tanquam
1395 2601 1453 2666 pa·

315 2695 427 2750 tronus
437 2690 541 2769 pratis
555 2689 712 2770 suscipias
726 2711 736 2750 :
751 2707 814 2771 pro
828 2708 892 2772 quo
906 2709 1027 2755 merces
1043 2699 1101 2755 lua
1114 2693 1244 2776 copiosa
1257 2693 1322 2754 eril
1342 2693 1377 2754 in
1397 2709 1455 2752 cu·
1500 2699 1501 2746 ἰ

317 2795 366 2857 lis.
392 2796 433 2858 In
455 2813 607 2878 quorum,
632 2805 690 2858 etc.
718 2797 852 2875 Datum,
876 2806 933 2862 uc.
953 2831 992 2845 -
1013 2799 1069 2876 N.,
1090 2798 1270 2881 Episcopus
1291 2798 1336 2866 N.
1352 2833 1391 2844 -
1405 2799 1454 2872 N,
1500 2785 1501 2788 ¹

314 2901 535 2965 cancellarius.
553 2927 568 2958 s
583 2937 622 2946 -
637 2901 674 2964 Ei
686 2908 825 2984 ponatur
839 2905 982 2984 sigillum
996 2910 1148 2970 consueto
1162 2905 1241 2969 loco.

847 3127 934 3201 xm.

511 3303 653 3350 sonuum
678 3303 896 3350 saeuissimus
918 3303 1071 3353 sovocm
1093 3305 1265 3354 isumus.

1500 3383 1501 3430 i

366 3479 451 3558 oN,
472 3480 652 3561 Episcopus
675 3481 718 3548 N.
738 3515 777 3527 -
798 3481 921 3545 Dilecto
939 3481 982 3549 N.
997 3515 1035 3528 -—
1053 3483 1095 3547 lJl
1107 3483 1321 3566 pauperibus,
1344 3483 1457 3555 uiduis,

315 3587 463 3672 pupillis,
479 3588 615 3668 aliisque
636 3587 874 3652 miserabilibus
889 3591 1048 3671 personis,
1064 3608 1136 3671 qua
1159 3590 1223 3654 sibi
1244 3589 1285 3654 de
1306 3591 1459 3653 aduocato

318 3695 495 3778 prouidere
518 3711 583 3756 non
612 3703 757 3775 possunt,
789 3695 1006 3774 consulamus,
1036 3697 1179 3779 inspecta
1207 3706 1264 3759 lua
1290 3697 1457 3778 probitate,

326 3803 474 3866 doctriua
486 3810 517 3863 et
530 3803 663 3884 pietate,
678 3820 744 3884 qua
763 3821 843 3884 erpa
863 3802 1029 3866 destitutos
1050 3804 1194 3867 numano
1213 3803 1342 3868 auxilio
1349 3803 1458 3887 polles,

329 3912 371 3977 Te
390 3911 585 3974 advocolum
607 3909 798 3972 earumdem
815 3927 1043 3992 personarum,
1064 3911 1268 3994 aliorumque
1291 3927 1458 3992 epulorum

327 4017 433 4099 nujus
452 4015 591 4079 civitatis
611 4022 642 4076 et
659 4013 800 4078 dioecesis
818 4019 1041 4080 coristiluimus
1059 4025 1091 4080 et
1112 4017 1319 4098 deputamus,
1343 4016 1390 4078 ad
1408 4015 1460 4077 bor

328 4134 367 4189 ul
377 4123 607 4188 misericordia
620 4123 745 4186 uiscera
760 4122 905 4202 indutus,
919 4143 1033 4188 causas
1042 4123 1089 4187 acl
1097 4125 1211 4206 sorum
1224 4133 1374 4188 noslnem
1383 4140 1459 4205 spec·

331 4241 433 4300 larices
444 4251 506 4314 pro
521 4229 634 4295 iisdem
648 4232 806 4312 suscipias
823 4241 855 4294 ei
866 4234 969 4313 aratis
984 4233 1149 4314 defendas,
1166 4252 1187 4296 a
1208 4233 1277 4298 Deo
1291 4247 1456 4296 minirum
