3050 4984
304 422 365 485 att
677 441 856 490 rrucrrrus
878 441 918 488 nc
939 440 1072 490 inurens.

299 561 430 652 plenam
452 562 695 653 probationem,
716 587 754 633 ac
775 562 911 657 proinde
930 563 971 632 ad
993 559 1160 632 citandum
1181 567 1213 630 et
1235 559 1440 630 'constituen-

300 667 379 737 dum
392 692 497 738 reum.

354 778 443 846 Nota
461 781 494 845 2⁰
508 817 553 830 —
567 780 629 847 Hic
643 777 818 848 dicendum
834 789 917 848 esset
936 777 975 848 de
989 778 1208 848 carceralium
1225 779 1274 846 rei
1286 775 1441 847 uaccae

296 905 408 966 caasa,
426 885 558 976 quando
570 894 619 956 est
634 895 802 978 suspectus
815 885 855 955 de
871 887 962 978 luga,
980 885 1031 955 vel
1047 907 1086 954 ne
1100 893 1196 954 testes
1216 885 1374 954 subornat
1388 883 1440 952 rel

298 1001 405 1059 vexet.
425 992 490 1062 Sed
506 993 546 1060 de
559 993 643 1062 lacto
658 993 755 1064 bodie
774 994 809 1063 in
826 994 937 1063 multis
957 993 1145 1083 regionibus
1163 991 1199 1062 id
1214 990 1317 1084 judex
1339 991 1441 1060 eccle-

298 1097 445 1167 siasticus
460 1100 579 1192 exequi
595 1123 660 1170 non
674 1109 791 1193 potest,
807 1101 884 1193 quia
898 1100 1059 1190 gubernio
1076 1099 1246 1168 saecularia
1262 1107 1295 1167 et
1311 1097 1442 1168 moder-

298 1229 351 1273 nae
362 1228 475 1275 eorum
487 1207 575 1297 leges
588 1231 654 1278 non
667 1209 836 1299 patiuntur
847 1209 971 1278 curiam
983 1207 1198 1300 episcopalem
1211 1206 1343 1291 habere,
1360 1205 1442 1273 sicut

297 1313 388 1400 olim,
404 1314 573 1406 proprium
588 1337 749 1385 carcerem
763 1325 795 1384 et
810 1339 949 1384 meacm
968 1326 1150 1396 armatam,
1169 1312 1278 1401 idest,
1295 1311 1442 1382 nonnul-

297 1418 346 1489 los
361 1418 450 1487 viros
461 1421 519 1513 qui
528 1420 664 1510 jubente
676 1421 786 1513 judice
801 1423 1014 1492 ecclesiastico
1030 1431 1062 1490 et
1076 1444 1137 1513 pro
1152 1423 1257 1490 causis
1272 1420 1442 1490 ecclesias-

297 1526 368 1593 ticis
387 1533 576 1618 potestatem
596 1526 736 1597 habeant
750 1529 932 1598 arrestandi
957 1538 989 1597 et
1015 1527 1250 1597 incarcerandi.
1268 1526 1343 1610 Qua
1368 1527 1442 1618 qui-

297 1631 373 1699 dem
387 1631 508 1722 agendi
521 1634 656 1722 ratione,
670 1636 727 1726 jus
741 1637 894 1705 Ecclesiae
906 1635 1051 1721 laeditur,
1065 1657 1140 1704 aum
1155 1635 1228 1726 ipsa
1241 1634 1282 1702 sit
1297 1655 1442 1723 regnum

297 1760 355 1830 per
373 1760 408 1805 se
422 1749 511 1807 stans
524 1748 556 1808 et
579 1742 789 1833 completum,
806 1751 903 1836 atque
921 1766 940 1810 e
955 1741 1104 1812 saeculari
1121 1740 1287 1832 republica
1301 1739 1442 1807 distinc-

295 1853 387 1931 tum;
410 1845 496 1913 unde
520 1855 553 1914 et
580 1846 698 1918 habere
721 1847 815 1917 debet
843 1849 941 1917 etiam
968 1857 1102 1917 externe
1128 1847 1238 1916 omnia
1265 1845 1375 1916 media
1401 1847 1441 1914 ad

294 1953 461 2044 propriam
474 1953 744 2043 gubernationem
759 1964 953 2048 opportuna.
973 1955 1037 2024 Sed
1052 1957 1113 2024 boc
1125 1955 1181 2047 jus
1196 1977 1295 2022 suum
1311 1977 1443 2046 praepe-

296 2057 362 2127 diri
376 2058 469 2130 facile
486 2059 628 2130 Ecclesia
642 2063 774 2154 patitur,
792 2087 833 2131 ne
848 2063 889 2132 ob
910 2062 1116 2154 praejudicia,
1133 2063 1245 2130 multae
1261 2062 1386 2130 animae
1402 2062 1441 2128 ab

296 2167 367 2257 ipsa
381 2167 563 2237 alienentur
577 2177 609 2236 et
623 2179 767 2261 pereant.
780 2169 846 2239 Nec
862 2171 976 2238 timere
991 2169 1110 2239 debent
1123 2169 1297 2238 saculares
1313 2169 1441 2260 princi-

295 2292 352 2363 pes
363 2271 515 2342 Ecclesiae
530 2273 718 2362 tentamina,
733 2275 773 2343 ad
789 2275 1048 2367 recuperandum
1063 2275 1170 2344 torum
1188 2273 1352 2365 ejusmodi
1366 2297 1442 2342 cnm

295 2401 397 2449 manu
417 2391 553 2450 armata.
576 2381 718 2450 Ecclesia
736 2383 824 2451 enim
840 2383 1003 2475 ejusmodi
1025 2381 1140 2451 mediis
1162 2403 1229 2449 non
1243 2381 1363 2470 utitur,
1381 2381 1443 2448 nisi

296 2489 427 2580 quando
436 2489 500 2580 ipsi
513 2489 674 2581 principes
687 2488 856 2558 saeculares
870 2496 902 2557 et
917 2512 1033 2559 eorum
1048 2487 1159 2580 populi
1169 2487 1362 2577 intelligunt
1375 2510 1442 2558 esse

296 2595 329 2664 id
345 2595 407 2663 sibi
422 2595 616 2686 proficuum,
631 2604 728 2688 atque
742 2597 893 2667 ultronee
907 2597 1125 2689 expostulant.
1143 2595 1237 2678 Quod
1251 2595 1366 2664 forsan
1382 2595 1442 2664 de-

294 2722 362 2771 nuo
379 2701 510 2772 tandem
528 2702 721 2793 intelligent,
737 2711 784 2772 tot
798 2704 903 2773 edocti
919 2705 1108 2773 societatum
1125 2703 1273 2772 civilium
1288 2725 1442 2772 commo-

295 2808 438 2878 tionibus
462 2818 494 2878 et
518 2809 640 2898 ruinis,
667 2832 742 2901 quae
767 2811 892 2902 jurium
922 2809 1074 2880 Ecclesia
1106 2809 1310 2880 invasionem
1341 2809 1443 2879 veluti

294 2922 408 3008 sponte
422 2926 677 3008 consequuntur.

339 3020 378 3088 ln
390 3022 501 3112 paucis
515 3030 624 3090 autem
638 3022 838 3112 regionibus,
857 3025 892 3092 in
907 3024 1026 3116 quibus
1041 3031 1231 3118 potestatem
1243 3046 1319 3093 reos
1333 3025 1445 3093 incar-

294 3129 442 3218 cerandi,
464 3129 543 3199 dum
568 3151 682 3199 eorum
708 3152 880 3222 processus
901 3132 1090 3220 instruitur,
1115 3132 1261 3203 servavit
1283 3131 1441 3216 Ecclesia,

292 3235 364 3305 baec
377 3235 500 3304 attendi
515 3235 634 3306 debent
652 3263 660 3304 ε
676 3237 705 3304 si
718 3260 795 3307 reus
809 3247 977 3331 suspectus
991 3240 1032 3308 sit
1052 3239 1092 3308 de
1112 3239 1202 3328 biga,
1220 3239 1273 3310 vel
1288 3259 1332 3308 ne
1346 3247 1444 3307 testes

294 3343 449 3436 impediat
461 3351 519 3413 ant
532 3343 698 3431 subomet,
714 3353 819 3436 potest
831 3345 948 3437 judex,
960 3347 1058 3415 etiam
1070 3355 1244 3438 antequam
1259 3367 1340 3416 eum
1354 3347 1443 3433 citat,

295 3449 466 3520 decernere
481 3459 518 3518 ut
532 3449 594 3519 sub
609 3449 755 3520 custodia
770 3460 929 3521 teneatur.
946 3453 1016 3522 lmo
1032 3452 1062 3521 si
1077 3453 1202 3521 crimen
1222 3453 1265 3520 sit
1277 3459 1389 3541 atrox,
1412 3453 1445 3521 id

294 3554 400 3627 iacere
414 3565 518 3651 potest
540 3559 638 3627 etiam
659 3567 735 3627 ante
749 3558 880 3627 initium
899 3581 1068 3651 processus
1086 3558 1303 3646 informativi,
1322 3581 1367 3628 ex
1384 3560 1445 3628 ha-

293 3664 363 3733 bita
393 3688 509 3757 nempe
535 3663 709 3734 sufficienti
738 3665 970 3735 informatione
992 3665 1315 3757 extra-judicialiter.
1341 3666 1446 3735 Debet

293 3781 404 3847 autem
419 3774 455 3843 in
469 3772 657 3864 hujusmodi
677 3772 806 3843 decreto
822 3795 951 3843 causam
964 3773 1226 3843 incarcerationis
1240 3773 1445 3865 exprimere.

293 3883 484 3954 Formnlam
506 3904 585 3950 vero
606 3881 679 3949 talis
704 3881 825 3950 decreti
845 3883 1141 3973 pretermittimus,
1164 3889 1278 3973 utpote
1298 3903 1379 3973 qaue
1405 3905 1445 3950 ex

296 3991 392 4085 praxi
406 3989 574 4060 curiarum
588 3989 665 4055 satis
680 3996 757 4056 nota
772 3987 816 4056 sit
834 3987 868 4056 in
888 3988 929 4056 iis
947 3988 1058 4081 paucis
1077 3987 1270 4079 regionibus
1287 4011 1367 4080 quae
1390 3989 1444 4057 illa

297 4106 450 4184 utuntur,
467 4117 526 4188 pro
541 4095 667 4163 caeteris
681 4116 760 4164 vero
776 4095 817 4164 sit
833 4095 970 4163 inutilis.
