3050 4984
150 519 153 530 Ι
267 443 328 507 138
640 462 814 510 resmsnus
838 464 876 507 ns
898 462 1029 511 murum.

263 584 392 652 siaslico
412 583 488 675 jure
503 585 659 672 sancitur,
685 606 885 677 processum.
905 584 970 655 Sed
990 593 1021 653 et
1036 584 1065 653 si
1080 593 1197 675 agatur
1211 584 1251 653 de
1267 584 1411 675 inquisi«
1514 596 1515 601 ’

261 692 345 761 toris
358 692 476 779 forma,
493 692 623 785 qualem
639 692 762 784 passim
772 692 975 762 induxerunt
986 692 1159 763 saeculares
1173 692 1410 762 modernorum

262 799 457 891 populorum
472 799 573 890 leges,
602 800 733 891 injustae
760 800 881 892 puriter
896 800 1022 869 ostendi
1046 800 1139 869 facile
1166 806 1303 893 possunt
1316 820 1412 893 prae-
1514 884 1515 889 ἵ

261 906 318 975 leti
333 906 527 997 Filangiorii
541 916 573 975 et
597 906 755 977 similium
780 905 1048 995 declamationcs3
1071 906 1159 1000 quod
1188 916 1296 975 tamen
1321 904 1411 996 juris
1514 900 1515 951 l

261 1014 426 1084 secularis
440 1014 553 1105 peritis
567 1013 794 1096 disserendum
806 1013 1034 1106 relinquimus.

304 1121 459 1191 Secunda
471 1123 611 1213 obJ'ectio
628 1149 639 1189 .-
665 1121 702 1191 Si
713 1122 816 1213 judex
832 1144 887 1191 reo
902 1121 1012 1191 favere
1027 1122 1116 1209 velit,
1133 1122 1338 1213 negligenter
1355 1122 1412 1190 in·
1514 1134 1515 1147 ¹

258 1231 377 1323 quiret.
403 1232 492 1299 Dum
515 1238 626 1301 autem
651 1231 749 1300 instat
777 1238 955 1318 accusator,
983 1230 1100 1299 certior
1124 1238 1172 1299 est
1183 1230 1321 1322 justitisc
1336 1230 1411 1299 exi·

259 1348 325 1407 tus.
350 1376 396 1391 -
422 1339 661 1430 Respondent,
677 1337 802 1430 injure
817 1337 985 1423 canonico,
1011 1336 1172 1406 sublatam
1187 1360 1253 1406 non
1269 1360 1339 1406 esse
1354 1360 1412 1407 ac·

260 1446 539 1516 cusationisviam
557 1474 564 1515 :
583 1446 671 1515 nude
686 1446 714 1515 si
729 1446 804 1538 quis
820 1446 888 1516 zelo
907 1444 1043 1537 justicia
1059 1444 1189 1531 ductus,
1207 1452 1239 1513 et
1260 1452 1413 1514 metuens
1514 1458 1515 1509 t

258 1577 302 1621 ne
316 1554 458 1645 segniter
472 1554 527 1623 via
535 1552 756 1646 inquisitionis
768 1561 896 1643 agatur,
914 1551 995 1621 velit
1008 1551 1222 1621 accusationis
1235 1573 1319 1621 onus
1332 1575 1413 1621 sus-
1514 1570 1515 1623 1

259 1661 378 1746 tinere,
404 1661 567 1730 tenebitur
590 1660 694 1753 judex
709 1659 771 1729 hec
786 1660 843 1728 via
862 1659 1047 1750 procedere.
1065 1658 1103 1727 In
1121 1658 1332 1729 sacularibus
1346 1682 1412 1729 au·

260 1778 326 1839 tem
341 1769 468 1859 legibus
488 1768 642 1860 aquibus
657 1768 792 1838 omnino
807 1767 920 1836 exulat
935 1768 1065 1859 proprie
1080 1766 1176 1835 dictes
1193 1767 1412 1837 accusationis

260 1877 327 1965 via,
342 1876 405 1945 fuit
420 1876 521 1945 variis
538 1875 643 1946 modis
654 1875 732 1945 huic
747 1875 991 1945 inconvenienti
1006 1874 1187 1965 provisum.
1514 1868 1515 1887 ¹

303 1982 439 2055 Ceteris
468 2005 543 2074 quae
571 1984 671 2052 menti
701 2004 871 2052 occurrere
901 1989 1033 2073 possent
1065 1978 1300 2072 objectionibus
1328 1980 1413 2049 faci·

259 2091 321 2159 lior
346 2089 514 2182 responsio
539 2099 599 2176 est,
616 2113 715 2182 quam
742 2101 777 2159 ut
801 2089 841 2157 iis
856 2090 1084 2159 immoremur.
1106 2087 1202 2158 Unde
1217 2086 1259 2155 ad
1275 2088 1412 2157 conclu·
1514 2110 1515 2179 j

258 2198 383 2267 sionem
404 2196 617 2285 deveniendo,
644 2197 709 2266 dici
734 2195 870 2265 omuino
889 2196 984 2265 debet
1004 2195 1226 2286 multipliciter
1241 2204 1414 2263 accusato·
1514 2224 1515 2235 ¹

259 2306 308 2374 rio
336 2313 491 2396 proestare
515 2312 547 2373 et
574 2304 801 2396 perfectiorem
829 2326 898 2373 esse
928 2303 1173 2395 inquisitorium
1203 2324 1412 2394 processum,

258 2413 356 2481 modo
370 2412 522 2481 canonice
546 2421 733 2503 peragetur.
751 2413 795 2481 Ut
816 2411 897 2479 adeo
911 2417 1073 2501 pertracta
1084 2407 1281 2500 jamdudum
1297 2409 1339 2476 ab
1356 2432 1415 2478 ec-

259 2520 434 2590 clesiastico
454 2520 496 2589 sd
519 2520 674 2589 saeeulare
689 2520 812 2605 forum,
831 2518 919 2610 apud
935 2518 1110 2587 modernos
1126 2539 1240 2586 omnes
1255 2518 1413 2609 populor,
1514 2528 1515 2595 ξ

257 2627 473 2718 inquisitoriae
490 2629 605 2697 lormae
618 2628 790 2715 institutio,
808 2628 843 2695 in
857 2627 1122 2717 ingentissimum
1138 2627 1185 2694 eis
1212 2627 1415 2697 beneficium
1514 2660 1515 2711 3

258 2734 435 2802 accesserit.
451 2735 553 2825 Cujus
567 2758 641 2803 cum
657 2736 738 2827 ipsis
751 2742 876 2821 auctor,
894 2734 1071 2802 latentibus
1085 2732 1250 2817 omnibus,
1264 2732 1417 2804 Ecclesia
1514 2780 1515 2811 2

258 2841 415 2911 catholica
429 2843 584 2928 extiterit,
614 2852 645 2911 et
671 2843 721 2911 vel
736 2842 813 2910 hinc
828 2864 961 2935 aeqnum
977 2841 1074 2929 foret,
1090 2848 1127 2909 ut
1141 2862 1350 2919 communem
1367 2841 1416 2910 il·

258 2949 324 3017 lam
339 2958 489 3037 matrem,
516 2957 563 3019 tot
578 2949 618 3019 de
632 2950 740 3019 causis
753 2949 835 3019 alias
852 2947 960 3019 debito
976 2948 1103 3040 pietatis
1123 2948 1278 3040 obsequio
1294 2971 1413 3039 prosc-
1514 2938 1515 2987 ⁷

259 3068 450 3147 querentur.
1514 3060 1515 3069 ¹

747 3274 904 3283 -—--.-.

665 3580 917 3662 SUBSEGTIO
954 3581 999 3660 ll.

366 3807 430 3847 TELA
454 3796 599 3848 PROCESSUS
618 3806 771 3848 calcaturus
794 3804 930 3849 ouulnrrul
953 3808 986 3849 ΑΒ
1010 3808 1184 3851 truncandus
1207 3807 1296 3849 CAUSAE

522 3887 609 3934 USQUE
632 3887 666 3929 ΑΙ)
689 3886 872 3930 CONTESTATAM
893 3888 971 3930 nunu
995 3887 1146 3933 EXCLUSlVE.

305 4120 524 4189 Disseurimus
545 4120 580 4187 in
602 4122 761 4212 superiori
789 4123 990 4193 subsectioue
1014 4122 1054 4191 de
1078 4124 1178 4192 variis
1191 4124 1410 4197 criminaliter
1514 4214 1515 4223 ἦ

262 4227 456 4319 procedendi
481 4227 607 4333 formis.
634 4228 715 4312 Quae
741 4229 877 4323 quidem
902 4230 991 4299 notio
1006 4230 1173 4326 precipua
1188 4240 1268 4323 erat,
1284 4239 1316 4302 et
1343 4256 1409 4307 ne·
1514 4236 1515 4277 ³
