3050 4984
290 481 352 546 sot
660 503 835 551 immarus
857 503 896 550 oo
917 503 1051 550 toulon.

287 620 341 687 vel
354 629 612 711 procuratorem,
627 630 703 707 etc,
716 623 812 713 juxts
822 632 1017 714 presentem
1031 632 1063 692 st
1078 605 1277 716 sequentem,
1293 624 1425 694 mntstis

288 724 455 796 mutandis
473 728 748 799 accommodetur.

806 942 892 1034 oo.

348 1101 467 1154 Famula
479 1101 640 1168 exceptionis
659 1101 810 1168 crlminslis,
828 1103 939 1155 civillter
954 1115 1026 1156 ereo
1040 1105 1131 1155 conus
1144 1101 1256 1169 aliquem
1272 1105 1364 1156 testem

773 1186 922 1249 proposito.

332 1355 490 1424 «Coram
506 1354 689 1437 reverendo,
714 1370 774 1426 etc.
801 1357 850 1447 (ut
872 1358 907 1426 in
923 1357 1120 1450 pracsdonti
1141 1379 1246 1448 usque
1274 1357 1317 1426 od
1332 1380 1428 1427 voees

282 1460 383 1551 recipi
396 1459 533 1550 debent).
550 1460 657 1550 lpitur
671 1460 897 1554 infrascriptos
912 1462 1069 1532 articulos
1093 1461 1292 1552 exceptarios
1302 1483 1427 1552 propo·

282 1566 344 1646 nit,
360 1565 506 1635 adhunc
518 1565 696 1636 dumtaxat
708 1569 810 1658 mem
826 1581 864 1636 ut
877 1568 958 1638 dicti
981 1566 1120 1637 Gordati
1135 1566 1360 1636 testimonium
1374 1589 1427 1634 rc·

276 1673 422 1765 jiciatur
433 1686 464 1740 et
475 1696 537 1765 pro
547 1673 638 1742 ruello
649 1674 825 1743 habeatur.
839 1674 931 1744 Unde
942 1697 1008 1743 non
1020 1676 1091 1744 uult
1101 1697 1159 1743 nec
1170 1673 1324 1755 intendit,
1337 1673 1429 1765 quod

276 1782 440 1871 prefatus
469 1781 557 1849 testis
584 1781 698 1872 aliqua
718 1805 824 1874 poena
845 1781 974 1874 publice
999 1795 1059 1851 aut
1082 1783 1214 1874 private
1243 1781 1422 1874 afficiatur.

282 1889 371 1954 Sunt
385 1899 499 1954 autem
511 1887 648 1957 articuli
661 1888 839 1981 acceptor-ii
854 1915 865 1956 :
883 1892 915 1956 1⁰
932 1888 1021 1981 quod
1036 1939 1090 1972 ...,
1109 1897 1171 1958 stc.
1193 1889 1287 1979 (utin
1303 1909 1425 1980 pratee·

283 1993 373 2062 denti
387 1992 556 2084 formula).
572 2020 589 2060 n

807 2195 907 2286 sm.

390 2357 510 2408 Formulc
520 2355 603 2407 libelli
614 2354 770 2420 exceptant,
783 2354 894 2407 civiliter
908 2360 1000 2408 contro
1014 2357 1165 2422 eligendum
1179 2358 1314 2423 propositi.

331 2572 349 2609 a
366 2546 487 2615 Coram
511 2540 684 2612 reverendo
700 2546 757 2625 N.‚
781 2544 1040 2613 reverendissimi
1059 2545 1216 2637 Episcopi
1229 2547 1272 2618 N.
1297 2545 1422 2615 Vicario

282 2651 440 2744 pencrali,
453 2665 620 2742 comparet
643 2650 796 2718 dominus
809 2653 845 2720 N
846 2703 868 2733 .,
885 2665 916 2720 et
940 2650 1032 2734 dicit,
1051 2649 1142 2744 quod
1152 2675 1314 2744 mapnum
1327 2653 1423 2722 dam-

256 2797 264 2816 ·
283 2783 366 2828 num
379 2756 530 2827 Ecclesiae
545 2757 685 2826 eveniret
706 2759 735 2825 si
749 2757 922 2848 eliperetur
937 2757 984 2826 ad
1063 2758 1125 2848 (hic
1146 2758 1288 2848 dignitas
1303 2759 1424 2852 dequo

283 2867 392 2956 egitur
407 2863 621 2955 describatur)
645 2863 795 2933 dominus
819 2868 884 2946 N.,·
907 2864 947 2934 de
973 2888 1039 2957 quo
1065 2865 1209 2934 multum
1235 2863 1422 2948 dubitatur,

284 2974 373 3067 quod
390 2973 494 3066 possit
512 2971 590 3064 elipi
613 2985 672 3040 :et
697 2971 769 3041 idco
790 2971 837 3041 ad
859 2973 1126 3042 antevertendum
1140 2995 1235 3042 omne
1249 2971 1422 3052 domnum,

283 3079 375 3174 quod
387 3081 423 3149 in
438 3078 501 3149 tali
514 3079 663 3148 electione
682 3091 791 3170 posset
813 3079 965 3149 Ecclesia
980 3079 1117 3168 euenire,
1133 3082 1189 3173 cuj
1192 3103 1230 3148 us
1246 3081 1424 3151 utilitatem

284 3188 417 3280 quilibet
430 3187 489 3279 qui
510 3187 554 3254 sit
574 3185 614 3254 de
636 3185 709 3276 ejus
722 3207 857 3278 corpore
868 3209 1048 3278 procurare
1061 3185 1164 3268 debet,
1175 3187 1337 3279 proponit
1350 3213 1425 3258 can·

283 3309 337 3364 tra
351 3295 462 3385 ipsum
488 3291 714 3384 infrascriptos
739 3292 897 3361 articulos
911 3293 1127 3386 exceptorium·
1141 3305 1173 3362 et
1187 3293 1222 3362 in
1234 3293 1286 3363 dis
1297 3295 1426 3389 scripti

277 3400 381 3491 jurat
393 3420 437 3479 se,
451 3418 518 3464 non
533 3396 647 3464 animo
664 3392 906 3478 calumniandi,
925 3395 998 3466 dolo
1016 3395 1118 3478 malo,
1136 3420 1240 3490 neque
1253 3399 1297 3466 ad
1310 3399 1426 3492 aliqua

279 3504 432 3598 passione
446 3516 506 3572 aut
520 3501 731 3570 animositate
745 3515 859 3570 contra
874 3515 1096 3572 memoratum
1110 3502 1282 3573 mutinum
1293 3507 1337 3578 N.
1356 3529 1426 3574 mo-

283 3611 363 3695 veri,
381 3607 437 3679 sed
450 3634 472 3678 a
483 3632 571 3701 puro
584 3609 653 3677 zelo
668 3609 746 3677 boni
766 3610 961 3679 communis.
978 3609 1121 3680 Proinde
1134 3633 1200 3680 non
1214 3613 1357 3682 intendit
1370 3638 1425 3683 ne·

284 3741 346 3810 que
360 3717 431 3786 uult
455 3710 734 3808 quodprudictus
764 3711 918 3784 dominus
948 3719 991 3786 N.
1018 3713 1059 3784 ot
1086 3729 1239 3786 contenta
1258 3718 1294 3786 iu
1322 3719 1424 3812 infro-

273 3813 411 3915 ¹scriptis
425 3818 584 3903 articulis,
595 3820 774 3912 punitione
787 3834 847 3890 aut
858 3844 960 3913 paena
975 3821 1160 3914 conpinidili
1171 3821 1287 3916 aliqua
1300 3825 1426 3918 affida-

274 3934 358 4013 'tur‚·
370 3928 427 3998 sed
450 3926 655 3997 solummodo
681 3926 770 4018 quod
789 3928 836 3997 ad
855 3927 956 3997 talem
975 3925 1172 4020 dipnitatem
1189 3953 1257 4000 non
1271 3931 1420 4025 elipatur.

283 4032 498 4107 Protestando
514 4028 604 4123 quod
614 4026 644 4100 si
652 4054 749 4124 super
763 4033 960 4126 acceptione,
979 4059 1081 4127 quam
1097 4035 1243 4129 lepitime
1250 4042 1419 4132 proponit,

283 4166 350 4211 non
362 4144 426 4232 fiat
439 4139 547 4208 deln'ta
562 4139 729 4230 inquisitio
741 4139 788 4209 ad
800 4153 953 4209 normam
957 4140 1062 4232 juris,
1080 4166 1120 4213 ac
1133 4167 1171 4211 ea
1181 4155 1366 4238 contempto
1380 4147 1424 4214 ad

274 4249 469 4321 electionem
490 4245 692 4331 deomiatur,
717 4260 749 4316 et
773 4245 953 4344 predictus
983 4249 1137 4350 daminus
1162 4254 1206 4326 N.
1235 4253 1421 4330 remanat
