<?xml version="1.0" encoding="UTF-8"?>
<!DOCTYPE html PUBLIC "-//W3C//DTD XHTML 1.0 Transitional//EN"
    "http://www.w3.org/TR/xhtml1/DTD/xhtml1-transitional.dtd">
<html xmlns="http://www.w3.org/1999/xhtml" xml:lang="en" lang="en">
 <head>
  <title>
</title>
<meta http-equiv="Content-Type" content="text/html;charset=utf-8" />
  <meta name='ocr-system' content='tesseract 3.04.00' />
  <meta name='ocr-capabilities' content='ocr_page ocr_carea ocr_par ocr_line ocrx_word'/>
</head>
<body>
  <div class='ocr_page' id='page_1' title='image "./tractatusdejudi00goog_0117.png"; bbox 0 0 3050 4984; ppageno 0'>
   <div class='ocr_carea' id='block_1_1' title="bbox 513 493 1202 562">
    <p class='ocr_par' dir='ltr' id='par_1_1' title="bbox 513 493 1202 562">
     <span class='ocr_line' id='line_1_1' title="bbox 513 493 1202 562; baseline -0.001 -2"><span class='ocrx_word' id='word_1_1' title='bbox 513 511 588 562; x_wconf 76' lang='lat' dir='ltr'><strong>rsus</strong></span> <span class='ocrx_word' id='word_1_2' title='bbox 611 511 755 559; x_wconf 72' lang='lat' dir='ltr'><strong>amnena,</strong></span> <span class='ocrx_word' id='word_1_3' title='bbox 1141 493 1202 560; x_wconf 83' lang='lat'><strong>109</strong></span> 
     </span>
    </p>
   </div>
   <div class='ocr_carea' id='block_1_2' title="bbox 74 633 1238 2654">
    <p class='ocr_par' dir='ltr' id='par_1_2' title="bbox 77 633 1205 836">
     <span class='ocr_line' id='line_1_2' title="bbox 78 633 1205 727; baseline 0.002 -24"><span class='ocrx_word' id='word_1_4' title='bbox 78 633 136 704; x_wconf 86' lang='lat' dir='ltr'><strong>nali</strong></span> <span class='ocrx_word' id='word_1_5' title='bbox 149 634 315 704; x_wconf 79' lang='lat' dir='ltr'><strong>dumtaxat</strong></span> <span class='ocrx_word' id='word_1_6' title='bbox 333 635 426 705; x_wconf 83' lang='lat' dir='ltr'><strong>uobis</strong></span> <span class='ocrx_word' id='word_1_7' title='bbox 445 634 623 727; x_wconf 79' lang='lat' dir='ltr'><strong>egendum,</strong></span> <span class='ocrx_word' id='word_1_8' title='bbox 645 657 718 704; x_wconf 89' lang='lat' dir='ltr'><strong>cum</strong></span> <span class='ocrx_word' id='word_1_9' title='bbox 738 633 824 703; x_wconf 86' lang='lat' dir='ltr'><strong>circe</strong></span> <span class='ocrx_word' id='word_1_10' title='bbox 842 654 1029 726; x_wconf 87' lang='lat' dir='ltr'><strong>processum</strong></span> <span class='ocrx_word' id='word_1_11' title='bbox 1050 634 1205 705; x_wconf 86' lang='lat' dir='ltr'><strong>crimino-</strong></span> 
     </span>
     <span class='ocr_line' id='line_1_3' title="bbox 77 743 629 836; baseline 0.004 -26"><span class='ocrx_word' id='word_1_12' title='bbox 77 743 135 811; x_wconf 90' lang='lat' dir='ltr'><strong>lem</strong></span> <span class='ocrx_word' id='word_1_13' title='bbox 150 765 291 836; x_wconf 74' lang='lat' dir='ltr'><strong>presens</strong></span> <span class='ocrx_word' id='word_1_14' title='bbox 307 743 453 812; x_wconf 84' lang='lat' dir='ltr'><strong>tractatio</strong></span> <span class='ocrx_word' id='word_1_15' title='bbox 469 752 629 814; x_wconf 72' lang='lat' dir='ltr'><strong>versetur.</strong></span> 
     </span>
    </p>

    <p class='ocr_par' dir='ltr' id='par_1_3' title="bbox 79 845 1208 1049">
     <span class='ocr_line' id='line_1_4' title="bbox 118 845 1208 942; baseline 0.004 -25"><span class='ocrx_word' id='word_1_16' title='bbox 118 852 147 916; x_wconf 84' lang='lat'><strong>2.</strong></span> <span class='ocrx_word' id='word_1_17' title='bbox 169 849 354 919; x_wconf 87' lang='lat' dir='ltr'><strong>Grimiuelis</strong></span> <span class='ocrx_word' id='word_1_18' title='bbox 369 857 478 920; x_wconf 87' lang='lat' dir='ltr'><strong>autem</strong></span> <span class='ocrx_word' id='word_1_19' title='bbox 499 849 659 942; x_wconf 78' lang='lat' dir='ltr'><strong>exceptio,</strong></span> <span class='ocrx_word' id='word_1_20' title='bbox 679 847 852 942; x_wconf 80' lang='lat' dir='ltr'><strong>dupliciter</strong></span> <span class='ocrx_word' id='word_1_21' title='bbox 868 845 942 917; x_wconf 84' lang='lat' dir='ltr'><strong>lieri</strong></span> <span class='ocrx_word' id='word_1_22' title='bbox 959 855 1076 941; x_wconf 87' lang='lat' dir='ltr'><strong>potest,</strong></span> <span class='ocrx_word' id='word_1_23' title='bbox 1102 849 1208 920; x_wconf 81' lang='lat' dir='ltr'><strong>civili·</strong></span> 
     </span>
     <span class='ocr_line' id='line_1_5' title="bbox 79 956 563 1049; baseline 0.006 -26"><span class='ocrx_word' id='word_1_24' title='bbox 79 965 122 1024; x_wconf 91' lang='lat' dir='ltr'><strong>ter</strong></span> <span class='ocrx_word' id='word_1_25' title='bbox 134 978 256 1049; x_wconf 87' lang='lat' dir='ltr'><strong>nempe,</strong></span> <span class='ocrx_word' id='word_1_26' title='bbox 274 956 327 1028; x_wconf 85' lang='lat' dir='ltr'><strong>vel</strong></span> <span class='ocrx_word' id='word_1_27' title='bbox 340 956 563 1027; x_wconf 76' lang='lat' dir='ltr'><strong>criminaliter.</strong></span> 
     </span>
    </p>

    <p class='ocr_par' dir='ltr' id='par_1_4' title="bbox 77 1061 1209 1586">
     <span class='ocr_line' id='line_1_6' title="bbox 120 1061 1207 1155; baseline 0.003 -24"><span class='ocrx_word' id='word_1_28' title='bbox 120 1063 260 1132; x_wconf 83' lang='lat' dir='ltr'><strong>Ciuiliter</strong></span> <span class='ocrx_word' id='word_1_29' title='bbox 281 1063 354 1134; x_wconf 82' lang='lat' dir='ltr'><strong>lieri</strong></span> <span class='ocrx_word' id='word_1_30' title='bbox 374 1063 494 1136; x_wconf 89' lang='lat' dir='ltr'><strong>dicitur</strong></span> <span class='ocrx_word' id='word_1_31' title='bbox 512 1064 659 1155; x_wconf 90' lang='lat' dir='ltr'><strong>exceptio</strong></span> <span class='ocrx_word' id='word_1_32' title='bbox 684 1061 878 1151; x_wconf 87' lang='lat' dir='ltr'><strong>criminalis,</strong></span> <span class='ocrx_word' id='word_1_33' title='bbox 901 1061 1033 1155; x_wconf 87' lang='lat' dir='ltr'><strong>quaudo</strong></span> <span class='ocrx_word' id='word_1_34' title='bbox 1053 1061 1207 1134; x_wconf 86' lang='lat' dir='ltr'><strong>delictum</strong></span> 
     </span>
     <span class='ocr_line' id='line_1_7' title="bbox 77 1167 1205 1262; baseline 0.003 -24"><span class='ocrx_word' id='word_1_35' title='bbox 77 1170 144 1238; x_wconf 89' lang='lat' dir='ltr'><strong>ideo</strong></span> <span class='ocrx_word' id='word_1_36' title='bbox 168 1170 330 1262; x_wconf 87' lang='lat' dir='ltr'><strong>objicitur,</strong></span> <span class='ocrx_word' id='word_1_37' title='bbox 356 1179 394 1242; x_wconf 90' lang='lat' dir='ltr'><strong>nt</strong></span> <span class='ocrx_word' id='word_1_38' title='bbox 421 1182 510 1242; x_wconf 89' lang='lat' dir='ltr'><strong>actor</strong></span> <span class='ocrx_word' id='word_1_39' title='bbox 535 1171 577 1240; x_wconf 89' lang='lat' dir='ltr'><strong>ab</strong></span> <span class='ocrx_word' id='word_1_40' title='bbox 603 1169 780 1239; x_wconf 90' lang='lat' dir='ltr'><strong>obtinendo</strong></span> <span class='ocrx_word' id='word_1_41' title='bbox 803 1167 892 1262; x_wconf 86' lang='lat' dir='ltr'><strong>quod</strong></span> <span class='ocrx_word' id='word_1_42' title='bbox 921 1169 994 1240; x_wconf 88' lang='lat' dir='ltr'><strong>vult</strong></span> <span class='ocrx_word' id='word_1_43' title='bbox 1019 1169 1205 1261; x_wconf 71' lang='lat' dir='ltr'><strong>deiiciatur3</strong></span> 
     </span>
     <span class='ocr_line' id='line_1_8' title="bbox 77 1275 1206 1370; baseline 0.003 -25"><span class='ocrx_word' id='word_1_44' title='bbox 77 1300 138 1346; x_wconf 91' lang='lat' dir='ltr'><strong>nou</strong></span> <span class='ocrx_word' id='word_1_45' title='bbox 152 1299 228 1347; x_wconf 85' lang='lat' dir='ltr'><strong>vero</strong></span> <span class='ocrx_word' id='word_1_46' title='bbox 246 1285 283 1346; x_wconf 89' lang='lat' dir='ltr'><strong>ut</strong></span> <span class='ocrx_word' id='word_1_47' title='bbox 297 1277 352 1346; x_wconf 91' lang='lat' dir='ltr'><strong>ille</strong></span> <span class='ocrx_word' id='word_1_48' title='bbox 367 1277 420 1347; x_wconf 90' lang='lat' dir='ltr'><strong>cui</strong></span> <span class='ocrx_word' id='word_1_49' title='bbox 439 1302 460 1347; x_wconf 89' lang='lat' dir='ltr'><strong>a</strong></span> <span class='ocrx_word' id='word_1_50' title='bbox 478 1300 535 1347; x_wconf 77' lang='lat' dir='ltr'><strong>reo</strong></span> <span class='ocrx_word' id='word_1_51' title='bbox 550 1275 704 1346; x_wconf 89' lang='lat' dir='ltr'><strong>delictum</strong></span> <span class='ocrx_word' id='word_1_52' title='bbox 722 1275 887 1369; x_wconf 87' lang='lat' dir='ltr'><strong>objicitur,</strong></span> <span class='ocrx_word' id='word_1_53' title='bbox 908 1275 950 1346; x_wconf 88' lang='lat' dir='ltr'><strong>de</strong></span> <span class='ocrx_word' id='word_1_54' title='bbox 967 1299 1006 1346; x_wconf 90' lang='lat' dir='ltr'><strong>eo</strong></span> <span class='ocrx_word' id='word_1_55' title='bbox 1024 1278 1206 1370; x_wconf 80' lang='lat' dir='ltr'><strong>puniatur:</strong></span> 
     </span>
     <span class='ocr_line' id='line_1_9' title="bbox 77 1382 1209 1478; baseline 0.001 -24"><span class='ocrx_word' id='word_1_56' title='bbox 77 1385 284 1454; x_wconf 69' lang='lat' dir='ltr'><strong>criminaliter</strong></span> <span class='ocrx_word' id='word_1_57' title='bbox 298 1409 315 1455; x_wconf 91' lang='lat' dir='ltr'><strong>e</strong></span> <span class='ocrx_word' id='word_1_58' title='bbox 330 1393 455 1474; x_wconf 88' lang='lat' dir='ltr'><strong>contre,</strong></span> <span class='ocrx_word' id='word_1_59' title='bbox 472 1383 604 1478; x_wconf 87' lang='lat' dir='ltr'><strong>quaudo</strong></span> <span class='ocrx_word' id='word_1_60' title='bbox 618 1406 694 1454; x_wconf 88' lang='lat' dir='ltr'><strong>reus</strong></span> <span class='ocrx_word' id='word_1_61' title='bbox 716 1382 815 1454; x_wconf 91' lang='lat' dir='ltr'><strong>simul</strong></span> <span class='ocrx_word' id='word_1_62' title='bbox 827 1383 1034 1478; x_wconf 84' lang='lat' dir='ltr'><strong>persequitur</strong></span> <span class='ocrx_word' id='word_1_63' title='bbox 1047 1385 1209 1477; x_wconf 89' lang='lat' dir='ltr'><strong>publicam</strong></span> 
     </span>
     <span class='ocr_line' id='line_1_10' title="bbox 77 1491 654 1586; baseline 0.002 -27"><span class='ocrx_word' id='word_1_64' title='bbox 77 1492 178 1562; x_wconf 88' lang='lat' dir='ltr'><strong>delicti</strong></span> <span class='ocrx_word' id='word_1_65' title='bbox 194 1494 235 1561; x_wconf 87' lang='lat' dir='ltr'><strong>ab</strong></span> <span class='ocrx_word' id='word_1_66' title='bbox 250 1493 322 1586; x_wconf 88' lang='lat' dir='ltr'><strong>ipso</strong></span> <span class='ocrx_word' id='word_1_67' title='bbox 340 1492 454 1585; x_wconf 87' lang='lat' dir='ltr'><strong>objecti</strong></span> <span class='ocrx_word' id='word_1_68' title='bbox 466 1491 654 1562; x_wconf 84' lang='lat' dir='ltr'><strong>vindictam.</strong></span> 
     </span>
    </p>

    <p class='ocr_par' dir='ltr' id='par_1_5' title="bbox 74 1597 1238 2654">
     <span class='ocr_line' id='line_1_11' title="bbox 118 1597 1212 1694; baseline 0.004 -27"><span class='ocrx_word' id='word_1_69' title='bbox 118 1603 148 1669; x_wconf 81' lang='grc'><strong>3.</strong></span> <span class='ocrx_word' id='word_1_70' title='bbox 164 1601 285 1669; x_wconf 89' lang='lat' dir='ltr'><strong>lterum</strong></span> <span class='ocrx_word' id='word_1_71' title='bbox 299 1599 479 1670; x_wconf 86' lang='lat' dir='ltr'><strong>criminalis</strong></span> <span class='ocrx_word' id='word_1_72' title='bbox 493 1599 641 1691; x_wconf 80' lang='lat' dir='ltr'><strong>exceptio</strong></span> <span class='ocrx_word' id='word_1_73' title='bbox 651 1597 813 1689; x_wconf 75' lang='lat' dir='ltr'><strong>distingui</strong></span> <span class='ocrx_word' id='word_1_74' title='bbox 826 1605 943 1690; x_wconf 86' lang='lat' dir='ltr'><strong>potest,</strong></span> <span class='ocrx_word' id='word_1_75' title='bbox 958 1600 992 1668; x_wconf 90' lang='lat' dir='ltr'><strong>iu</strong></span> <span class='ocrx_word' id='word_1_76' title='bbox 1003 1601 1134 1694; x_wconf 87' lang='lat' dir='ltr'><strong>proprie</strong></span> <span class='ocrx_word' id='word_1_77' title='bbox 1143 1601 1212 1671; x_wconf 91' lang='lat' dir='ltr'><strong>dic·</strong></span> 
     </span>
     <span class='ocr_line' id='line_1_12' title="bbox 77 1704 1211 1798; baseline 0.003 -24"><span class='ocrx_word' id='word_1_78' title='bbox 77 1717 150 1793; x_wconf 88' lang='lat' dir='ltr'><strong>tam,</strong></span> <span class='ocrx_word' id='word_1_79' title='bbox 178 1715 210 1774; x_wconf 90' lang='lat' dir='ltr'><strong>et</strong></span> <span class='ocrx_word' id='word_1_80' title='bbox 239 1705 418 1798; x_wconf 89' lang='lat' dir='ltr'><strong>improprie</strong></span> <span class='ocrx_word' id='word_1_81' title='bbox 447 1705 566 1776; x_wconf 88' lang='lat' dir='ltr'><strong>dictam</strong></span> <span class='ocrx_word' id='word_1_82' title='bbox 593 1726 651 1774; x_wconf 90' lang='lat' dir='ltr'><strong>sen</strong></span> <span class='ocrx_word' id='word_1_83' title='bbox 678 1704 1020 1796; x_wconf 80' lang='lat' dir='ltr'><strong>quasi-eccepts&#39;onem.</strong></span> <span class='ocrx_word' id='word_1_84' title='bbox 1053 1706 1211 1796; x_wconf 79' lang='lat' dir='ltr'><strong>Rigorcse</strong></span> 
     </span>
     <span class='ocr_line' id='line_1_13' title="bbox 76 1810 1212 1906; baseline 0.004 -26"><span class='ocrx_word' id='word_1_85' title='bbox 76 1813 160 1880; x_wconf 90' lang='lat' dir='ltr'><strong>enim</strong></span> <span class='ocrx_word' id='word_1_86' title='bbox 176 1811 341 1904; x_wconf 86' lang='lat' dir='ltr'><strong>loquendo</strong></span> <span class='ocrx_word' id='word_1_87' title='bbox 358 1811 505 1904; x_wconf 84' lang='lat' dir='ltr'><strong>exceptio</strong></span> <span class='ocrx_word' id='word_1_88' title='bbox 519 1812 584 1882; x_wconf 91' lang='lat' dir='ltr'><strong>dici</strong></span> <span class='ocrx_word' id='word_1_89' title='bbox 603 1812 716 1903; x_wconf 90' lang='lat' dir='ltr'><strong>nequit</strong></span> <span class='ocrx_word' id='word_1_90' title='bbox 735 1810 799 1879; x_wconf 89' lang='lat' dir='ltr'><strong>nisi</strong></span> <span class='ocrx_word' id='word_1_91' title='bbox 818 1834 858 1880; x_wconf 87' lang='lat' dir='ltr'><strong>ee</strong></span> <span class='ocrx_word' id='word_1_92' title='bbox 875 1834 950 1904; x_wconf 84' lang='lat' dir='ltr'><strong>quce</strong></span> <span class='ocrx_word' id='word_1_93' title='bbox 969 1812 1011 1881; x_wconf 86' lang='lat' dir='ltr'><strong>ad</strong></span> <span class='ocrx_word' id='word_1_94' title='bbox 1028 1813 1140 1906; x_wconf 78' lang='lat' dir='ltr'><strong>aliqum</strong></span> <span class='ocrx_word' id='word_1_95' title='bbox 1157 1837 1212 1884; x_wconf 84' lang='lat' dir='ltr'><strong>reo</strong></span> 
     </span>
     <span class='ocr_line' id='line_1_14' title="bbox 76 1917 1213 2011; baseline 0.004 -24"><span class='ocrx_word' id='word_1_96' title='bbox 76 1919 257 2011; x_wconf 90' lang='lat' dir='ltr'><strong>opponitur.</strong></span> <span class='ocrx_word' id='word_1_97' title='bbox 291 1918 343 1988; x_wconf 83' lang='lat' dir='ltr'><strong>Ol&gt;</strong></span> <span class='ocrx_word' id='word_1_98' title='bbox 367 1918 612 1988; x_wconf 90' lang='lat' dir='ltr'><strong>similitudinem</strong></span> <span class='ocrx_word' id='word_1_99' title='bbox 638 1925 747 1987; x_wconf 87' lang='lat' dir='ltr'><strong>autem</strong></span> <span class='ocrx_word' id='word_1_100' title='bbox 773 1917 959 2006; x_wconf 83' lang='lat' dir='ltr'><strong>effectuum,</strong></span> <span class='ocrx_word' id='word_1_101' title='bbox 993 1919 1053 1990; x_wconf 87' lang='lat' dir='ltr'><strong>lroc</strong></span> <span class='ocrx_word' id='word_1_102' title='bbox 1082 1924 1213 1991; x_wconf 91' lang='lat' dir='ltr'><strong>nomine</strong></span> 
     </span>
     <span class='ocr_line' id='line_1_15' title="bbox 76 2024 1214 2120; baseline 0.003 -26"><span class='ocrx_word' id='word_1_103' title='bbox 76 2026 180 2095; x_wconf 84' lang='lat' dir='ltr'><strong>vocari</strong></span> <span class='ocrx_word' id='word_1_104' title='bbox 203 2025 304 2096; x_wconf 87' lang='lat' dir='ltr'><strong>etiam</strong></span> <span class='ocrx_word' id='word_1_105' title='bbox 328 2033 432 2117; x_wconf 90' lang='lat' dir='ltr'><strong>potest</strong></span> <span class='ocrx_word' id='word_1_106' title='bbox 454 2025 590 2117; x_wconf 88' lang='lat' dir='ltr'><strong>objectio</strong></span> <span class='ocrx_word' id='word_1_107' title='bbox 612 2025 772 2111; x_wconf 89' lang='lat' dir='ltr'><strong>criminis,</strong></span> <span class='ocrx_word' id='word_1_108' title='bbox 799 2024 842 2094; x_wconf 84' lang='lat' dir='ltr'><strong>ab</strong></span> <span class='ocrx_word' id='word_1_109' title='bbox 867 2025 930 2095; x_wconf 89' lang='lat' dir='ltr'><strong>olio</strong></span> <span class='ocrx_word' id='word_1_110' title='bbox 955 2027 1051 2096; x_wconf 87' lang='lat' dir='ltr'><strong>etiem</strong></span> <span class='ocrx_word' id='word_1_111' title='bbox 1074 2051 1214 2120; x_wconf 84' lang='lat' dir='ltr'><strong>quemn</strong></span> 
     </span>
     <span class='ocr_line' id='line_1_16' title="bbox 75 2131 1213 2226; baseline 0.002 -24"><span class='ocrx_word' id='word_1_112' title='bbox 75 2158 126 2202; x_wconf 88' lang='lat' dir='ltr'><strong>reo</strong></span> <span class='ocrx_word' id='word_1_113' title='bbox 144 2133 242 2220; x_wconf 75' lang='lat' dir='ltr'><strong>imte,</strong></span> <span class='ocrx_word' id='word_1_114' title='bbox 263 2132 305 2202; x_wconf 89' lang='lat' dir='ltr'><strong>ad</strong></span> <span class='ocrx_word' id='word_1_115' title='bbox 327 2131 572 2225; x_wconf 90' lang='lat' dir='ltr'><strong>impediendum</strong></span> <span class='ocrx_word' id='word_1_116' title='bbox 595 2155 636 2201; x_wconf 91' lang='lat' dir='ltr'><strong>ne</strong></span> <span class='ocrx_word' id='word_1_117' title='bbox 659 2132 734 2225; x_wconf 90' lang='lat' dir='ltr'><strong>quis</strong></span> <span class='ocrx_word' id='word_1_118' title='bbox 755 2131 797 2199; x_wconf 85' lang='lat' dir='ltr'><strong>ed</strong></span> <span class='ocrx_word' id='word_1_119' title='bbox 821 2132 1043 2223; x_wconf 77' lang='lat' dir='ltr'><strong>praelaturam,</strong></span> <span class='ocrx_word' id='word_1_120' title='bbox 1067 2133 1213 2226; x_wconf 80' lang='lat' dir='ltr'><strong>dignita-</strong></span> 
     </span>
     <span class='ocr_line' id='line_1_17' title="bbox 75 2239 1212 2329; baseline 0.001 -20"><span class='ocrx_word' id='word_1_121' title='bbox 75 2249 191 2329; x_wconf 85' lang='lat' dir='ltr'><strong>temve,</strong></span> <span class='ocrx_word' id='word_1_122' title='bbox 218 2247 275 2309; x_wconf 86' lang='lat' dir='ltr'><strong>aut</strong></span> <span class='ocrx_word' id='word_1_123' title='bbox 299 2239 495 2308; x_wconf 86' lang='lat' dir='ltr'><strong>beneficium</strong></span> <span class='ocrx_word' id='word_1_124' title='bbox 518 2239 649 2326; x_wconf 87' lang='lat' dir='ltr'><strong>electus,</strong></span> <span class='ocrx_word' id='word_1_125' title='bbox 670 2239 950 2308; x_wconf 80' lang='lat' dir='ltr'><strong>confirmationem</strong></span> <span class='ocrx_word' id='word_1_126' title='bbox 973 2241 1134 2322; x_wconf 87' lang='lat' dir='ltr'><strong>obtinent;</strong></span> <span class='ocrx_word' id='word_1_127' title='bbox 1159 2243 1212 2312; x_wconf 80' lang='lat' dir='ltr'><strong>vel</strong></span> 
     </span>
     <span class='ocr_line' id='line_1_18' title="bbox 74 2343 1238 2438; baseline -0.003 -22"><span class='ocrx_word' id='word_1_128' title='bbox 74 2371 111 2416; x_wconf 90' lang='lat' dir='ltr'><strong>ne</strong></span> <span class='ocrx_word' id='word_1_129' title='bbox 123 2348 195 2438; x_wconf 88' lang='lat' dir='ltr'><strong>jam</strong></span> <span class='ocrx_word' id='word_1_130' title='bbox 218 2344 430 2416; x_wconf 85' lang='lat' dir='ltr'><strong>confirmatus</strong></span> <span class='ocrx_word' id='word_1_131' title='bbox 443 2353 660 2430; x_wconf 87' lang='lat' dir='ltr'><strong>consecretur,</strong></span> <span class='ocrx_word' id='word_1_132' title='bbox 677 2352 733 2413; x_wconf 90' lang='lat' dir='ltr'><strong>aut</strong></span> <span class='ocrx_word' id='word_1_133' title='bbox 749 2343 783 2412; x_wconf 92' lang='lat' dir='ltr'><strong>in</strong></span> <span class='ocrx_word' id='word_1_134' title='bbox 800 2347 1032 2436; x_wconf 84' lang='lat' dir='ltr'><strong>poseessiouem</strong></span> <span class='ocrx_word' id='word_1_135' title='bbox 1053 2349 1213 2420; x_wconf 62' lang='lat' dir='ltr'><strong>immitte.</strong></span> <span class='ocrx_word' id='word_1_136' title='bbox 1235 2399 1238 2403; x_wconf 57' lang='grc'>,</span> 
     </span>
     <span class='ocr_line' id='line_1_19' title="bbox 74 2450 1213 2549; baseline 0.004 -28"><span class='ocrx_word' id='word_1_137' title='bbox 74 2466 136 2522; x_wconf 89' lang='lat' dir='ltr'><strong>tur.</strong></span> <span class='ocrx_word' id='word_1_138' title='bbox 154 2454 199 2522; x_wconf 88' lang='lat' dir='ltr'><strong>Et</strong></span> <span class='ocrx_word' id='word_1_139' title='bbox 220 2454 292 2522; x_wconf 82' lang='lat' dir='ltr'><strong>haec</strong></span> <span class='ocrx_word' id='word_1_140' title='bbox 310 2462 358 2523; x_wconf 90' lang='lat' dir='ltr'><strong>est</strong></span> <span class='ocrx_word' id='word_1_141' title='bbox 371 2475 471 2546; x_wconf 86' lang='lat' dir='ltr'><strong>quum</strong></span> <span class='ocrx_word' id='word_1_142' title='bbox 484 2475 638 2522; x_wconf 83' lang='lat' dir='ltr'><strong>vocemus</strong></span> <span class='ocrx_word' id='word_1_143' title='bbox 660 2450 1003 2544; x_wconf 75' lang='lat' dir='ltr'><strong>quusi-caceptionen,</strong></span> <span class='ocrx_word' id='word_1_144' title='bbox 1019 2455 1072 2524; x_wconf 85' lang='lat' dir='ltr'><strong>vel</strong></span> <span class='ocrx_word' id='word_1_145' title='bbox 1092 2478 1213 2549; x_wconf 90' lang='lat' dir='ltr'><strong>excep-</strong></span> 
     </span>
     <span class='ocr_line' id='line_1_20' title="bbox 74 2560 541 2654; baseline 0.002 -27"><span class='ocrx_word' id='word_1_146' title='bbox 74 2562 197 2630; x_wconf 90' lang='lat' dir='ltr'><strong>tionem</strong></span> <span class='ocrx_word' id='word_1_147' title='bbox 214 2560 394 2654; x_wconf 89' lang='lat' dir='ltr'><strong>improprie</strong></span> <span class='ocrx_word' id='word_1_148' title='bbox 406 2560 541 2631; x_wconf 88' lang='lat' dir='ltr'><strong>dictem.</strong></span> 
     </span>
    </p>
   </div>
   <div class='ocr_carea' id='block_1_3' title="bbox 598 2845 689 2937">
    <p class='ocr_par' dir='ltr' id='par_1_6' title="bbox 598 2845 689 2937">
     <span class='ocr_line' id='line_1_21' title="bbox 598 2845 689 2937; baseline 0.022 -24"><span class='ocrx_word' id='word_1_149' title='bbox 598 2845 689 2937; x_wconf 73' lang='lat' dir='ltr'><strong>§u</strong></span> 
     </span>
    </p>
   </div>
   <div class='ocr_carea' id='block_1_4' title="bbox 149 3003 1138 3078">
    <p class='ocr_par' dir='ltr' id='par_1_7' title="bbox 149 3003 1138 3078">
     <span class='ocr_line' id='line_1_22' title="bbox 149 3003 1138 3078; baseline 0.003 -17"><span class='ocrx_word' id='word_1_150' title='bbox 149 3007 249 3061; x_wconf 80' lang='lat' dir='ltr'><strong>ttorma</strong></span> <span class='ocrx_word' id='word_1_151' title='bbox 264 3005 424 3078; x_wconf 85' lang='lat' dir='ltr'><strong>procedendi</strong></span> <span class='ocrx_word' id='word_1_152' title='bbox 438 3005 523 3071; x_wconf 82' lang='lat' dir='ltr'><strong>quoad</strong></span> <span class='ocrx_word' id='word_1_153' title='bbox 538 3005 718 3072; x_wconf 84' lang='lat' dir='ltr'><strong>excepttonem</strong></span> <span class='ocrx_word' id='word_1_154' title='bbox 735 3003 896 3058; x_wconf 83' lang='lat' dir='ltr'><strong>criminalem</strong></span> <span class='ocrx_word' id='word_1_155' title='bbox 912 3004 1023 3060; x_wconf 75' lang='lat' dir='ltr'><strong>civiliter</strong></span> <span class='ocrx_word' id='word_1_156' title='bbox 1036 3009 1138 3064; x_wconf 67' lang='lat' dir='ltr'><strong>tecam</strong></span> 
     </span>
    </p>
   </div>
   <div class='ocr_carea' id='block_1_5' title="bbox 15 3204 1222 4374">
    <p class='ocr_par' dir='ltr' id='par_1_8' title="bbox 15 3204 1219 4156">
     <span class='ocr_line' id='line_1_23' title="bbox 116 3204 1217 3304; baseline 0.002 -26"><span class='ocrx_word' id='word_1_157' title='bbox 116 3210 266 3292; x_wconf 73' lang='lat' dir='ltr'><strong>Qumo</strong></span> <span class='ocrx_word' id='word_1_158' title='bbox 286 3210 331 3274; x_wconf 75' lang='lat'><strong>1⁸.</strong></span> <span class='ocrx_word' id='word_1_159' title='bbox 348 3244 393 3258; x_wconf 91' lang='lat'>-</span> <span class='ocrx_word' id='word_1_160' title='bbox 408 3207 458 3274; x_wconf 79' lang='lat' dir='ltr'><strong>Aa</strong></span> <span class='ocrx_word' id='word_1_161' title='bbox 478 3205 539 3274; x_wconf 78' lang='lat' dir='ltr'><strong>doc</strong></span> <span class='ocrx_word' id='word_1_162' title='bbox 559 3204 655 3274; x_wconf 87' lang='lat' dir='ltr'><strong>modo</strong></span> <span class='ocrx_word' id='word_1_163' title='bbox 673 3204 833 3297; x_wconf 72' lang='lat' dir='ltr'><strong>occipiens</strong></span> <span class='ocrx_word' id='word_1_164' title='bbox 849 3217 1000 3276; x_wconf 80' lang='lat' dir='ltr'><strong>tenentur</strong></span> <span class='ocrx_word' id='word_1_165' title='bbox 1012 3231 1078 3278; x_wconf 80' lang='lat' dir='ltr'><strong>rese</strong></span> <span class='ocrx_word' id='word_1_166' title='bbox 1095 3211 1131 3280; x_wconf 84' lang='lat' dir='ltr'><strong>in</strong></span> <span class='ocrx_word' id='word_1_167' title='bbox 1144 3235 1217 3304; x_wconf 77' lang='grc' dir='ltr'><strong>ρω-</strong></span> 
     </span>
     <span class='ocr_line' id='line_1_24' title="bbox 73 3312 1219 3405; baseline 0.008 -21"><span class='ocrx_word' id='word_1_168' title='bbox 73 3337 155 3384; x_wconf 82' lang='lat' dir='ltr'><strong>nom</strong></span> <span class='ocrx_word' id='word_1_169' title='bbox 170 3313 369 3384; x_wconf 61' lang='lat' dir='ltr'><strong>mutuom?</strong></span> <span class='ocrx_word' id='word_1_170' title='bbox 383 3352 427 3366; x_wconf 88' lang='lat'>-</span> <span class='ocrx_word' id='word_1_171' title='bbox 437 3312 665 3405; x_wconf 86' lang='lat' dir='ltr'><strong>Respondetur</strong></span> <span class='ocrx_word' id='word_1_172' title='bbox 683 3312 846 3402; x_wconf 78' lang='lat' dir='ltr'><strong>negative.</strong></span> <span class='ocrx_word' id='word_1_173' title='bbox 864 3313 998 3383; x_wconf 81' lang='lat' dir='ltr'><strong>Constet</strong></span> <span class='ocrx_word' id='word_1_174' title='bbox 1012 3338 1054 3385; x_wconf 91' lang='lat' dir='ltr'><strong>ex</strong></span> <span class='ocrx_word' id='word_1_175' title='bbox 1068 3317 1219 3393; x_wconf 82' lang='lat' dir='ltr'><strong>decretali</strong></span> 
     </span>
     <span class='ocr_line' id='line_1_25' title="bbox 73 3419 1219 3520; baseline -0.002 -29"><span class='ocrx_word' id='word_1_176' title='bbox 73 3427 185 3516; x_wconf 81' lang='lat' dir='ltr'><strong>Super</strong></span> <span class='ocrx_word' id='word_1_177' title='bbox 199 3423 252 3491; x_wconf 81' lang='lat' dir='ltr'><strong>Itis</strong></span> <span class='ocrx_word' id='word_1_178' title='bbox 269 3423 336 3514; x_wconf 84' lang='grc'>(16,</span> <span class='ocrx_word' id='word_1_179' title='bbox 352 3421 402 3491; x_wconf 88' lang='lat' dir='ltr'><strong>tit.</strong></span> <span class='ocrx_word' id='word_1_180' title='bbox 424 3424 454 3510; x_wconf 87' lang='lat'><strong>1,</strong></span> <span class='ocrx_word' id='word_1_181' title='bbox 469 3421 515 3489; x_wconf 92' lang='lat' dir='ltr'><strong>lib</strong></span> <span class='ocrx_word' id='word_1_182' title='bbox 533 3425 550 3488; x_wconf 80' lang='grc'>5</span> <span class='ocrx_word' id='word_1_183' title='bbox 566 3419 674 3510; x_wconf 84' lang='lat' dir='ltr'><strong>Decr.)</strong></span> <span class='ocrx_word' id='word_1_184' title='bbox 696 3446 704 3488; x_wconf 75' lang='grc' dir='ltr'>ε</span> <span class='ocrx_word' id='word_1_185' title='bbox 723 3421 809 3488; x_wconf 83' lang='lat' dir='ltr'><strong>Cum</strong></span> <span class='ocrx_word' id='word_1_186' title='bbox 819 3433 931 3489; x_wconf 84' lang='lat' dir='ltr'><strong>nutem</strong></span> <span class='ocrx_word' id='word_1_187' title='bbox 944 3423 1133 3516; x_wconf 68' lang='lat' dir='ltr'><strong>cunpiendo</strong></span> <span class='ocrx_word' id='word_1_188' title='bbox 1143 3431 1219 3520; x_wconf 63' lang='grc' dir='ltr'><strong>[ηρ.</strong></span> 
     </span>
     <span class='ocr_line' id='line_1_26' title="bbox 15 3523 1219 3624; baseline 0.008 -28"><span class='ocrx_word' id='word_1_189' title='bbox 15 3561 16 3624; x_wconf 56' lang='lat'><em>3</em></span> <span class='ocrx_word' id='word_1_190' title='bbox 74 3531 117 3597; x_wconf 77' lang='lat' dir='ltr'><strong>rit</strong></span> <span class='ocrx_word' id='word_1_191' title='bbox 144 3531 273 3598; x_wconf 68' lang='lat' dir='ltr'><strong>aimei</strong></span> <span class='ocrx_word' id='word_1_192' title='bbox 296 3526 472 3618; x_wconf 82' lang='lat' dir='ltr'><strong>objectum,</strong></span> <span class='ocrx_word' id='word_1_193' title='bbox 496 3523 760 3617; x_wconf 61' lang='lat' dir='ltr'><strong>detorquendam</strong></span> <span class='ocrx_word' id='word_1_194' title='bbox 785 3539 832 3594; x_wconf 81' lang='lat' dir='ltr'><strong>est</strong></span> <span class='ocrx_word' id='word_1_195' title='bbox 854 3550 957 3618; x_wconf 84' lang='lat' dir='ltr'><strong>qnare</strong></span> <span class='ocrx_word' id='word_1_196' title='bbox 977 3546 1166 3622; x_wconf 80' lang='lat' dir='ltr'><strong>opponatur</strong></span> <span class='ocrx_word' id='word_1_197' title='bbox 1187 3552 1219 3606; x_wconf 85' lang='lat' dir='ltr'><strong>et</strong></span> 
     </span>
     <span class='ocr_line' id='line_1_27' title="bbox 15 3633 1219 3733; baseline 0.006 -31"><span class='ocrx_word' id='word_1_198' title='bbox 15 3687 16 3722; x_wconf 29' lang='lat' dir='ltr'><strong>p</strong></span> <span class='ocrx_word' id='word_1_199' title='bbox 72 3636 212 3726; x_wconf 56' lang='lat' dir='ltr'><strong>maredo</strong></span> <span class='ocrx_word' id='word_1_200' title='bbox 229 3635 283 3703; x_wconf 82' lang='lat' dir='ltr'><strong>:si</strong></span> <span class='ocrx_word' id='word_1_201' title='bbox 298 3633 453 3725; x_wconf 83' lang='lat' dir='ltr'><strong>objicitur</strong></span> <span class='ocrx_word' id='word_1_202' title='bbox 467 3647 504 3702; x_wconf 86' lang='lat' dir='ltr'><strong>nt</strong></span> <span class='ocrx_word' id='word_1_203' title='bbox 517 3633 560 3702; x_wconf 84' lang='lat' dir='ltr'><strong>ud</strong></span> <span class='ocrx_word' id='word_1_204' title='bbox 573 3633 776 3702; x_wconf 83' lang='lat' dir='ltr'><strong>accusatione</strong></span> <span class='ocrx_word' id='word_1_205' title='bbox 798 3633 850 3702; x_wconf 85' lang='lat' dir='ltr'><strong>oet</strong></span> <span class='ocrx_word' id='word_1_206' title='bbox 861 3635 1087 3726; x_wconf 75' lang='lat' dir='ltr'><strong>testificatione</strong></span> <span class='ocrx_word' id='word_1_207' title='bbox 1099 3642 1219 3733; x_wconf 62' lang='lat' dir='ltr'><strong>atiquo</strong></span> 
     </span>
     <span class='ocr_line' id='line_1_28' title="bbox 15 3733 1219 3836; baseline 0.01 -28"><span class='ocrx_word' id='word_1_208' title='bbox 15 3733 16 3788; x_wconf 69' lang='grc' dir='ltr'>ἶ</span> <span class='ocrx_word' id='word_1_209' title='bbox 71 3745 270 3836; x_wconf 79' lang='lat' dir='ltr'><strong>repellatur,</strong></span> <span class='ocrx_word' id='word_1_210' title='bbox 286 3764 353 3810; x_wconf 82' lang='lat' dir='ltr'><strong>noa</strong></span> <span class='ocrx_word' id='word_1_211' title='bbox 373 3753 419 3809; x_wconf 82' lang='lat' dir='ltr'><strong>eet</strong></span> <span class='ocrx_word' id='word_1_212' title='bbox 436 3740 570 3810; x_wconf 64' lang='lat' dir='ltr'><strong>incumbi</strong></span> <span class='ocrx_word' id='word_1_213' title='bbox 583 3763 715 3810; x_wconf 75' lang='lat' dir='ltr'><strong>maesse.</strong></span> <span class='ocrx_word' id='word_1_214' title='bbox 738 3741 841 3810; x_wconf 91' lang='lat' dir='ltr'><strong>Porro</strong></span> <span class='ocrx_word' id='word_1_215' title='bbox 863 3742 1000 3832; x_wconf 88' lang='lat' dir='ltr'><strong>objectio</strong></span> <span class='ocrx_word' id='word_1_216' title='bbox 1022 3746 1167 3817; x_wconf 89' lang='lat' dir='ltr'><strong>criminis</strong></span> <span class='ocrx_word' id='word_1_217' title='bbox 1181 3761 1219 3820; x_wconf 92' lang='lat' dir='ltr'><strong>ut</strong></span> 
     </span>
     <span class='ocr_line' id='line_1_29' title="bbox 72 3847 1218 3946; baseline 0.009 -28"><span class='ocrx_word' id='word_1_218' title='bbox 72 3851 111 3918; x_wconf 80' lang='lat' dir='ltr'><strong>ab</strong></span> <span class='ocrx_word' id='word_1_219' title='bbox 125 3851 340 3920; x_wconf 82' lang='lat' dir='ltr'><strong>accusatione</strong></span> <span class='ocrx_word' id='word_1_220' title='bbox 359 3849 412 3919; x_wconf 89' lang='lat' dir='ltr'><strong>vel</strong></span> <span class='ocrx_word' id='word_1_221' title='bbox 434 3847 657 3917; x_wconf 87' lang='lat' dir='ltr'><strong>testificatione</strong></span> <span class='ocrx_word' id='word_1_222' title='bbox 677 3849 795 3941; x_wconf 89' lang='lat' dir='ltr'><strong>aliquis</strong></span> <span class='ocrx_word' id='word_1_223' title='bbox 813 3850 999 3941; x_wconf 87' lang='lat' dir='ltr'><strong>repellatur,</strong></span> <span class='ocrx_word' id='word_1_224' title='bbox 1020 3863 1068 3922; x_wconf 89' lang='lat' dir='ltr'><strong>est</strong></span> <span class='ocrx_word' id='word_1_225' title='bbox 1087 3859 1218 3946; x_wconf 74' lang='lat' dir='ltr'><strong>praecise</strong></span> 
     </span>
     <span class='ocr_line' id='line_1_30' title="bbox 71 3954 1219 4051; baseline 0.007 -26"><span class='ocrx_word' id='word_1_226' title='bbox 71 3959 227 4051; x_wconf 86' lang='lat' dir='ltr'><strong>exceptio</strong></span> <span class='ocrx_word' id='word_1_227' title='bbox 243 3956 389 4026; x_wconf 87' lang='lat' dir='ltr'><strong>criminis</strong></span> <span class='ocrx_word' id='word_1_228' title='bbox 402 3955 541 4025; x_wconf 82' lang='lat' dir='ltr'><strong>ciuiliter</strong></span> <span class='ocrx_word' id='word_1_229' title='bbox 555 3954 656 4042; x_wconf 86' lang='lat' dir='ltr'><strong>lacta;</strong></span> <span class='ocrx_word' id='word_1_230' title='bbox 677 3977 756 4046; x_wconf 78' lang='lat' dir='ltr'><strong>ergo</strong></span> <span class='ocrx_word' id='word_1_231' title='bbox 771 3955 850 4025; x_wconf 88' lang='lat' dir='ltr'><strong>dum</strong></span> <span class='ocrx_word' id='word_1_232' title='bbox 865 3957 1003 4027; x_wconf 84' lang='lat' dir='ltr'><strong>ciuiliter</strong></span> <span class='ocrx_word' id='word_1_233' title='bbox 1022 3959 1059 4029; x_wconf 79' lang='lat' dir='ltr'><strong>fit</strong></span> <span class='ocrx_word' id='word_1_234' title='bbox 1073 3964 1219 4034; x_wconf 73' lang='lat' dir='ltr'><strong>cuminis</strong></span> 
     </span>
     <span class='ocr_line' id='line_1_31' title="bbox 71 4060 702 4156; baseline -0.003 -24"><span class='ocrx_word' id='word_1_235' title='bbox 71 4066 232 4156; x_wconf 87' lang='lat' dir='ltr'><strong>objectio,</strong></span> <span class='ocrx_word' id='word_1_236' title='bbox 249 4060 417 4154; x_wconf 89' lang='lat' dir='ltr'><strong>inscriptio</strong></span> <span class='ocrx_word' id='word_1_237' title='bbox 432 4085 497 4132; x_wconf 92' lang='lat' dir='ltr'><strong>nou</strong></span> <span class='ocrx_word' id='word_1_238' title='bbox 513 4061 702 4154; x_wconf 85' lang='lat' dir='ltr'><strong>requiritur.</strong></span> 
     </span>
    </p>

    <p class='ocr_par' dir='ltr' id='par_1_9' title="bbox 15 4165 1222 4374">
     <span class='ocr_line' id='line_1_32' title="bbox 15 4165 1220 4272; baseline 0.008 -37"><span class='ocrx_word' id='word_1_239' title='bbox 15 4207 16 4238; x_wconf 64' lang='lat'><em>2</em></span> <span class='ocrx_word' id='word_1_240' title='bbox 114 4173 270 4253; x_wconf 70' lang='lat' dir='ltr'><strong>Qumsrro</strong></span> <span class='ocrx_word' id='word_1_241' title='bbox 282 4175 330 4238; x_wconf 74' lang='lat'><strong>2².</strong></span> <span class='ocrx_word' id='word_1_242' title='bbox 347 4209 392 4222; x_wconf 97' lang='lat'>—</span> <span class='ocrx_word' id='word_1_243' title='bbox 409 4169 498 4254; x_wconf 79' lang='lat' dir='ltr'><strong>Quid</strong></span> <span class='ocrx_word' id='word_1_244' title='bbox 507 4170 615 4261; x_wconf 76' lang='lat' dir='ltr'><strong>fucere</strong></span> <span class='ocrx_word' id='word_1_245' title='bbox 628 4165 741 4238; x_wconf 85' lang='lat' dir='ltr'><strong>debeat</strong></span> <span class='ocrx_word' id='word_1_246' title='bbox 748 4170 871 4262; x_wconf 78' lang='lat' dir='ltr'><strong>judea,</strong></span> <span class='ocrx_word' id='word_1_247' title='bbox 883 4172 1014 4262; x_wconf 81' lang='lat' dir='ltr'><strong>quondo</strong></span> <span class='ocrx_word' id='word_1_248' title='bbox 1025 4198 1220 4272; x_wconf 79' lang='lat' dir='ltr'><strong>reuseccep·</strong></span> 
     </span>
     <span class='ocr_line' id='line_1_33' title="bbox 15 4277 1222 4374; baseline 0.009 -30"><span class='ocrx_word' id='word_1_249' title='bbox 15 4295 16 4374; x_wconf 55' lang='lat' dir='ltr'>j</span> <span class='ocrx_word' id='word_1_250' title='bbox 74 4277 202 4348; x_wconf 69' lang='lat' dir='ltr'><strong>emnem</strong></span> <span class='ocrx_word' id='word_1_251' title='bbox 220 4278 369 4346; x_wconf 59' lang='lat' dir='ltr'><strong>cuminis</strong></span> <span class='ocrx_word' id='word_1_252' title='bbox 387 4277 525 4346; x_wconf 90' lang='lat' dir='ltr'><strong>civiliter</strong></span> <span class='ocrx_word' id='word_1_253' title='bbox 539 4279 666 4367; x_wconf 81' lang='lat' dir='ltr'><strong>sactum</strong></span> <span class='ocrx_word' id='word_1_254' title='bbox 682 4279 826 4368; x_wconf 81' lang='lat' dir='ltr'><strong>prodere</strong></span> <span class='ocrx_word' id='word_1_255' title='bbox 847 4301 912 4347; x_wconf 84' lang='lat' dir='ltr'><strong>non</strong></span> <span class='ocrx_word' id='word_1_256' title='bbox 924 4281 1059 4370; x_wconf 79' lang='lat' dir='ltr'><strong>potuit?</strong></span> <span class='ocrx_word' id='word_1_257' title='bbox 1075 4321 1119 4335; x_wconf 93' lang='grc'>-</span> <span class='ocrx_word' id='word_1_258' title='bbox 1139 4285 1222 4358; x_wconf 83' lang='lat' dir='ltr'><strong>lles-</strong></span> 
     </span>
    </p>
   </div>
   <div class='ocr_carea' id='block_1_6' title="bbox 0 0 1530 4984">
    <p class='ocr_par' dir='ltr' id='par_1_10' title="bbox 0 0 1530 4984">
     <span class='ocr_line' id='line_1_34' title="bbox 0 0 1530 4984; baseline 0 0"><span class='ocrx_word' id='word_1_259' title='bbox 0 0 1530 4984; x_wconf 95' lang='lat' dir='ltr'><strong> </strong></span> 
     </span>
    </p>
   </div>
  </div>
 </body>
</html>
