3050 4984
568 484 641 529 rans
665 483 809 527 asarmot.
1239 465 1257 525 7

115 608 258 677 cusando
279 607 383 675 arceri
406 628 470 675 non
493 604 637 697 expedit,
666 606 693 673 si
717 603 849 672 aliunde
871 603 1004 672 idoneas
1023 604 1064 671 de
1087 602 1259 672 commisso

117 714 231 783 delicto
261 715 468 806 probationes
496 713 620 781 afferat.
645 712 837 805 Respondeo
863 712 905 778 ad
928 711 1106 779 semcudum
1130 738 1141 777 :
1165 711 1261 779 debet

15 852 18 917 1,
118 820 248 912 quidem
271 821 339 888 dies
355 822 448 889 lactae
463 820 676 889 accusationis
689 820 850 911 exprimi;
865 820 909 885 ita
923 818 1084 886 indicante
1104 818 1258 905 formula,

119 930 152 996 in
167 930 237 1019 lege
260 929 460 998 Libellos-um
482 930 526 1018 (t,
544 928 580 998 ff.
603 928 643 996 cle
660 927 822 1018 Accusat.)
847 926 994 995 exhibita
1012 954 1020 994 z
1037 949 1078 994 an
1094 935 1205 995 autem
1225 949 1263 993 ea

121 1036 298 1105 formalitas
319 1036 359 1103 de
379 1037 559 1104 substantia
579 1035 793 1103 accusationis
812 1033 973 1102 censenda
988 1034 1041 1120 ait,
1062 1033 1105 1101 ita
1128 1042 1165 1100 ut
1183 1034 1264 1103 alio-

120 1143 197 1234 quin
226 1142 373 1211 nullitate
402 1143 526 1211 laboret
553 1142 772 1211 accusatorius
799 1140 940 1225 libellus,
971 1162 1038 1208 nou
1067 1138 1264 1208 concordant

121 1250 252 1317 omnino
265 1248 423 1318 doctores.
440 1248 538 1340 (Vide
550 1248 854 1337 Schmalrgruebcr,
865 1247 900 1314 in
910 1247 959 1314 tit.
974 1250 1005 1333 1,
1017 1247 1074 1314 lib.
1089 1252 1106 1313 5
1120 1250 1262 1332 Deerat,

121 1379 150 1421 n.
173 1358 245 1446 29.)
262 1355 454 1446 Respondeo
474 1356 515 1423 ad
532 1356 667 1423 tertium
685 1382 695 1421 .·
715 1378 781 1423 non
801 1377 869 1421 esse
885 1355 920 1420 in
939 1353 1048 1422 libello
1063 1356 1262 1423 accusatorio

120 1465 298 1532 necessario
316 1463 542 1555 apponendam
561 1463 815 1547 conclusionem,
838 1484 896 1529 seu
914 1483 1020 1553 poenae
1040 1460 1263 1530 determinatae

121 1571 324 1659 petitionem3
352 1572 430 1661 poni
454 1580 561 1639 tamen
586 1592 678 1662 posse
701 1568 782 1661 quin
804 1568 936 1637 vitietur
956 1569 1100 1638 libellus.
1125 1570 1173 1638 lta
1191 1593 1265 1638 sen-

120 1679 207 1746 tiunt
236 1678 383 1747 doctores
414 1679 641 1747 communiter.
675 1703 692 1741 a
720 1678 761 1745 Et
789 1677 851 1745 boc
881 1684 930 1744 cst
957 1675 1131 1744 discrimen
1164 1676 1266 1768 (addit

123 1814 138 1849 a
160 1786 466 1875 Sebmalzgrneber)
485 1786 569 1853 inter
584 1783 730 1853 libellum
747 1806 813 1876 qno
833 1782 1028 1875 proponitur
1048 1784 1130 1852 actio
1142 1785 1263 1863 civilis,

121 1920 138 1958 c
161 1902 194 1961 et
216 1894 301 1962 inter
320 1892 468 1961 libellum
491 1916 556 1985 quo
580 1891 772 1985 proponitur
795 1890 955 1959 accusatio
972 1917 980 1958 ι
997 1891 1032 1957 in
1054 1892 1168 1982 priori,
1192 1903 1266 1984 post

123 2029 138 2064 ι
162 2000 239 2069 lacti
252 2002 470 2068 narrationem
480 2008 512 2067 et
525 2022 655 2067 causam
666 1998 875 2089 explicatam,
891 1996 969 2087 poni
982 1996 1078 2064 debet
1086 1998 1261 2083 conclusio,

122 2136 138 2171 a
161 2116 201 2175 ut
223 2108 344 2175 sciatur
365 2106 446 2198 quid
471 2118 502 2177 et
525 2112 684 2199 quantum
712 2112 801 2173 actor
821 2112 921 2196 petat,
946 2126 1022 2173 cum
1044 2105 1078 2171 in
1098 2104 1202 2195 ipsius
1225 2107 1266 2173 sit

122 2242 139 2279 a
161 2214 298 2283 arbitrio
319 2214 370 2283 vel
392 2222 509 2300 totum,
531 2212 582 2281 vel
602 2220 726 2305 partem
747 2219 856 2302 petere
881 2238 888 2278 ε
910 2211 945 2279 in
965 2212 1134 2303 posteriori
1156 2221 1264 2280 antem

15 2360 17 2379 t
121 2344 137 2383 a
161 2318 284 2388 sufficit
309 2320 377 2388 sola
395 2319 472 2387 lacti
499 2318 642 2387 narratio
662 2327 693 2385 et
713 2316 868 2406 obligatio
891 2316 932 2384 ad
956 2316 1175 2406 probandum,
1196 2318 1266 2385 sine

122 2456 138 2491 a
161 2427 369 2497 conclusione
383 2427 424 2494 ad
440 2448 570 2517 poenam
579 2452 588 2511 ;
608 2425 686 2515 quia
701 2425 834 2515 quaudo
847 2431 972 2492 constat
984 2422 1025 2491 de
1042 2423 1171 2512 delicto,
1187 2434 1266 2494 tnnc

122 2560 138 2598 a
160 2534 216 2601 lex
238 2535 309 2624 ipsa
326 2534 403 2601 facit
421 2532 661 2601 conclusionem
684 2530 725 2599 ad
748 2553 890 2623 prauam,
912 2554 1010 2623 quam
1030 2531 1194 2600 remittere
1215 2535 1267 2603 vel

15 2662 20 2705 t
123 2668 138 2705 ι
162 2640 325 2710 moderari
340 2662 406 2708 non
418 2640 516 2708 estin
531 2637 725 2708 accusatoris
740 2646 907 2729 potestate.
922 2662 940 2703 o
962 2639 1010 2728 {ln
1026 2639 1075 2707 tit.
1103 2643 1116 2705 t
1125 2690 1134 2724 ,
1154 2640 1229 2707 libri
1247 2646 1263 2707 5

203 2758 247 2816 et.
277 2770 310 2815 n.
330 2750 393 2815 35:

120 2752 216 2923 ⁰0de
237 2762 411 2925 fbrmularir
432 2862 540 2923 autem
564 2853 666 2923 libelli
688 2854 880 2923 accusatorii
903 2854 990 2945 quod
1013 2854 1139 2940 attinet,
1161 2877 1265 2923 vene-

15 2972 17 2985 '
119 2965 230 3032 randae
244 2964 409 3033 vetustatis
421 2972 468 3031 cst
476 2985 575 3054 quam
587 2961 726 3031 afferunt
736 2962 893 3031 Ballerini
905 2963 1267 3053 fratres(sauctiLeonis

124 3076 281 3162 Operum,
298 3082 385 3139 tomo
401 3076 433 3157 3,
446 3094 480 3162 p.
496 3070 591 3159 299);
610 3092 708 3161 quam
724 3078 756 3137 et
770 3070 907 3137 inseruit
920 3070 1038 3156 blansi,
1052 3070 1087 3136 in
1101 3093 1160 3137 sna
1174 3073 1266 3140 Gon-

120 3179 272 3247 caliorum
287 3178 469 3247 collectione
490 3178 581 3268 (tom.
602 3180 656 3263 16,
673 3177 734 3245 col.
760 3179 853 3267 896),
875 3176 996 3245 tenoris
1011 3199 1127 3267 nempe
1148 3177 1265 3270 hujus-

15 3260 18 3313 l
121 3284 246 3354 cemodi
262 3314 269 3353 :
285 3285 451 3377 Eupenius
461 3289 568 3377 Papo.
581 3284 777 3366 DieMartis,
789 3283 1084 3375 upudpraedictum
1092 3284 1267 3354 domiuum

122 3394 311 3485 Eupenium
335 3396 475 3483 Papam,
500 3392 663 3459 lebannes
677 3392 848 3483 presbyter
863 3392 1030 3482 professus
1044 3403 1102 3472 est,
1119 3414 1152 3460 se
1172 3395 1267 3460 Lan-

119 3504 274 3589 frcmcum
305 3503 332 3567 T
330 3501 501 3569 icinerrsem
530 3498 732 3590 Episcopum
764 3498 833 3590 lepe
866 3519 1029 3566 ramnum
1058 3498 1098 3566 de
1126 3500 1267 3569 simmia

15 3672 16 3681 ι
122 3630 215 3675 reum
230 3606 352 3697 deferre
358 3632 371 3689 ,·
386 3606 474 3698 quod
488 3606 588 3689 dicat,
605 3628 679 3675 eum
693 3628 767 3673 cum
781 3606 910 3673 Alberto
923 3604 1071 3688 diacono,
1089 3607 1124 3674 iu
1138 3607 1270 3677 deitate

123 3714 282 3797 Nonoriu,
300 3712 397 3783 domo
413 3714 505 3782 Petri
523 3714 611 3804 Rufi,
630 3736 737 3781 mense
755 3713 874 3804 Aprili,
899 3716 996 3803 Papa
1011 3712 1113 3781 Lucio
1132 3738 1221 3783 euno
1237 3720 1265 3802 I,

123 3822 315 3889 commisisse
335 3820 522 3889 simonium.
552 3822 626 3912 Epo
649 3820 813 3888 lebannes
836 3820 1007 3911 presbyter
1029 3822 1190 3912 profiteor
1216 3846 1268 3890 me

123 3930 225 4020 bojas
239 3928 341 3997 libelli
355 3942 533 3997 auctorem.

167 4038 258 4104 Patet
272 4034 355 4103 banc
369 4034 545 4103 formulam
557 4032 597 4102 ad
610 4032 751 4103 Romani
761 4033 848 4125 juris
860 4056 1010 4103 normam
1022 4033 1124 4103 luisse
1136 4036 1271 4105 concin-

16 4136 17 4139 '
126 4154 248 4213 natam

170 4254 289 4321 Tnaru
312 4274 463 4323 courum.
486 4290 531 4304 -·
547 4252 678 4344 Appoui
691 4252 724 4319 m
747 4250 854 4322 libello
871 4250 962 4320 debet
980 4251 1182 4345 subscriptio,
1206 4277 1272 4347 quo
