3050 4984
554 506 629 552 ems
652 506 797 553 secanae.
1179 490 1236 555 531

101 624 252 694 bebimus
272 630 303 694 1·
326 625 499 694 formidem
515 626 651 719 triplicis
665 629 849 708 monitorii;
876 631 909 694 2⁰
930 627 1106 699 formalem
1129 631 1239 702 moni-

102 734 179 801 torii
208 733 312 804 tribus
339 735 582 825 equivalentis3
613 740 646 803 3⁰
669 735 844 805 formalem
870 758 1022 804 censuras
1049 737 1176 807 ferendi
1205 739 1240 807 in

102 849 328 909 contumacem
347 849 481 926 testem;
505 845 539 909 4⁰
565 841 739 910 formulam
759 842 948 912 absolvendi
965 851 1076 912 testem
1093 856 1242 916 acontu-

103 949 211 1016 meoia
230 970 416 1032 reversum3
445 953 477 1016 5⁰
499 948 677 1018 formulam
698 949 850 1018 eumdem
863 951 932 1042 jam
955 951 1141 1021 absolutum
1162 977 1241 1021 exa-

101 1054 269 1143 minandi3
294 1059 327 1123 6⁰
351 1055 569 1148 adjungemus
585 1057 725 1125 formem
745 1057 903 1148 puniendi
925 1065 1037 1128 testem
1057 1059 1241 1130 irreveren-

101 1170 168 1230 tem
183 1169 215 1231 et
228 1163 425 1254 pertinacem
437 1163 516 1233 dum
530 1164 748 1233 examinetur.

635 1390 703 1480 gl.

132 1550 253 1601 Formule
268 1548 378 1618 triplicis
394 1549 567 1615 praemittendi
584 1549 719 1600 monitorii
739 1552 876 1614 antequem
895 1550 1020 1601 sententio
1034 1550 1060 1600 in
1074 1554 1166 1602 testem
1180 1557 1208 1604 ut

518 1634 698 1682 contumacem
718 1629 823 1680 teretur.

148 1795 180 1861 1.
196 1794 318 1862 Poterit
332 1794 436 1885 primo
450 1793 558 1865 citatio
571 1792 786 1862 monitorielis
798 1792 859 1862 hoc
874 1793 970 1863 modo
984 1795 1169 1866 concinnari
1186 1825 1194 1867 ε

151 1962 169 2003 a
194 1939 262 2008 Nos
280 1939 339 2018 Ν.,
355 1935 611 2006 reverendissimi
632 1937 788 2028 Episcopi
811 1940 869 2018 Ν.,
895 1935 1039 2006 Vicarius
1059 1941 1241 2030 gemeretis,-

101 2065 178 2112 cum
190 2055 311 2113 constet
325 2043 497 2112 dominum
522 2045 580 2123 Ν.,
604 2042 651 2112 ad
673 2041 927 2134 comparendum
954 2056 1115 2135 tanquam
1128 2059 1241 2115 testem

100 2174 214 2220 eoram
239 2151 341 2221 Nobis
349 2150 569 2244 personaliter
590 2149 743 2231 citatum,
766 2149 936 2240 assipnata
956 2149 1009 2219 die
1027 2173 1092 2220 non
1106 2175 1242 2244 compa-

99 2259 213 2340 ruisse,
231 2281 286 2326 nec
297 2280 359 2348 per
379 2269 631 2350 procuratorem
653 2255 838 2324 absentiam
854 2278 1019 2324 eamsasse
1045 2257 1124 2348 (vel,
1142 2259 1170 2326 si
1196 2261 1242 2329 ite

100 2371 156 2456 sit,
180 2379 319 2461 ponatur
342 2396 350 2436 ι
378 2368 495 2438 nuntio
519 2367 618 2435 curie
632 2379 751 2435 nostre
773 2366 963 2436 citationem
982 2367 1156 2436 intimanti
1170 2392 1240 2438 res-

92 2477 260 2570 pondisse,
278 2501 312 2546 se
326 2476 409 2545 nihil
430 2498 503 2544 cum
520 2474 613 2543 curie
625 2474 802 2565 episcopali
817 2473 1003 2543 faciendum
1026 2475 1158 2563 habere,
1181 2499 1241 2546 nec

100 2585 143 2654 ed
159 2608 229 2653 eom
239 2583 489 2677 perrecturum);
509 2580 708 2650 intendentes
717 2581 821 2671 ipitur
835 2581 872 2649 in
887 2582 988 2650 talem
1000 2583 1240 2654 contumaciam

94 2706 201 2785 prout
214 2692 254 2761 de
262 2695 344 2784 jure
351 2690 537 2784 procedere,
551 2692 736 2782 prefatum
750 2688 924 2757 dominum
941 2694 977 2762 N
978 2743 1000 2772 .‚
1019 2692 1241 2760 monitoriali-

101 2814 151 2869 ter
163 2801 305 2869 citamus
320 2799 366 2868 ad
387 2796 643 2890 comparendum
666 2819 777 2866 eoram
797 2797 898 2868 Nobis
923 2797 1013 2882 intra
1028 2797 1136 2866 decem
1160 2797 1239 2888 dies,

100 2908 143 2975 ab
166 2907 374 2976 intimatione
396 2905 610 2997 presentium
636 2903 701 2995 ipsi
720 2905 826 2994 sacta,
849 2903 1083 2995 computandos
1112 2931 1123 2972 :
1150 2905 1241 2974 intra

99 3013 190 3106 quod
208 3026 347 3105 tempus,
367 3034 430 3103 pro
449 3013 560 3103 primo
589 3011 728 3078 termino
753 3011 786 3078 ei
801 3009 1017 3100 assipnutum,
1036 3009 1066 3078 si
1080 3009 1241 3101 (lepitima

98 3145 166 3190 non
178 3119 371 3212 impediente
383 3117 494 3208 causa)
513 3141 580 3186 non
589 3116 751 3209 paruerit,
769 3117 896 3184 noverit
919 3119 986 3186 Nos
1002 3117 1139 3186 ulterius
1165 3141 1240 3188 eon-

100 3242 155 3296 tra
167 3229 278 3318 ipsum
291 3239 330 3295 ut
344 3239 568 3295 contumacem
579 3246 794 3316 processuros.
811 3226 978 3294 Datum...
995 3261 1039 3276 —
1057 3228 1115 3309 Ν.,
1147 3226 1241 3296 Vica-

98 3336 168 3404 rius
182 3335 353 3426 peneralis.
366 3373 411 3387 -
425 3336 469 3408 N.
474 3387 486 3428 ³.
502 3331 681 3401 actuarius.
696 3357 714 3396 o
822 3321 825 3330 ’

144 3479 268 3548 Poterit
282 3485 390 3558 eutem
408 3475 465 3546 ille
485 3473 697 3544 monitorialis
717 3475 826 3544 citatio
847 3475 1030 3546 executioni
1050 3473 1241 3547 demandari

99 3596 131 3656 et
145 3587 181 3654 in
193 3587 272 3654 actis
284 3584 398 3654 referri
415 3584 474 3652 hoc
489 3582 585 3650 modo
603 3609 610 3648 :

147 3757 164 3795 ι(
180 3731 276 3811 Cum,
296 3727 336 3796 de
349 3725 509 3796 mandato
526 3723 693 3794 reverendi
713 3727 771 3807 Ν.,
802 3725 920 3794 Vicani
934 3726 1104 3815 poteratis,
1122 3727 1240 3798 citatus

93 3839 209 3931 suisset
224 3836 377 3905 dominus
391 3838 452 3917 Ν.,
474 3833 520 3904 ad
533 3833 791 3925 comparendum
815 3845 846 3900 ct
862 3832 1102 3924 testificandum
1118 3834 1153 3901 in
1177 3836 1241 3904 hac

96 3967 211 4026 causa,
241 3943 349 4012 noluit
371 3965 501 4035 parcre,
527 3939 585 4010 scd
609 3939 695 4009 diait
709 3940 826 4008 nuntio
857 3940 1045 4010 citationem
1071 3940 1135 4032 ipsi
1161 3941 1240 4011 inti-

96 4052 218 4133 manti,
234 4073 267 4120 se
280 4049 367 4118 nillil
389 4048 513 4139 nepotii
527 4045 645 4116 habere
666 4070 742 4115 cum
764 4050 906 4138 prefato
933 4047 1060 4116 Vicetia
1081 4050 1238 4136 pcnerali.

104 4159 219 4230 Veiens
233 4158 335 4249 ipitur
350 4157 437 4226 Mein
450 4153 642 4224 reverendus
661 4155 808 4224 Vicanius
821 4155 981 4244 petenatis
996 4155 1030 4222 in
1046 4155 1146 4223 talem
1162 4179 1240 4225 coec-

98 4266 282 4338 tumaeiam
293 4277 395 4355 prout
409 4263 449 4332 de
457 4265 538 4354 jure
546 4260 732 4356 procedere,
752 4260 926 4353 expedivit,
952 4273 983 4328 et
1004 4263 1146 4353 prefato
1168 4266 1241 4336 testi
