3050 4984
565 514 640 561 runs
662 514 808 561 saeuum.
1191 493 1250 561 ‘tlt

108 633 337 726 appellationis
346 633 491 726 judicem
507 656 603 703 cause
618 632 778 703 nullitatis
800 636 968 703 sententia
987 632 1163 723 deleratur,
1191 656 1258 703 non

110 749 222 810 autem
237 740 279 809 ad
291 739 436 832 judicem
450 741 508 833 qui
528 740 721 809 senteutiam
737 740 870 809 nulliter
885 740 1123 833 pronuntiavit,
1142 742 1176 811 iu
1191 742 1258 812 du-

110 848 206 917 bium
220 850 365 917 revocari
381 848 505 941 nequit.
523 849 563 917 Et
579 850 694 918 merito
714 847 847 940 quidem
861 850 907 917 ita
929 849 991 917 luit
1006 850 1127 940 ubique
1139 850 1259 919 induc-

112 962 185 1023 tum
200 983 208 1024 :
226 978 305 1024 uam
326 956 540 1048 quantumvis
562 979 677 1025 verum
693 956 746 1041 sit,
771 955 988 1047 metaphysica
1009 956 1184 1048 loquendo,
1201 979 1260 1050 per

112 1063 308 1132 senteutiam
323 1064 470 1133 nullitate
482 1063 685 1133 laborantem
700 1061 844 1155 judicem
861 1085 926 1131 non
949 1064 1043 1153 iungi
1057 1062 1162 1133 officio
1175 1088 1256 1147 suo;

112 1192 152 1237 ac
168 1168 308 1260 proinde
322 1170 413 1261 (dum
428 1170 578 1239 eamdem
590 1189 722 1239 causam
738 1169 857 1239 iterum
870 1169 1006 1261 judicat)
1020 1192 1086 1238 nou
1101 1173 1260 1240 committi

113 1277 234 1346 vitium
248 1276 337 1369 quod
351 1284 466 1346 vocant
476 1276 524 1346 bis
534 1277 569 1345 ia
580 1276 668 1345 idem
675 1300 689 1359 ;
700 1276 808 1369 quood
824 1276 956 1368 praxim
965 1284 1074 1345 tamen
1083 1286 1114 1345 et
1128 1278 1259 1347 effectus

112 1383 192 1453 inde
202 1391 384 1476 sequentes,
395 1384 482 1451 idem
499 1384 658 1474 contingit
667 1405 704 1452 ac
714 1383 741 1451 si
754 1383 873 1452 vitium
887 1383 966 1452 illud
983 1406 1097 1453 revere
1110 1386 1260 1455 commit·

112 1498 249 1559 teretur.
267 1491 344 1559 Esto
358 1490 493 1559 rrulliter
502 1490 683 1582 judecasse,
697 1490 732 1557 in
748 1489 859 1583 aliquo
873 1513 971 1559 seusu
985 1491 1070 1561 idem
1083 1492 1127 1561 sit
1141 1515 1177 1560 ac
1192 1515 1258 1561 noa

105 1598 306 1691 judicasse:
326 1621 444 1667 verum
466 1595 679 1667 nihilominus
699 1610 857 1686 remanet,
872 1596 1014 1689 judicem
1034 1596 1128 1669 illum
1143 1622 1260 1692 perpe-

113 1730 186 1775 ram
206 1706 444 1797 pronuntiasse.
467 1706 570 1774 Porru
590 1703 631 1773 ad
653 1700 880 1794 corrigendam
897 1727 1032 1797 pravam
1051 1708 1257 1793 sententiam,

113 1814 291 1906 ipsummet
303 1812 438 1881 rationis
453 1808 613 1881 dictamen
630 1810 753 1880 indicat
768 1812 1003 1881 recurrendum
1017 1814 1123 1905 potius
1137 1836 1205 1884 esse
1217 1814 1259 1883 ad

110 1919 254 2012 judicem
267 1920 481 2012 superiorem,
493 1941 592 2011 quam
604 1918 645 1987 ad
657 1918 751 1987 illum
767 1916 874 2008 ipsum
891 1918 946 2011 qui
961 1920 1093 1989 erravit.
1108 1920 1178 1989 Hoc
1189 1921 1260 2012 ipso

114 2029 206 2096 euim
235 2027 322 2120 quod
351 2027 521 2116 erraverit,
545 2026 690 2117 legitime
715 2026 928 2118 praesumitur
948 2026 1068 2095 iterum
1090 2049 1260 2120 perperam

115 2134 403 2227 pronuntiaturus;
420 2132 508 2202 uude
523 2134 727 2225 aliquatenus
741 2132 872 2201 dedecet
888 2142 920 2201 et
934 2132 1020 2202 bono
1035 2134 1166 2226 publico
1181 2158 1259 2205 ouu-
1365 2143 1367 2153 “

114 2243 252 2311 trarium
263 2252 322 2330 est,
333 2251 371 2312 ut
384 2244 418 2311 iu
427 2241 571 2336 judicem
583 2238 692 2335 quoad
707 2241 854 2311 eamdem
865 2264 996 2311 carmem
1009 2244 1131 2311 assumi
1140 2246 1241 2335 possit
1248 2272 1258 2332 ;

115 2373 192 2418 cum
208 2348 340 2419 aliunde
354 2357 461 2443 pateat
475 2350 627 2443 superius
642 2348 798 2438 tribunal,
816 2346 915 2419 nullis
930 2349 1090 2441 ejusmodi
1103 2351 1260 2419 inconve-

115 2458 282 2527 nientibus
296 2458 490 2527 obnoxium.

160 2568 305 2649 Quane
316 2570 362 2634 3⁸.
377 2605 421 2618 -
433 2568 525 2633 latro
537 2564 628 2659 quod
640 2577 770 2657 tempus
777 2566 1031 2659 proponipossit
1043 2568 1173 2659 querela
1185 2568 1261 2637 uul-

114 2673 222 2742 litotis
233 2673 419 2741 sententia?
432 2711 477 2725 -
494 2700 511 2737 a
528 2671 635 2739 Potest
650 2670 713 2739 dici
729 2668 770 2740 de
786 2670 933 2740 nullitate
949 2671 1106 2763 usquead
1126 2672 1261 2763 triginta

119 2804 138 2844 c
161 2800 279 2865 annos;
294 2778 429 2845 sednon
442 2778 544 2865 ultra,
559 2800 636 2845 cum
647 2776 757 2845 omnia
766 2777 848 2845 actio
858 2775 944 2846 dicto
958 2786 1018 2847 tem
1023 2802 1101 2870 pore
1109 2780 1260 2871 praescri-

119 2911 138 2949 a
161 2884 268 2952 batur.
289 2910 306 2949 a
324 2883 524 2975 (pellegrini,
543 2891 632 2974 parte
653 2886 684 2969 3,
710 2890 786 2950 sect.
805 2886 836 2967 l,
858 2906 891 2951 n.
911 2886 977 2973 58.)
993 2884 1188 2952 Admittitur
1204 2906 1261 2975 ge·

114 2989 318 3060 ueralishmc
328 2988 650 3081 regulaunanimitcr
661 3012 680 3056 a
691 2989 890 3058 doctoribus.
907 2989 1001 3082 (Vide
1011 2989 1261 3081 Schmalzgrue-

114 3098 189 3183 ber,
206 3097 241 3164 in
256 3096 305 3164 tit.
322 3098 377 3183 27,
395 3095 505 3164 libril
525 3096 635 3184 licen,
656 3119 690 3163 u.
714 3099 755 3163 64
763 3122 773 3182 3
791 3117 917 3163 necnon
941 3096 1059 3185 Engel,
1076 3094 1111 3163 iu
1127 3096 1177 3164 tit.
1203 3099 1259 3181 28,

114 3204 175 3273 lib.
194 3204 335 3289 2Decr.,
354 3227 387 3271 n.
401 3205 446 3291 7.)
459 3202 615 3295 Sequitur
627 3224 668 3271 ex
684 3225 723 3271 eo
737 3200 825 3294 quod
836 3204 995 3272 sententia
1007 3203 1155 3272 nullitate
1171 3202 1262 3271 labo-

116 3332 196 3379 raus
207 3311 241 3376 in
258 3330 327 3377 rem
339 3307 521 3401 judicatam
534 3330 704 3401 uunquam
715 3315 868 3394 trauseat,
887 3315 984 3399 prout
996 3307 1093 3375 etiam
1105 3308 1261 3376 adnotant

117 3416 265 3486 doctores
278 3415 505 3483 communiter.
523 3414 576 3483 Ab
586 3437 625 3484 ea
638 3437 718 3483 vero
733 3414 878 3505 generali
891 3416 1006 3505 regula
1021 3413 1142 3506 excipit
1156 3413 1262 3483 Pelle-

117 3522 235 3615 grinus
252 3522 333 3614 (loco
348 3522 455 3613 citato)
468 3528 637 3613 sequentes
646 3544 740 3590 casus
755 3549 762 3589 z
778 3526 810 3589 1ο
823 3522 850 3588 si
863 3520 995 3589 nullitas
1011 3519 1191 3591 deducatur
1206 3544 1262 3614 per

119 3629 256 3699 modum
271 3628 488 3720 exceptionis;
506 3628 583 3720 quia
597 3637 676 3696 tunc
691 3652 756 3696 non
771 3626 929 3697 limitatur
945 3628 986 3697 ad
1004 3632 1044 3696 30
1061 3651 1176 3715 anuos,
1187 3651 1262 3696 cum
1368 3642 1369 3647 ’

118 3760 233 3806 omnes
247 3736 453 3828 exceptiones
467 3734 533 3803 sint
547 3744 729 3827 perpetuae;
744 3740 778 3802 2⁰
792 3733 923 3827 quaudo
937 3744 1027 3805 actus
1042 3744 1090 3805 est
1105 3736 1174 3829 ipso
1187 3736 1261 3828 jure

118 3844 244 3926 nullus,
265 3842 375 3936 «quia
394 3851 472 3912 tuuc
494 3842 592 3911 etiam
611 3850 767 3934 perpetuo
792 3850 896 3933 potest
917 3842 957 3911 de
977 3839 1123 3912 nullitate
1142 3841 1222 3921 diai;
1241 3872 1258 3908 n

120 3956 155 4019 3⁰
175 3949 306 4043 qnando
328 3972 386 4041 per
408 3958 565 4018 statutum
589 3947 639 4017 vel
656 3971 715 4041 per
737 3946 1004 4018 cousuetudinem
1024 3948 1116 4017 aliter
1140 3949 1260 4020 alieubi

117 4058 364 4150 disponeretur3
383 4060 417 4124 t⁰
435 4055 595 4149 «quando
612 4055 742 4124 nullitas
758 4057 945 4148 proveniret
959 4079 1001 4124 cx
1016 4054 1142 4124 defectu
1155 4056 1252 4149 juris·

122 4194 141 4232 c
164 4163 315 4233 dictionis
327 4163 380 4233 vel
395 4162 558 4242 mandati;
573 4162 651 4255 quia
664 4171 740 4231 tuuc
751 4186 855 4259 usque
867 4162 908 4230 ad
922 4162 1008 4233 mille
1020 4163 1171 4235 enneade
1186 4165 1259 4233 nul-

123 4301 141 4339 «
164 4272 253 4346 litate
267 4270 330 4341 dici
346 4276 461 4368 potest.
479 4295 497 4335 a
