3050 4984
302 477 364 542 tto
673 495 850 544 reimarus
872 497 911 542 nr
932 495 1065 543 Junrcns.

342 619 443 687 Nota.
472 655 518 669 -
541 617 711 688 Sustinent
733 617 827 686 multi
850 618 1026 688 canonistae
1051 637 1221 710 processus
1246 617 1432 710 publicatio-

298 745 374 792 nem
395 745 464 792 esse
484 723 526 793 do
551 724 817 794 substantialibus
837 723 993 796 ordinarii
1014 724 1141 816 judIoii,
1169 747 1207 793 ao
1230 725 1376 816 proinde
1397 725 1432 793 ad

296 830 441 900 calorem
454 832 588 900 omnino
605 831 740 924 requiri.
759 831 827 902 Atii
842 840 959 925 putant
981 831 1199 902 necessarium
1219 854 1292 902 esse
1312 839 1433 902 tautum

298 945 336 1006 ut
354 938 549 1008 concedatur
563 960 619 1007 reo
633 937 726 1030 copia
740 947 885 1008 actuum.
904 939 1037 1009 Certum
1056 947 1104 1008 est
1123 939 1237 1009 multis
1252 941 1290 1008 in
1311 941 1435 1010 ossibus

297 1044 436 1136 longum
453 1045 524 1115 Iore
537 1052 628 1114 ectus
647 1067 762 1114 omnes
783 1044 910 1135 legerc3
928 1054 960 1116 et
978 1045 1110 1116 aliunde
1129 1045 1190 1115 hoc
1208 1045 1346 1116 videtur
1364 1049 1434 1116 satis

297 1152 424 1240 iuutde,
443 1175 519 1221 cum
534 1176 590 1221 reo
603 1151 795 1221 eorumdem
811 1161 942 1221 actuum
957 1153 1049 1244 copia
1068 1152 1224 1222 tradatur.
1243 1154 1345 1224 Unde
1361 1155 1435 1224 mihi

298 1258 427 1329 videtur
441 1261 550 1352 potius
562 1259 798 1352 supprimenda
811 1257 940 1352 publice
951 1258 1022 1330 heac
1036 1269 1168 1332 actuum
1181 1259 1290 1332 lectio.

706 1502 851 1574 CAPUT
870 1503 1025 1576 XXVIII.

399 1697 503 1744 round
524 1697 710 1746 mucronum
733 1698 793 1746 uteo
817 1697 1036 1759 nuruuslottmt,
1060 1697 1171 1748 coetera
1195 1701 1336 1768 emuna,

726 1819 765 1863 ET
788 1817 962 1864 retundunt.

344 1972 495 2042 «Valens
519 1973 654 2066 insuper
670 1976 835 2066 prefatas
856 1974 1002 2045 Vicaritn
1026 1975 1186 2067 pennalis
1210 1976 1353 2046 domina
1376 1983 1440 2049 An-

297 2077 383 2149 dreae
397 2084 440 2153 N.
457 2103 512 2150 reo
532 2081 645 2151 omnia
660 2082 707 2152 ad
719 2083 821 2175 ipsius
835 2083 1051 2176 defensionem
1071 2083 1265 2167 necessaria,
1286 2101 1393 2178 proed
1406 2088 1440 2156 de

290 2188 383 2278 jare,
400 2187 580 2271 concedere,
598 2191 776 2259 terminum
799 2203 870 2260 octo
896 2192 958 2282 (vel
972 2191 1057 2260 alius
1079 2200 1219 2282 ponetur
1234 2205 1440 2285 opportunus

297 2297 468 2388 terminus)
488 2296 618 2366 dinam
645 2297 692 2366 ad
710 2298 939 2390 producendas
963 2321 1039 2368 suas
1066 2297 1267 2391 descensiones
1288 2304 1443 2392 praesenti

295 2403 420 2472 decreto
433 2403 579 2496 asdpreat
602 2432 613 2473 :
629 2405 709 2475 item
723 2404 879 2490 concedit,
896 2418 933 2475 at
948 2404 1035 2476 idem
1049 2429 1121 2476 retas
1129 2419 1323 2499 patronum
1339 2410 1443 2501 (idest

297 2510 501 2602 advocatum)
518 2535 615 2604 quern
635 2512 791 2585 maluerit
811 2513 873 2582 sibi
897 2513 1013 2607 stipere
1035 2513 1143 2582 valeat
1168 2541 1179 2580 :
1202 2514 1288 2584 item
1313 2529 1354 2586 nt
1371 2541 1444 2609 pos·

297 2619 339 2686 sit
353 2620 418 2711 ipsi
432 2620 731 2712 etipsinspotrona
744 2621 928 2713 copiosiori
942 2634 1077 2690 actuum
1087 2621 1252 2713 publicati
1256 2647 1441 2715 processus,

297 2727 416 2818 absque
431 2727 561 2796 nominc
576 2738 688 2797 tamen
703 2729 838 2799 rescirem
865 2755 875 2796 :
898 2729 987 2812 item,
1014 2729 1043 2796 si
1065 2727 1171 2798 dicem
1194 2752 1273 2800 rens
1301 2755 1444 2824 represso

297 2833 521 2916 declaraverit,
537 2857 570 2904 sc
585 2847 688 2918 testes,
701 2859 767 2928 pro
782 2837 1016 2927 informatione
1028 2837 1129 2905 curie
1143 2837 1373 2924 acuminatos,
1389 2841 1445 2910 Ito·

298 2941 370 3009 berc
385 2964 450 3032 pro
475 2941 619 3032 lepite'me
642 2943 761 3026 citatis
791 2941 942 3012 admissis
968 2955 999 3010 et
1014 2943 1210 3012 examinatis
1228 2945 1321 3037 (qum
1336 2956 1445 3017 tamen

296 3048 468 3119 declaratio
484 3072 550 3118 non
567 3049 656 3120 tollet
668 3050 731 3142 ipsi
742 3051 798 3141 jus
813 3048 995 3142 excipiendi
1011 3057 1043 3120 et
1059 3049 1289 3143 repetitionem
1312 3055 1445 3124 taefium

297 3156 477 3248 exigendi),
495 3171 533 3227 nt
547 3157 684 3228 nomina
698 3158 799 3226 ctiam
814 3158 947 3226 testium
959 3156 1024 3249 ipsi
1038 3169 1068 3228 et
1081 3157 1182 3250 ipsius
1194 3170 1347 3248 patrono
1355 3185 1446 3254 pmi-

297 3265 432 3336 dantar.
450 3268 531 3334 Acta
552 3278 631 3334 sunt
656 3265 726 3336 daec
747 3265 799 3334 die
881 3266 999 3334 mensis
1080 3266 1202 3334 anni...
1228 3305 1277 3318 -
1292 3271 1372 3360 Epa
1389 3273 1444 3350 N„

306 3373 453 3442 Vicarius
465 3375 637 3464 pancratis.
651 3411 696 3425 -
709 3376 783 3464 Epo
795 3376 853 3455 N„
871 3371 1053 3442 actuarius.
1071 3397 1088 3438 o

300 3555 306 3571 ·
342 3521 432 3590 Nota
449 3520 478 3585 t.
495 3517 611 3586 -Est
624 3518 659 3585 in
673 3525 829 3610 potestate
844 3516 965 3610 judicis
983 3516 1158 3586 concedere
1173 3517 1226 3587 vel
1245 3540 1387 3610 negare,
1413 3531 1446 3590 ut

297 3625 431 3694 nomina
449 3626 599 3711 testium,
625 3646 685 3717 pro
704 3623 934 3693 informatione
955 3625 1058 3693 eurise
1081 3625 1368 3714 examinatorum,
1395 3649 1447 3697 reo

297 3731 590 3800 communicentur.
606 3731 707 3800 Debet
721 3730 755 3801 id
770 3751 890 3820 negare
904 3729 1036 3823 quaudo
1049 3739 1098 3801 est
1116 3731 1302 3822 periculum
1326 3735 1448 3804 subor-

298 3839 439 3908 nationis
464 3837 517 3908 rel
544 3837 727 3908 vexationis
751 3837 859 3930 quoad
889 3838 1031 3931 aliquem
1060 3845 1173 3907 testem
1201 3865 1210 3907 ι
1237 3837 1321 3908 alias
1354 3842 1448 3911 debet

300 3947 486 4017 concedere.
508 3946 583 4016 Non
602 3945 756 4015 concedat
777 3953 887 4014 autem
906 3945 972 4014 nisi
994 3945 1055 4014 sub
1073 3943 1263 4014 conditione
1284 3971 1392 4040 quam
1415 3951 1446 4016 in

299 4053 443 4126 formale
465 4052 648 4144 posuimus.
672 4053 738 4122 Nec
758 4052 925 4121 existimet
943 4051 1017 4144 quis
1035 4051 1287 4142 denegationem
1303 4077 1379 4126 esse
1398 4058 1447 4125 in·

299 4160 433 4252 justam,
453 4183 530 4229 oum
553 4160 694 4242 libertas,
709 4158 909 4229 defensionis
931 4160 1042 4249 exigat
1058 4167 1097 4228 ut
1116 4181 1194 4228 reus
1218 4163 1322 4252 possit
1335 4175 1448 4235 eontra

300 4275 394 4336 testes
412 4266 574 4361 excipere,
591 4267 679 4360 quod
698 4275 806 4337 tamen
828 4265 932 4338 Iacere
955 4266 1068 4360 nequit
1089 4265 1152 4336 uisi
1172 4289 1292 4339 eorum
1315 4273 1448 4342 nomin
