3050 4984
15 477 22 564 l
517 562 593 609 rans
620 563 764 611 11111111.
1147 540 1207 609 tot

77 677 259 769 legitimitas
282 704 323 749 ex
346 684 449 774 capite
472 685 617 753 Causam
637 688 674 768 3,
695 693 727 750 et
748 705 790 752 ex
811 684 914 774 capite
935 686 1018 753 Cum
1039 680 1148 752 dilecti
1172 690 1209 769 6,

78 787 170 873 (tituli
196 792 250 873 rt,
274 788 351 857 libri
373 794 392 856 2
413 790 661 878 Decretalium);
687 811 813 858 necnon
837 790 970 879 exlege
997 792 1212 861 Contumaciu

80 898 140 979 113,
160 895 196 963 u.
217 894 319 964 delle
331 896 515 986 judicatu),
537 906 634 987 prout
654 898 714 965 hos
730 897 816 988 juris
836 906 944 965 textus
963 898 1085 987 legenti
1103 908 1212 989 aperte

15 2041 21 2100 l

79 1000 207 1089 patebit.

116 1107 263 1188 Quasno
277 1114 323 1177 2².
341 1147 386 1161 -
402 1110 589 1200 Quotuplcu
609 1110 835 1201 distiupuutur
854 1111 1081 1179 coutumacia?
1099 1150 1143 1163 -
1157 1112 1214 1179 Di·

80 1214 197 1283 riditur
222 1217 439 1284 communiter
465 1217 500 1283 in
528 1240 639 1284 oerum
668 1225 701 1284 et
725 1230 976 1308 praesumptum.
1004 1218 1216 1288 Contumacia

81 1344 149 1389 ocra
164 1322 296 1407 dicitur,
310 1346 384 1391 cum
400 1324 475 1413 quis
488 1325 703 1414 peremptorie
714 1325 842 1409 citatus,
856 1334 888 1391 et
896 1325 1057 1392 citationis
1066 1326 1215 1394 notitiam

80 1428 210 1515 habens,
222 1452 410 1520 comparere
420 1431 542 1514 renuit,
556 1429 647 1498 nullo
658 1430 766 1521 ipsum
783 1438 958 1498 excusante
970 1430 1213 1520 impedimento.

81 1534 200 1603 Dicitur
214 1545 323 1603 autem
333 1548 540 1626 praesumpta
555 1558 612 1604 seu
633 1539 720 1623 licta,
736 1536 867 1627 quando
887 1536 1026 1604 dubium
1043 1547 1102 1622 est,
1118 1559 1160 1603 an
1176 1536 1218 1605 ad

81 1642 208 1710 citatum
224 1651 256 1710 et
270 1664 336 1710 non
349 1651 589 1733 comparentem
605 1643 765 1712 citationis
781 1644 893 1711 notitia
909 1644 1114 1735 pervenerit:
1130 1643 1219 1734 quod

82 1748 210 1817 dubium
225 1751 412 1839 contingere
428 1759 545 1840 potest,
562 1750 693 1841 quando
709 1752 824 1818 citatus
838 1750 912 1837 luit,
930 1772 995 1818 non
1009 1750 1221 1842 personaliter

81 1878 131 1921 seu
149 1858 184 1922 in
205 1856 336 1940 faciem,
358 1857 414 1923 sed
435 1856 607 1924 dumtaxat
626 1857 667 1924 ad
687 1857 835 1943 domum,
860 1856 912 1925 vel
936 1879 994 1947 per
1015 1858 1156 1925 edictum
1177 1857 1220 1925 ad

82 1964 188 2030 valvas
206 1963 356 2032 affixum.
380 1964 491 2031 Stante
514 1986 593 2052 ergo
613 1964 775 2054 ejusmodi
796 1964 911 2048 dubio,
935 1965 993 2054 qui
1014 1965 1130 2033 citatus
1154 1987 1220 2034 non

17 2113 20 2124 ·
81 2080 258 2161 comparet,
288 2093 347 2139 nec
371 2082 614 2161 procuratorem
637 2069 677 2137 ad
704 2070 923 2138 excusandam
947 2094 1070 2138 moram
1100 2072 1219 2157 mittit,

16 2193 22 2274 ζ
78 2190 315 2269 praesumptum
328 2179 518 2246 contrahere
530 2178 770 2246 contumaciam
787 2178 915 2246 dicitur.

117 2285 276 2353 Nonnulli
299 2284 432 2377 quidem
454 2295 601 2354 auctores
624 2286 827 2354 subtiliorem
851 2286 1062 2354 contumaciae
1084 2286 1220 2355 divisio-

81 2412 148 2457 nem
170 2392 318 2477 tradunt,
343 2414 459 2482 nempe
486 2421 493 2458 ;
517 2392 553 2459 in
575 2392 752 2471 notorium,
778 2414 901 2470 oerum,
922 2406 1165 2485 presumptum
1190 2407 1220 2461 et

17 2499 22 2581 J
81 2496 372 2589 iuuprctutioum.
387 2498 450 2566 Sed
464 2499 500 2565 in
515 2499 609 2589 praxi
622 2521 749 2566 necesse
763 2521 829 2565 non
839 2500 937 2565 estad
950 2520 1020 2565 earn
1035 2500 1215 2579 attendere;

17 2592 22 2659 ἶ
78 2607 162 2693 qnia,
179 2604 287 2696 quoad
299 2604 384 2696 juris
397 2605 655 2697 applicationem,
672 2628 772 2695 quam
792 2616 907 2673 vocant
924 2606 1090 2673 notoriam
1110 2608 1144 2673 in
1165 2631 1219 2675 ue-

17 2669 26 2806 l
79 2734 148 2779 rum
160 2712 276 2780 recidit
285 2738 295 2797 ;
312 2720 344 2779 et
357 2733 456 2801 quam
470 2710 583 2779 dicunt
598 2712 896 2802 interpretativum,
912 2700 1116 2803 praesumptu
1131 2737 1222 2781 com-

17 2842 23 2884 1
81 2818 242 2905 plectitur.

18 2914 23 3004 ξ
118 2926 252 2993 blaximi
270 2934 380 2993 autem
398 2926 497 2993 refert
517 2926 730 3014 distinguere,
753 2949 796 2993 an
818 2927 892 3016 quis
913 2927 955 2994 sit
976 2949 1059 3009 vere,
1076 2951 1118 2996 an
1144 2952 1221 2997 vero

19 3075 22 3088 ι
77 3034 307 3124 presumptive
325 3043 512 3102 contumax.
540 3034 660 3102 «Nam
681 3057 757 3103 vere
778 3044 953 3103 contumax
979 3036 1033 3124 (ait
1056 3036 1222 3105 Schmalz-

18 3129 23 3214 ς’
82 3167 96 3201 a
118 3142 274 3229 grneber,
292 3141 327 3207 in
345 3141 395 3208 tit.
422 3145 474 3224 ll,
492 3140 569 3209 libri
587 3145 606 3206 2
623 3141 764 3223 Deerat,
784 3163 817 3206 n.
839 3144 890 3227 39)
913 3162 977 3208 non
997 3140 1129 3209 auditur
1147 3168 1223 3211 am-

20 3333 26 3346 ·
83 3272 97 3306 ι
119 3248 220 3337 plius,
243 3257 300 3314 aut
319 3248 499 3315 restituitur
519 3255 631 3315 contra
646 3270 683 3315 ea
704 3270 778 3337 quas
801 3248 929 3315 interim
950 3256 1020 3315 acta
1040 3258 1130 3331 sunt,
1153 3251 1223 3340 ipso

18 3433 23 3449 Ι
82 3382 98 3415 a
118 3354 355 3421 contumaciter
372 3356 504 3422 absente
522 3381 530 3420 ι
551 3356 684 3422 auditur
703 3363 826 3437 autem,
848 3364 880 3421 et
900 3364 1011 3421 contra
1031 3360 1223 3424 senteutiam

18 3454 27 3558 p
83 3486 98 3520 c
119 3464 218 3528 etiarn
232 3462 416 3528 restituitur
430 3463 663 3551 praesumptive
672 3470 862 3545 contumax,
877 3461 905 3527 si
915 3462 1053 3546 venerit,
1067 3486 1225 3553 suamque
1311 3534 1315 3543 ,

17 3571 23 3617 t
82 3595 98 3628 a
118 3567 300 3634 absentiam
314 3568 517 3634 excusaverit
531 3594 549 3631 a
572 3567 685 3656 (capite
703 3570 788 3635 Cum
801 3566 996 3634 Burtotdus
1015 3570 1067 3651 18,
1085 3568 1222 3635 11811-

81 3674 182 3740 tcntiu
199 3685 230 3739 ct
245 3695 281 3739 rc
290 3670 472 3761 judicatu).

118 3780 380 3862 Quasr103².—
393 3778 516 3861 Quibus
532 3777 637 3846 modis
650 3778 723 3868 quis
738 3777 957 3845 comtituutur
972 3785 1168 3847 contumax?
1178 3818 1222 3835 --

18 3859 24 3986 'p
82 3913 97 3947 ι
122 3890 156 3951 1⁰
179 3884 391 3953 Contumacia
411 3884 625 3951 committitur
647 3882 778 3974 quaudo
798 3905 874 3952 reus
896 3886 999 3951 tribus
1021 3885 1149 3972 edictis,
1169 3897 1226 3955 aut

18 4055 19 4064 ,
84 4018 98 4053 c
121 4015 191 4059 uno
214 3991 298 4081 (vice
317 3991 429 4078 trium)
457 3990 671 4081 peremptorie
693 3990 827 4076 citatus,
852 3998 883 4057 et
908 3990 999 4057 nulla
1018 3991 1106 4080 justa
1129 4015 1225 4060 causa

19 4074 23 4085 ¹
83 4126 97 4162 e
119 4099 317 4189 impeditus,
342 4120 409 4165 non
429 4106 604 4187 comparet.
627 4100 661 4163 2⁰
681 4095 819 4176 Quando
838 4119 914 4164 reus
934 4097 1091 4166 malitiose
1113 4122 1146 4166 se
1167 4098 1226 4166 ab·

17 4179 23 4214 ¹
84 4232 99 4267 a
119 4213 240 4291 sentat,
258 4212 315 4271 aut
330 4212 481 4294 procurat
496 4225 554 4294 per
568 4226 603 4271 se
618 4202 668 4271 vel
684 4204 868 4293 paralium,
883 4226 924 4271 ne
939 4204 1046 4271 citatio
1062 4204 1225 4294 adipsum

18 4299 23 4382 ἶ
84 4340 101 4377 a
122 4311 296 4403 pervenire
320 4310 434 4402 possit.
460 4309 648 4392 rorando
669 4310 851 4400 comparuit
870 4308 1017 4401 quidem,
1040 4310 1096 4379 sed
1114 4322 1224 4403 postea

18 4449 26 4622 l
