3050 4984
553 476 626 521 rens
652 476 799 523 suranna.
1205 454 1237 521 ll

95 598 316 665 munirationc
341 596 490 688 majore:
516 610 686 689 exparte,
716 597 882 685 inimicus,
899 598 965 691 ,qui
990 596 1179 665 admittetur
1203 594 1244 663 ad

94 705 313 773 accusandum
337 704 467 796 quando
490 729 582 774 suam
609 705 661 773 vel
687 728 824 773 suorum
849 705 1004 796 iujuriam
1025 704 1244 796 prosequitur,

94 835 162 879 non
178 813 211 879 in
231 813 307 879 aliis
329 812 425 881 modo
448 812 633 880 memoratis
652 812 801 897 casibus;
823 812 929 899 liberi,
952 812 1009 903 qui
1025 818 1174 903 parentes
1191 834 1246 877 ac-

94 941 208 987 cusare
233 929 371 1011 possunt
389 921 422 987 in
446 920 638 989 criminibus
663 920 813 1011 exceptis,
835 942 901 987 nou
922 918 964 987 ad
987 916 1244 1011 persequendum

96 1025 160 1092 sibi
182 1025 303 1093 illatam
333 1026 506 1117 injuriam
534 1025 640 1096 clerici
665 1028 722 1119 qui
745 1048 896 1095 accusare
924 1034 1071 1117 possunt,
1098 1034 1135 1094 ut
1159 1024 1247 1093 dixi-

97 1156 181 1219 mus,
202 1134 429 1226 prosequendo
448 1158 540 1205 snam
561 1136 613 1203 vel
634 1135 776 1203 ecclesiae
799 1159 868 1203 suae
892 1134 1060 1226 injuriam,
1082 1156 1146 1203 non
1168 1156 1247 1203 vero

96 1240 132 1307 in
152 1241 345 1309 criminibus
375 1243 523 1333 exceptis.
558 1240 653 1334 (Vide
677 1242 980 1331 Schmalzgrueber,
1005 1242 1041 1309 in
1069 1242 1117 1309 tit.
1148 1244 1179 1327 l,
1203 1240 1244 1307 li-

96 1347 145 1413 bri
162 1347 421 1433 5Decretalium,
440 1372 473 1416 n.
494 1354 532 1417 57
548 1358 579 1417 et
595 1351 677 1440 seq.)

138 1456 240 1523 Nota.
258 1455 381 1523 Parnm
397 1456 485 1523 utilis
501 1454 597 1525 hodie
612 1457 647 1522 in
665 1457 761 1547 praxi
775 1465 823 1525 est
838 1457 956 1526 solutio
970 1455 1068 1547 hujus
1088 1456 1244 1548 quastio-

95 1562 158 1643 nis,
182 1562 323 1652 quinam
342 1585 496 1631 ncntsare
510 1564 649 1653 possint.
675 1564 759 1631 Cum
778 1564 867 1632 enirn
886 1565 929 1631 ob
950 1564 1168 1633 introductam
1190 1564 1245 1629 in-

94 1668 283 1758 quisitionis
304 1668 408 1753 viam,
427 1670 525 1762 possit
548 1668 652 1760 judex
676 1670 850 1762 procedere
869 1694 912 1739 cx
936 1670 1055 1757 officio,
1076 1671 1167 1738 nullo
1187 1693 1245 1738 nc-

93 1784 242 1861 cusante,
258 1776 325 1843 fere
341 1798 510 1867 nunquam
527 1777 638 1845 evenit
653 1793 689 1845 ut
705 1778 828 1867 quisse
850 1778 885 1844 in
904 1785 1122 1847 accusatorem
1146 1776 1245 1867 recipi

93 1882 252 1973 postulet3
274 1882 331 1951 sed
354 1892 463 1951 monet
484 1882 655 1952 dumtaxat
677 1882 821 1973 judicem
847 1882 887 1951 de
912 1890 1037 1974 patrato
1059 1882 1188 1969 delicto,
1214 1883 1244 1949 ei

94 2000 194 2059 totam
211 1989 400 2081 relinquens
417 1990 604 2079 detegendae
627 1991 777 2058 veritatis
797 2013 934 2077 curam3
956 2000 1125 2083 partesque
1145 2014 1246 2059 accu-

93 2096 211 2167 satoris
226 2103 304 2165 tunc
319 2098 387 2187 agit
401 2097 428 2165 F
430 2096 534 2165 iscalis
552 2098 660 2188 (quem
678 2098 714 2165 in
734 2097 839 2165 Gallia
857 2099 1081 2165 Promotorem
1100 2099 1244 2188 vocant).

93 2204 146 2271 Ad
163 2203 345 2271 faciendam
362 2212 469 2272 autern
485 2203 645 2294 ejusmodi
664 2203 859 2272 delationem
883 2204 1101 2273 admittuntur
1117 2228 1243 2291 ornnes,

93 2336 161 2379 non
176 2312 319 2403 exceptis
340 2312 380 2379 iis
399 2312 455 2404 qui
475 2335 493 2379 a
509 2312 583 2404 jure
605 2334 755 2379 accusare
777 2312 1002 2403 probibentur.
1020 2311 1144 2380 Indicia
1156 2314 1243 2381 enim

92 2420 254 2505 criminis,
269 2443 289 2488 a
304 2443 508 2511 quacumque
531 2441 667 2511 persona
682 2419 785 2510 judici
805 2420 950 2502 veniant,
974 2420 1061 2489 viam
1082 2420 1143 2511 ipsi
1167 2442 1245 2511 ape-

93 2528 186 2593 riunt
201 2526 244 2595 ad
260 2526 501 2617 procedendum
518 2550 557 2593 ex
576 2524 692 2594 officio.
706 2526 792 2593 Hinc
803 2526 927 2617 duplici
938 2526 1109 2595 dumtaxat
1120 2528 1156 2594 iu
1167 2550 1245 2595 casu

94 2631 230 2699 interest
245 2631 327 2699 scire
342 2632 477 2723 quinam
489 2631 529 2699 ad
546 2630 764 2699 accusandum
780 2632 846 2697 sint
861 2631 1021 2700 inhabiles
1037 2659 1044 2699 :
1066 2636 1097 2699 1ο
1113 2632 1245 2724 quando

94 2739 181 2829 quis,
212 2762 253 2806 ex
278 2739 387 2829 aliqua
406 2738 536 2829 speciali
559 2739 696 2826 ratione,
717 2739 930 2806 accusationis
952 2761 1036 2807 onus
1063 2739 1125 2806 sibi
1151 2762 1246 2807 assu-

95 2868 185 2913 mere
208 2854 430 2937 anteponeret,
454 2845 683 2937 potiusquam
706 2845 760 2913 via
784 2846 1006 2936 inquisitionis
1028 2846 1187 2936 justitiam
1210 2846 1245 2914 iu

95 2976 189 3020 reum
204 2953 373 3020 exerceri:
396 2960 473 3019 tuuc
495 2952 614 3019 scilicet
637 2950 821 3042 expendere
838 2952 968 3020 deberet
986 2952 1089 3043 judex
1112 2975 1153 3019 an
1172 2952 1245 3020 talis

94 3068 264 3128 aecusator
286 3058 402 3127 babilis
422 3058 616 3127 inhabilisvc
639 3059 681 3126 ad
706 3059 925 3127 accusandum
946 3058 1054 3127 foret:
1076 3058 1133 3126 sed
1153 3082 1246 3128 casus

95 3169 162 3253 ille,
179 3176 216 3235 ut
230 3168 307 3235 satis
323 3174 420 3257 patet,
437 3167 622 3233 rarissimus
637 3167 721 3253 erit,
738 3172 771 3233 2⁰
787 3168 918 3257 quando
931 3168 967 3234 in
975 3166 1140 3257 aliquibus
1153 3168 1244 3254 locis,

96 3273 285 3363 particulari
300 3282 419 3341 statuto
432 3281 563 3341 cautum
578 3284 671 3360 esset,
690 3296 729 3340 ne
745 3282 852 3364 posset
865 3272 968 3363 judex
983 3274 1126 3341 incertis
1141 3275 1247 3342 causis

97 3382 159 3447 nisi
181 3379 223 3446 ad
242 3378 344 3471 partis
362 3380 526 3470 querelam
547 3379 757 3447 criminaliter
777 3379 978 3470 procedere:
1001 3388 1077 3449 tunc
1097 3380 1184 3448 euim
1204 3379 1244 3447 ad

96 3484 263 3574 querelam
277 3506 342 3551 non
361 3483 552 3552 admittendi
565 3484 682 3571 forent,
698 3484 759 3551 nisi
774 3483 830 3575 qui
843 3483 966 3575 dejure
975 3483 1017 3552 ad
1027 3484 1245 3553 accusandum

96 3590 227 3658 admitti
241 3598 388 3680 possunt.

642 3818 702 3888 iv.
795 3764 799 3769 ’

486 4014 596 4076 Quinam
607 4016 725 4065 accusari
735 4016 856 4078 paartnt?

143 4271 160 4309 r
191 4240 408 4331 Respondent
439 4240 582 4309 accusari
619 4248 754 4331 possunt
790 4239 984 4331 generaliter
1021 4238 1244 4333 delinquentes
