3050 4984
587 480 662 531 eles
684 484 830 531 secunus.
1213 464 1273 533 309

136 628 154 667 a
178 600 233 669 hic
249 604 463 694 exprimitur,
481 604 660 673 observari.
674 606 768 688 Quod
792 628 908 676 verum
925 606 1072 696 intelligo
1084 608 1215 699 qnando
1230 607 1276 677 sic

136 709 353 800 «procedere
380 733 446 779 non
471 720 524 778 est'
547 712 583 779 in
602 710 724 802 judicis
746 719 915 803 potestate,
946 723 981 781 ut
1007 713 1085 803 quie
1114 715 1201 805 Papa
1229 716 1276 783 sic

136 842 153 880 r
177 815 311 908 procedi
324 817 457 887 mandat
468 845 477 886 ι
489 840 581 887 secus
595 818 623 885 si
633 819 678 887 sic
692 818 865 909 procedere
879 819 1038 889 voluntati
1047 820 1167 911 judicis
1176 822 1276 891 relin-

135 950 153 989 u
177 932 310 1015 quatur.
327 951 345 990 r>

177 1030 221 1101 V.
236 1030 270 1100 Si
281 1034 322 1101 de
331 1032 416 1101 lacto
428 1034 618 1102 instituatur
633 1055 802 1126 processus
813 1033 1139 1125 ordinariusquando
1152 1044 1278 1127 poteret

132 1139 309 1207 summarie
325 1140 471 1232 procedi,
495 1163 538 1208 an
560 1140 740 1209 nullitatem
763 1140 896 1208 inducat
917 1139 1055 1232 alicujus
1070 1142 1104 1208 in
1124 1163 1277 1232 processu

131 1246 300 1315 ordinario
322 1247 510 1315 necessarie
531 1246 743 1315 solemnitatis
758 1247 915 1315 omissio?
929 1246 967 1314 ld
980 1245 1144 1315 affirmant
1167 1250 1275 1334 multi,

131 1376 208 1420 cum
224 1352 435 1421 Reiffenstuel
451 1354 496 1442 (in
512 1354 561 1421 tit.
580 1358 611 1439 l,
630 1353 707 1421 libri
724 1358 742 1421 2
756 1353 867 1440 Decr.,
885 1376 918 1421 n.
940 1356 1006 1443 bl),
1022 1355 1079 1444 qui
1090 1353 1180 1440 dicit,
1195 1378 1275 1425 sen-

132 1460 267 1527 tentiam
277 1468 367 1546 tunc,
379 1460 633 1528 nonobservetis
650 1459 909 1529 solemnitatibus
916 1460 1000 1551 juris
1015 1461 1185 1551 prolatam,
1199 1461 1277 1529 nul-

129 1565 196 1633 lem
211 1587 279 1633 esse
294 1574 326 1633 et
339 1566 532 1635 invalidam.
551 1567 659 1657 Atque
679 1566 723 1632 ita
743 1566 863 1656 pariter
880 1566 1000 1633 sentire
1014 1565 1145 1634 videtur
1157 1566 1276 1637 Cardi-

130 1672 215 1741 nelis
230 1671 270 1739 de
294 1672 382 1741 Luce
403 1672 455 1764 (de
469 1671 617 1754 Iudiciis,
636 1671 834 1757 discursui,
852 1695 885 1739 n.
907 1674 947 1740 12
967 1682 999 1740 et
1016 1673 1070 1763 13)
1083 1672 1164 1741 dum
1184 1673 1273 1759 dicit,

130 1780 366 1866 solemnitates,
383 1780 410 1847 si
428 1778 644 1847 adhibeantur
662 1779 795 1869 quando
810 1779 987 1846 summarie
1005 1780 1136 1870 procedi
1156 1789 1275 1870 posset,

131 1887 164 1953 id
183 1888 325 1977 operari,
343 1900 380 1954 ut
389 1886 569 1977 judicium,
586 1884 676 1977 qued
696 1886 782 1954 alias
797 1885 837 1953 dc
850 1885 904 1953 sui
919 1897 1041 1954 notura
1055 1888 1275 1956 summarium

131 1995 185 2075 sit,
203 1994 253 2061 ita
268 1993 428 2063 reddatur
439 1993 657 2062 ordinarium.

175 2100 257 2168 Mihi
272 2109 380 2169 umen
394 2101 504 2169 minus
520 2112 606 2168 rectu
622 2100 753 2168 videtur
768 2100 932 2168 conclusio
943 2100 1028 2186 lraec,
1046 2110 1155 2192 utpote
1170 2102 1274 2171 citatas

128 2208 342 2277 Clementinae
360 2207 463 2277 textui
477 2216 587 2298 aperte
602 2208 759 2298 oppositu.
778 2205 887 2273 inille
907 2207 994 2274 enim
1010 2207 1174 2297 pontificia
1192 2232 1275 2277 con-

129 2316 297 2385 stitutione
308 2338 459 2408 expresse
468 2315 666 2402 decernitur,
679 2314 826 2382 validum
836 2315 906 2381 lore
917 2336 1103 2405 processum
1116 2316 1174 2406 qui
1184 2325 1274 2408 pote-

130 2434 181 2491 rat
197 2424 373 2492 summarie
387 2422 546 2514 expediri,
563 2421 689 2489 etiamsi
701 2422 735 2489 in
751 2443 790 2489 eo
804 2421 956 2489 solemnis
969 2419 1048 2489 ordo
1057 2421 1271 2511 judiciarius,
1359 2407 1363 2413 ¹

130 2532 165 2598 in
183 2542 251 2599 toto
266 2530 317 2599 vel
331 2530 367 2597 ire
382 2542 490 2621 parte,
508 2551 572 2597 non
588 2526 882 2596 contradicentibus
889 2527 1056 2619 partibus,
1075 2528 1270 2598 observetur.

129 2638 166 2705 Si
182 2636 266 2705 valet
285 2658 453 2729 processus
468 2636 619 2726 quamvis
640 2635 792 2702 solemnis
812 2634 892 2704 ordo
912 2635 1104 2726 judiciarius
1123 2636 1158 2703 iu
1172 2649 1274 2727 perte

130 2745 332 2830 observetur,
359 2744 444 2812 velet
468 2742 598 2833 quando
628 2740 809 2810 instituitur
838 2742 873 2809 in
904 2742 1011 2810 forma
1037 2743 1211 2829 ordinarie,
1242 2753 1274 2813 et

129 2851 294 2921 omittitur
305 2852 414 2942 alique
427 2849 630 2933 solemnitas;
644 2872 721 2915 nam
737 2848 806 2917 haec
818 2847 897 2932 dun,
906 2871 1071 2940 processus
1085 2848 1273 2919 ordinarius

130 2959 163 3026 ire
179 2980 243 3049 quo
264 2958 376 3049 aliquo
392 2956 558 3024 omittitur
571 2955 770 3035 solemnitas,
794 2968 825 3022 et
832 2977 1001 3046 processus
1016 2957 1052 3023 iu
1071 2979 1134 3046 quo
1156 2958 1272 3025 solem-

128 3066 179 3132 nis
194 3063 274 3133 crde
290 3086 330 3131 ecc
337 3075 439 3155 perte
452 3062 652 3141 observetur,
671 3083 774 3130 unum
790 3070 886 3153 atque
898 3062 984 3129 idem
1001 3062 1145 3151 rigorose
1160 3064 1274 3155 expri-

129 3182 237 3240 munt.
253 3171 347 3241 Unde
358 3170 506 3262 praedicti
521 3176 667 3237 auctores
681 3191 747 3237 non
764 3168 841 3236 satis
857 3168 942 3235 mihi
959 3167 1112 3237 videntur
1127 3170 1271 3239 adhunc

131 3288 258 3349 textum
272 3277 457 3346 attendisse.

173 3387 338 3455 Caeterum
352 3382 483 3475 quando
498 3384 538 3450 de
553 3382 637 3452 lactu
651 3404 764 3451 omues
780 3382 914 3449 omnino
929 3380 1088 3451 ordinarii
1103 3405 1273 3475 processus

130 3492 348 3561 solemnitates
363 3490 591 3577 observantur,
608 3488 758 3580 quamvis
771 3488 947 3557 summarie
961 3488 1092 3579 procedi
1099 3492 1271 3581 potuisset,

27 3606 29 3609 ’
129 3620 316 3691 processum
332 3597 469 3666 evadere
482 3605 514 3666 et
527 3606 612 3665 recte
628 3596 695 3665 dici
709 3595 918 3664 ordinarium
936 3597 1044 3687 (prout
1058 3606 1143 3665 tanet
1158 3597 1273 3666 Cardi-

130 3706 213 3774 nelis
228 3704 267 3773 de
283 3705 395 3795 Luce),
414 3726 478 3771 non
493 3704 618 3771 inficias
634 3704 730 3771 imus.
749 3701 787 3770 ld
799 3709 924 3769 tanturn
941 3702 1179 3790 contendimus,
1197 3725 1272 3793 pro-

129 3834 269 3898 cessum,
287 3811 344 3903 qui
359 3810 535 3879 summarie
555 3809 702 3901 expediri
723 3817 839 3902 potest,
862 3818 894 3876 et
915 3810 951 3877 iu
971 3832 1037 3901 quo
1057 3810 1272 3879 nihilominus

128 3920 321 3989 observatur
340 3918 492 3987 solemnis
514 3916 716 4009 judiciorum
743 3915 837 4003 ordo,
867 3937 930 3984 nen
956 3938 1025 3983 esse
1054 3914 1183 3983 irritum
1213 3939 1271 3985 nec

128 4024 337 4112 irritandum,
354 4048 395 4093 ex
417 4048 455 4093 eo
470 4024 559 4115 quod
577 4024 688 4115 eliqua
707 4022 835 4091 deliciet
855 4022 1013 4092 ordinarii
1032 4044 1199 4114 processus
1214 4046 1272 4092 so—

131 4134 291 4202 lemnites.
