3050 4984
539 539 613 586 esus
635 541 779 586 saeuum.
1165 524 1225 588 bb?

100 680 107 718 ·.
138 685 155 726 a
175 667 207 730 2.
232 662 283 732 An
306 661 357 731 die
377 662 503 732 decima
521 663 638 731 mensis
655 663 820 754 preteriti
834 662 1038 732 invisendum
1052 677 1149 734 noetu
1161 665 1229 732 ba·

91 768 199 837 buerit
212 769 447 840 moribundum
461 771 625 863 alipium?
638 768 814 861 Respondit
831 796 843 837 .·
868 770 1019 840 recordor
1042 772 1127 841 mibi
1144 771 1232 842 eirea

91 873 152 944 boe
166 889 295 970 tempus
309 877 515 948 invisendum
527 878 630 970 steine
643 863 768 968 apium
782 877 971 969 quemdam.

140 985 199 1052 «3.
214 987 440 1077 Interropotus
451 983 491 1055 de
503 985 635 1054 nomine
648 997 680 1054 et
691 983 788 1056 domo
801 984 903 1076 nujus
914 985 1017 1077 apri?
1029 989 1231 1080 Respondit.-

91 1102 141 1160 est
156 1090 308 1161 dominus
321 1095 381 1176 N„
404 1092 468 1162 boe
489 1091 695 1162 bebdomada
707 1091 888 1184 destructus,
910 1104 942 1161 et
964 1091 1233 1166 commorabatur

91 1198 147 1266 oia
158 1201 217 1282 N„
234 1222 370 1269 numero
385 1204 428 1272 N.

141 1333 159 1371 a
181 1309 409 1400 Interraqatns
424 1334 436 1375 .·
456 1330 500 1376 an
514 1320 650 1376 uocatus
661 1306 780 1398 fuisset
793 1304 836 1374 ob
858 1305 970 1398 aliquo
985 1306 1025 1378 de
1034 1308 1170 1400 [amilio
1182 1311 1236 1380 vel

91 1413 190 1483 domo
204 1416 307 1505 nari?
321 1413 509 1507 Respondit,
526 1413 647 1508 anullo
662 1435 695 1482 se
705 1413 806 1505 fuisse
816 1427 982 1496 uocatum,
998 1414 1140 1486 sedeam
1154 1429 1233 1487 esset

91 1522 169 1590 liuie
183 1544 271 1616 apro
284 1545 306 1592 a
317 1522 577 1616 consessionibsn,
591 1535 621 1590 et
635 1522 730 1591 sciret
738 1544 815 1598 eum
829 1544 862 1591 se
876 1522 963 1595 male
976 1522 1104 1608 babere,
1120 1539 1235 1617 sponte

92 1629 197 1713 ivisse,
213 1654 253 1699 ne
264 1631 352 1724 sorte
365 1630 485 1722 absque
498 1631 713 1700 sacramentis
726 1628 900 1699 decederet.

142 1761 159 1801 a
183 1739 213 1804 5.
239 1741 494 1831 Interropatus:
517 1759 583 1830 quo
599 1735 682 1805 bora
704 1735 824 1804 iverit?
837 1735 1015 1829 Respondit
1037 1737 1150 1807 :cirea
1166 1763 1233 1809 me·

92 1843 186 1913 diam
201 1857 338 1914 nostem.

143 1955 214 2021 ab.
237 1955 462 2044 Interroqotus
485 1975 543 2021 eur
568 1965 639 2020 tam
667 1951 799 2022 insolita
825 1950 910 2021 bora
938 1951 1077 2022 voluerit
1100 1955 1236 2026 inuisere

92 2081 233 2151 aarum,
251 2061 346 2154 eujus
357 2060 510 2130 morbum
525 2060 560 2130 in
572 2061 672 2152 pejus
687 2071 858 2128 mutatum
877 2060 977 2152 fuisse
996 2063 1108 2131 nullus
1129 2065 1161 2132 ei
1183 2088 1235 2133 re-

92 2167 238 2236 tulerat?
260 2167 436 2260 Respondit
459 2195 470 2236 :
492 2167 555 2236 sibi
577 2167 721 2236 orationi
739 2166 874 2236 vacanti
885 2166 920 2234 in
938 2180 1081 2237 mentem
1101 2172 1232 2256 venisse,

93 2275 236 2366 bosforo
252 2280 318 2348 Deo
331 2275 504 2367 placitum.

143 2385 203 2451 «7.
222 2387 446 2477 Interropatus
463 2410 474 2450 .·
490 2381 628 2476 quinam
643 2379 682 2450 de
697 2380 796 2450 domo
812 2381 895 2474 sepsi
908 2403 983 2451 eum
999 2384 1189 2476 receperint,
1205 2399 1237 2456 et

94 2491 210 2558 testari
215 2502 349 2583 possent
362 2491 470 2582 ipsum
484 2489 572 2558 dieta
587 2489 671 2556 bora
682 2509 809 2580 eeqrum
824 2487 961 2556 adiisse?
976 2490 1174 2580 Respondit:
1190 2493 1239 2560 ivi

93 2594 226 2687 quidem
250 2597 297 2666 ad
317 2597 465 2680 domum,
490 2609 521 2665 et
535 2595 798 2665 tintinnabulum
809 2595 944 2686 pulsavi
960 2622 971 2662 .·
987 2595 1044 2664 sed
1056 2619 1132 2665 eum
1156 2596 1235 2667 din-

94 2707 161 2775 tius
171 2705 299 2798 aperire
313 2715 532 2786 morarentur,
547 2703 627 2786 abii,
645 2724 703 2772 nee
718 2701 855 2771 domum
870 2702 1032 2794 inpressas
1044 2726 1129 2772 sum.

143 2839 160 2878 u
176 2819 206 2882 8.
224 2817 450 2902 Interropatus
466 2837 477 2878 :
491 2833 551 2880 eur
558 2823 739 2902 postquam
751 2822 843 2877 tanto
857 2809 926 2877 zelo
940 2808 1049 2878 media
1060 2824 1151 2880 noete
1165 2811 1234 2882 die·

94 2935 170 2992 tum
185 2943 310 3014 aprum
325 2920 461 2989 invisere
475 2918 634 3000 voluerat,
647 2917 761 3008 plures
773 2915 839 2985 dies
851 2928 966 3008 postea
974 2919 1234 3009 pratermeserit,

93 3030 177 3121 quin
192 3028 359 3098 inviseret?
373 3023 550 3118 Respondit
574 3050 586 3091 .-
606 3024 655 3093 ita
670 3047 744 3092 suns
765 3035 990 3115 comparatus,
1008 3038 1046 3092 ut
1069 3025 1105 3093 in
1119 3025 1238 3118 bujus-

94 3135 189 3206 modi
200 3159 266 3206 reon
279 3133 462 3204 necessariis
482 3133 648 3202 internam
663 3131 913 3223 inspirationem
931 3152 1073 3223 sequar;
1096 3146 1127 3202 et
1151 3135 1238 3205 invi·

93 3241 186 3313 sendi
199 3243 353 3335 capitatio
369 3253 511 3310 mentem
526 3261 635 3307 meam
649 3261 713 3307 uon
722 3237 882 3330 pulsauit.

145 3377 162 3418 a
182 3356 212 3420 9.
229 3354 452 3441 Interropatus
468 3369 534 3416 :an
548 3345 778 3415 recordaretur
791 3345 855 3414 bae
868 3345 942 3436 ipsa
957 3344 1046 3416 dieta
1061 3359 1155 3419 noete
1164 3373 1240 3420 eum

95 3457 208 3549 aliquo
229 3456 266 3525 in
287 3453 342 3524 uia
364 3475 397 3524 se
416 3454 516 3546 fuisse
540 3451 757 3522 collocutum?
776 3449 953 3543 Respondit
974 3478 986 3518 .·
1010 3452 1142 3524 obviam
1157 3457 1242 3524 mibi

95 3564 186 3634 venit
199 3567 401 3634 Ratramnus
423 3559 639 3642 barbitonsor,
658 3571 689 3628 et
707 3557 807 3651 petiit
826 3581 908 3626 num
929 3581 1016 3651 aper
1039 3562 1162 3655 aliquis
1183 3585 1242 3632 ea-

97 3685 204 3741 trema
218 3681 340 3762 operat,
358 3691 433 3739 eum
448 3667 576 3737 metali
590 3667 674 3734 bora
683 3677 878 3759 perpentem
889 3666 1022 3736 videret.
1042 3671 1089 3738 Et
1104 3668 1178 3742 diai
1190 3695 1243 3741 me

97 3801 211 3848 reuera
225 3776 267 3846 ab
282 3773 446 3845 inm‘sendo
462 3796 550 3865 apro
563 3774 693 3842 reverti.

146 3889 232 3953 «ts.
251 3888 505 3974 Interropatus:
529 3879 692 3972 quomodo
707 3879 830 3948 diaerit
849 3903 882 3948 se
907 3881 950 3949 ab
974 3882 1139 3953 invisendo
1156 3909 1244 3978 apro

97 3992 228 4075 reverti,
246 4012 321 4061 eum
336 4011 448 4058 revera
461 3987 591 4058 nullum
606 3987 787 4055 invisisset?
799 3987 976 4079 Respondit
993 4016 1005 4057 .-
1020 3994 1166 4084 responsi
1179 3995 1246 4064 mei
1274 4061 1277 4064 ⁴

98 4121 208 4170 sensus
222 4111 306 4182 erat,
332 4119 383 4165 me
397 4095 444 4166 ad
460 4093 666 4165 invisendum
682 4115 810 4185 aprum
824 4095 951 4179 exiisse,
967 4096 1057 4188 quod
1071 4100 1177 4191 plane
1190 4124 1245 4171 ve·

98 4229 179 4277 rum
194 4217 276 4274 erat.
328 4259 331 4267 Δ

148 4339 166 4380 u
186 4315 236 4382 ll.
254 4315 507 4404 Interroqatus:
529 4333 578 4380 an
597 4322 732 4382 vocatus
756 4324 854 4382 noctu
876 4310 1057 4403 aliquando
1072 4315 1178 4405 suerit
1201 4319 1248 4389 ad
