3050 4984
528 480 603 525 runs
625 480 769 527 securint.
1155 462 1218 529 sto

79 600 334 691 suspensionem,
352 608 472 669 attento
484 601 552 671 solo
566 601 757 671 Tridentino
774 608 865 669 textu
879 600 1026 691 rigoroso
1043 624 1108 671 non
1122 604 1219 689 foret,

79 728 152 775 cum
180 715 287 777 textus
312 707 365 776 ille
389 716 436 777 tot
452 706 560 777 dubiis
576 718 608 777 et
635 707 912 800 disputationibus
931 710 1094 779 obnoxius
1109 709 1218 779 fuerit.

80 812 163 881 Dum
177 824 285 882 eutem
306 814 340 881 in
359 816 420 883 hoc
439 816 542 907 capite
558 814 727 908 prefatum
752 814 920 906 Episcopis
942 824 1132 906 potestatem
1148 819 1223 885 vin-

79 919 235 1009 dicamus,
258 932 379 1013 quante
391 924 447 1010 sit,
468 947 525 991 seu
541 924 581 991 ed
603 944 757 1014 quaeuam
773 922 985 990 determinate
1000 946 1069 991 sese
1083 933 1223 1015 potestus

80 1027 148 1095 haec
163 1029 317 1098 extendat
328 1053 394 1099 non
411 1030 567 1115 dicimus3
584 1028 639 1099 sed
652 1028 848 1119 poteratur
863 1028 915 1096 bic
934 1030 1095 1120 ejusmodi
1112 1038 1223 1122 potes-

78 1143 175 1203 tntem
192 1135 381 1223 asserimus,
398 1136 439 1204 de
452 1136 524 1228 ejus
542 1134 731 1205 extensione
745 1143 777 1202 et
791 1133 954 1202 limitibus
969 1134 1057 1204 intro
1071 1136 1221 1229 disputo-

79 1241 154 1309 turi.
173 1240 299 1322 Quibus
314 1244 502 1333 proenotatis
516 1243 558 1310 sit

122 1356 281 1427 Pnomrro
296 1359 337 1426 1³.
351 1398 396 1411 -
409 1362 442 1427 Ε
461 1370 553 1427 testu
571 1359 639 1452 ipso
664 1356 848 1426 Tridentini
867 1358 1004 1426 concilii.
1022 1398 1066 1410 -
1084 1364 1113 1426 t·
1127 1360 1224 1429 Posse

79 1462 276 1557 Episcopum
298 1488 316 1533 e
341 1465 554 1557 suscipiendis
573 1466 675 1533 sucris
693 1464 864 1534 ordinibus
884 1488 926 1533 ex
948 1464 1124 1535 informato
1144 1490 1223 1537 con-

79 1572 212 1641 scientia
232 1596 353 1660 arcere,
381 1598 439 1641 nec
460 1574 725 1659 controvertitur,
746 1596 803 1640 nec
828 1575 1024 1641 controverti
1043 1585 1157 1665 potest,
1183 1577 1224 1645 ob

80 1678 300 1749 omnimodam
324 1681 442 1749 borum
466 1681 582 1772 capitis
610 1683 695 1749 Cum
716 1681 882 1749 honestius
902 1680 1077 1749 verborum
1099 1683 1225 1774 perspi-

80 1786 231 1855 cuitatem
244 1814 261 1877 ¹:
279 1789 323 1857 Ei
337 1788 392 1855 cui
405 1808 551 1855 usceruus
575 1786 622 1856 od
634 1810 742 1855 sacros
761 1785 890 1855 ordines
903 1810 925 1853 a
938 1810 996 1855 stro
1011 1788 1166 1872 Pretium,
1185 1814 1225 1857 ec

79 1918 285 1989 quacumque
305 1918 416 1975 causa,
442 1895 542 1963 etium
566 1894 606 1961 ob
630 1894 795 1963 occultum
809 1894 943 1975 crimen,
970 1895 1222 1986 quomodolibet,

80 2006 180 2072 etium
194 2001 619 2094 estre-judicialitersucn't
635 2000 838 2069 interdictus.
851 2000 996 2069 {sienim
1009 2004 1176 2093 supponit,
1189 2028 1226 2073 sc

79 2112 216 2201 proinde
228 2110 320 2179 docet
335 2107 525 2177 Tridentino
540 2107 698 2199 synodus,
713 2130 806 2199 posse
820 2108 862 2176 eb
877 2107 1038 2200 Episcopo
1056 2130 1226 2179 ascensum

80 2216 118 2282 ad
132 2238 242 2283 sacros
251 2213 382 2282 ordines
396 2211 545 2281 interdici
556 2236 597 2280 ee·
608 2234 816 2305 quacumque
827 2236 939 2294 cause,
955 2214 1056 2279 ctiam
1067 2214 1107 2281 od
1119 2216 1226 2283 occul-

81 2336 150 2390 tum
173 2322 308 2403 summ,
334 2329 365 2388 et
391 2318 643 2411 quomodolibet,
673 2320 776 2387 etium
795 2317 1131 2410 entra-judicicium·
1150 2344 1224 2413 quae

80 2430 180 2497 verbo
189 2428 222 2495 id
235 2428 369 2521 precise
383 2436 499 2494 sonunt
508 2426 596 2517 quod
611 2426 671 2494 sub
684 2426 825 2495 breviori
836 2426 978 2495 formula
989 2451 1029 2494 ecc
1044 2427 1226 2518 infor-mutu

80 2534 275 2603 conscientia
291 2534 438 2603 doctores
450 2542 559 2623 posteo
570 2532 753 2625 exprimere
766 2543 1016 2603 consueverunt.

124 2646 158 2709 2⁰
174 2640 238 2711 Sed
255 2651 286 2709 et
304 2640 372 2732 jam
392 2639 559 2708 ordinatos
580 2639 692 2707 eodem
715 2638 812 2707 modo
831 2648 934 2730 potest
954 2640 1135 2733 Episcopus
1153 2665 1227 2711 sus·

80 2750 233 2840 pendere.
255 2748 370 2816 «Nom
387 2748 444 2838 (eit
465 2745 651 2835 Fegnanus‚
670 2747 704 2813 in
722 2757 819 2837 ceput
838 2744 891 2813 Ad
910 2769 1007 2814 aures
1027 2746 1067 2815 de
1087 2759 1225 2839 tempor.

84 2884 99 2921 u
123 2854 246 2935 ordin,
266 2878 298 2923 n.
325 2858 355 2943 7)
371 2854 430 2922 etsi
445 2852 545 2922 verba
560 2850 627 2937 ille,
651 2874 691 2919 cu
710 2874 915 2943 quorumque
930 2876 1043 2935 causo,
1065 2856 1165 2923 rtrum
1186 2858 1227 2925 od

85 2992 100 3027 u
123 2962 289 3031 occultum
304 2960 437 3042 odmen,
455 2969 530 3045 etc,
555 2982 619 3027 non
638 2959 702 3027 siut
721 2959 869 3052 opposita
884 2962 947 3029 nisi
969 2960 1002 3028 in
1020 2962 1122 3052 priori
1137 2972 1227 3052 porte

84 3098 100 3137 u
124 3072 203 3139 dicti
217 3070 330 3161 cepitis
342 3068 439 3161 primi
457 3068 620 3159 (sessionis
634 3071 688 3151 tr,
703 3067 743 3135 de
758 3068 859 3158 defi),
877 3068 933 3135 ubi
948 3070 1057 3157 agitur
1071 3069 1112 3137 de
1126 3070 1227 3138 iuter-

85 3206 100 3243 u
122 3178 265 3246 dictione
276 3203 285 3263 ;
297 3185 405 3245 temen
421 3175 545 3243 censeri
561 3174 679 3243 debent
690 3174 826 3265 repetita
840 3175 937 3243 etiam
950 3175 985 3242 in
997 3177 1157 3269 sequenti,
1171 3179 1228 3247 nbi

85 3314 100 3350 u
123 3284 238 3376 egitur
254 3284 293 3351 de
313 3282 524 3377 suspensione
544 3309 550 3348 :
568 3290 638 3349 torn
662 3282 738 3373 quie
760 3282 934 3350 concilium
956 3284 1017 3351 sub
1037 3284 1132 3352 unice
1150 3308 1229 3353 oro-

86 3420 102 3457 α
124 3394 213 3462 tione
245 3414 281 3459 sc
307 3390 480 3459 verborum
500 3398 664 3458 structure
689 3388 912 3482 complectitur
936 3390 1229 3461 interdictioneme

85 3528 100 3563 o
123 3496 339 3589 suscipiendis
355 3506 385 3565 et
396 3495 607 3588 dejectionem
621 3520 641 3564 u
655 3496 826 3588 susceptis,
842 3496 979 3588 ideoque
994 3498 1118 3565 censeri
1134 3498 1228 3567 debet

85 3634 101 3671 u
126 3615 304 3695 utrumque
324 3626 433 3672 mum
457 3602 624 3695 equaliter
641 3602 877 3671 determinare:
897 3612 968 3671 tum
984 3605 1060 3695 quie
1081 3604 1228 3696 alioquin

86 3742 101 3777 e
124 3712 300 3781 concilium
316 3712 351 3778 in
364 3709 505 3779 secunde
515 3718 604 3802 parte
616 3710 741 3779 nullom
752 3719 941 3801 potestatem
957 3710 1124 3802 Episcopis
1135 3713 1227 3779 attri-

87 3850 102 3887 u
125 3822 268 3904 buisset;
292 3820 414 3887 nemini
439 3818 527 3887 euim
548 3818 683 3887 dubium
708 3842 777 3887 esse
798 3828 925 3909 poterat
945 3819 1025 3909 quin
1047 3818 1087 3887 ob
1108 3820 1231 3887 crimen

87 3956 103 3996 u
127 3928 337 3997 manifestum
348 3936 379 3993 et
390 3926 587 4016 judicialiter
601 3925 710 3993 liceret
720 3925 889 4017 Episcopis
901 3925 1081 3993 sacerdotes
1092 3948 1232 4017 suspen-

88 4064 103 4101 α
127 4036 204 4104 dere
234 4034 290 4125 (1).
318 4062 334 4100 u
365 4034 433 4102 Hoc
457 4032 661 4101 ratiocinium
685 4032 880 4101 confirmare
900 4032 1003 4101 solent
1024 4032 1171 4100 doctores
1191 4056 1231 4100 eu

114 4193 146 4251 (tt
164 4188 225 4239 Hes
235 4192 324 4237 umen
337 4186 402 4236 ratio
417 4200 470 4236 non
485 4184 618 4235 convincit
630 4196 637 4233 t
649 4198 710 4235 nem
725 4188 847 4250 poterent
854 4183 960 4248 quidem
974 4188 1051 4233 antea
1062 4182 1184 4248 Episcopi
1197 4185 1230 4235 ob

85 4269 219 4321 monitesta
233 4268 338 4329 delicta,
353 4274 379 4317 et
392 4272 492 4317 servato
505 4266 621 4331 judiciati
640 4265 741 4329 ordine,
755 4264 903 4315 sacerdotes
921 4265 1080 4328 suspendere
1088 4280 1097 4329 3
1115 4265 1161 4315 sed
1178 4280 1232 4320 sus·
