3050 4984
295 500 357 563 252
666 521 840 566 rnncrnrus
864 520 903 565 na
925 521 1059 565 sumens.

292 642 353 711 sibi
368 641 468 727 illato,
486 640 574 709 adire
589 640 684 708 debet
705 641 902 732 Episcopum
927 664 985 709 sen
1007 641 1212 709 ordinarium
1227 642 1360 732 parochi
1377 672 1383 709 :
1401 642 1423 709 si
1494 726 1496 731 .

292 770 433 836 gravans
447 748 489 815 sit
504 748 571 839 ipse
588 748 779 839 Episcopus,
797 746 966 816 adeundus
980 748 1042 815 erit
1053 747 1279 839 Metropolita:
1296 758 1328 816 et
1340 750 1381 817 sic
1391 748 1422 816 de

292 855 375 924 aliis.

337 962 394 1029 IV.
413 964 438 1030 Α
463 964 576 1054 repulo
591 963 737 1053 pcneralr'
750 986 853 1053 snpra
869 962 1029 1043 stabilito,
1047 962 1245 1053 excipiendo}
1259 976 1335 1029 stent
1348 962 1423 1053 Epi·

291 1092 462 1161 scopornm
476 1071 638 1138 sestertias
653 1094 693 1137 ce
706 1070 889 1160 informato
903 1071 1096 1138 conscientia
1108 1070 1261 1161 prolate.
1281 1108 1326 1120 -
1340 1070 1423 1161 Ejus·

293 1178 380 1246 modi
398 1178 486 1246 enim
502 1176 687 1263 sententias,
706 1200 781 1269 qum
805 1178 956 1247 feruntur
976 1176 1300 1269 extra-judicialiter,
1317 1176 1424 1245 sufficit

291 1285 431 1377 proferri
444 1285 478 1352 in
494 1284 561 1352 vim
577 1284 690 1376 eapitis
707 1286 792 1352 Cum
801 1285 969 1353 honestius
988 1286 1031 1373 (1,
1047 1307 1125 1352 sess.
1144 1289 1196 1364 14,
1209 1284 1344 1374 deltos.)
1360 1284 1425 1350 Tri-

291 1392 433 1461 dentinae
455 1391 584 1483 synodi,
602 1401 638 1459 ut
663 1401 826 1481 nequeant
841 1413 898 1483 per
924 1391 1069 1460 tribunal
1083 1392 1233 1483 superins
1248 1391 1423 1459 reformari.

290 1501 546 1589 Restringuntur
560 1506 667 1567 autem
680 1499 849 1566 sententias
864 1521 904 1565 ea
919 1498 1093 1566 informata
1102 1498 1298 1566 conscientia
1308 1498 1350 1566 ad
1365 1497 1425 1565 bac

291 1606 356 1675 duo
375 1635 381 1673 :
394 1606 519 1697 primo,
538 1605 577 1671 ad
596 1604 832 1696 prohibitiones
843 1605 883 1672 ab
900 1626 1037 1673 ascensu
1057 1605 1097 1673 ad
1112 1604 1262 1691 ordines3
1280 1605 1423 1683 secundo,

291 1712 332 1780 ad
342 1712 587 1803 suspensionem
598 1735 617 1779 a
625 1712 692 1802 jam
708 1712 865 1801 susceptis
878 1711 1060 1780 ordinibus.
1074 1712 1177 1779 Porro
1190 1711 1322 1780 indicto
1333 1712 1426 1802 capite

291 1842 442 1910 expresse
470 1819 605 1887 sancivit
628 1818 821 1886 Tridentino
834 1818 992 1909 synodus,
1011 1827 1047 1885 nt
1062 1819 1121 1905 illi,
1140 1817 1192 1887 cni
1207 1840 1376 1887 ascensum
1392 1816 1426 1883 ad

290 1927 421 1995 ordines
436 1924 601 2016 prohibuit
616 1926 806 2016 Episcopus,
826 1926 916 1993 nulla
933 1926 1195 2016 recipiendorum
1211 1926 1366 1994 ordinum
1391 1925 1428 1991 li·
1492 1945 1493 1960 ²

290 2034 394 2101 centia
409 2034 654 2123 suffragaretur.
673 2032 711 2099 Et
723 2033 845 2123 pariter
859 2042 895 2101 nt
910 2034 976 2117 ille,
992 2056 1091 2124 quem
1107 2032 1287 2124 Episcopus
1314 2056 1334 2100 a
1356 2055 1427 2099 sus-

291 2141 390 2231 ceptis
406 2138 576 2208 ordinibus
590 2138 774 2230 suspendit,
797 2140 831 2205 in
847 2140 1038 2207 eorumdem
1063 2140 1217 2208 ordinum
1241 2138 1429 2206 exercitioa
1494 2169 1495 2228 p

292 2247 420 2315 nemine
449 2247 576 2315 restitui
592 2254 709 2337 posset.
739 2244 834 2313 Unde
860 2246 1034 2337 appellatio
1057 2246 1098 2314 ad
1115 2246 1265 2337 superins
1280 2243 1427 2327 tribunal,
1494 2233 1495 2290 ἶ

292 2356 396 2445 quoad
413 2354 575 2446 ejusmodi
600 2352 787 2439 sententias,
813 2362 922 2443 aperte
942 2354 1042 2421 fnita
1065 2353 1264 2420 Tridentinis
1287 2352 1429 2420 Patribus

292 2462 429 2529 sublata.
446 2462 487 2528 Et
500 2460 696 2550 relinquitur
712 2458 883 2527 dumtaxat
899 2481 1049 2527 recursus
1068 2459 1109 2526 ad
1138 2458 1256 2527 Sedcm
1271 2458 1429 2549 Apostoli-

291 2591 361 2635 cam
379 2598 386 2645 ;
403 2569 458 2659 qni
482 2589 635 2635 recursus
653 2588 780 2655 semper
801 2575 899 2656 patet,
920 2589 978 2633 nec
994 2565 1087 2633 debet
1100 2566 1224 2633 censeri
1241 2589 1299 2657 per
1314 2566 1427 2632 dictum

289 2675 516 2741 Tridentinnm
543 2672 706 2741 decretum
730 2673 893 2739 exclusus.
918 2672 1011 2753 Quod
1034 2694 1112 2740 vero
1129 2672 1189 2741 boc
1203 2694 1300 2739 sensu
1317 2670 1429 2740 intelli·

289 2780 395 2870 genda
422 2780 463 2847 sil
479 2786 657 2848 memorata
677 2779 869 2846 Tridentina
884 2778 1066 2869 dispositio,
1085 2778 1159 2846 vide
1175 2778 1246 2846 fuse
1262 2780 1428 2869 probatum

293 2886 377 2954 infra
404 2888 506 2977 (parte
522 2890 556 2972 2,
584 2886 722 2954 sectione
747 2890 781 2973 l,
798 2886 1000 2953 subsectione
1016 2885 1063 2974 3),
1091 2886 1149 2953 nbi
1173 2906 1214 2951 ex
1236 2886 1380 2975 professo
1394 2884 1429 2951 de

293 2994 460 3061 sententiis
473 3016 515 3061 ex
530 2993 705 3061 informata
719 2993 914 3062 conscientia
928 2992 1131 3061 disserimus.

336 3100 478 3183 Quasmo
498 3104 543 3167 la.
570 3138 612 3151 -
638 3102 688 3167 An
703 3099 799 3167 detur
813 3100 993 3191 appellatio
1010 3123 1031 3166 a
1050 3099 1175 3190 scotuna
1200 3099 1302 3166 ctiam
1317 3122 1430 3191 prauo·
1494 3136 1496 3199 ,

295 3207 460 3275 minibus?
487 3245 532 3259 -
555 3206 779 3275 Diversimode
809 3205 965 3274 solvenda
993 3215 1042 3273 est
1064 3206 1201 3296 qnaestio
1229 3205 1313 3293 hauc,
1341 3211 1431 3298 pront

295 3315 404 3404 agitur
428 3313 468 3382 de
494 3315 740 3405 gravaminibus
765 3316 799 3381 in
825 3314 948 3405 judicio
972 3314 1024 3383 vel
1051 3324 1143 3381 extra
1167 3313 1329 3404 judicium
1350 3312 1431 3381 inlc-

297 3422 417 3490 rendis.
1494 3499 1496 3508 ‚

339 3530 364 3595 Ι.
395 3530 420 3595 Α
444 3528 637 3619 pronomine
647 3527 807 3620 judiciali
829 3531 957 3618 firtnro,
977 3526 1073 3595 idest
1089 3526 1235 3595 nondum
1251 3527 1359 3610 illoto,
1376 3550 1433 3617 op·
1494 3511 1496 3594 l

294 3634 415 3728 pellaei
429 3635 553 3725 nequit.
570 3672 614 3685 -
631 3662 647 3698 a
670 3636 707 3701 ln
722 3633 856 3725 judicio,
872 3636 916 3703 ait
932 3634 1113 3702 Lcurenins
1128 3634 1264 3724 (Forum
1279 3635 1434 3704 ecclesius-

300 3768 316 3807 «
341 3743 453 3823 tierent,
471 3742 504 3807 in
530 3742 578 3807 tit.
597 3744 652 3827 28,
667 3742 724 3809 lib.
751 3745 769 3807 2
793 3742 902 3826 licon,
921 3765 952 3831 q.
975 3741 1088 3830 1083),
1104 3739 1260 3831 appellari
1286 3743 1398 3834 nequit
1418 3762 1435 3806 a
1494 3747 1496 3832 ξ

303 3874 320 3914 n
342 3846 532 3937 gravamine
547 3846 693 3914 nondum
712 3857 880 3938 praesente,
898 3847 953 3915 sed
970 3846 1078 3915 solum
1094 3846 1317 3935 agravamine
1330 3848 1432 3929 illato,

303 3983 319 4021 n
342 3978 380 4023 eo
408 3952 495 4046 quod
521 3953 693 4044 appellatio
721 3954 943 4045 interponitur
959 3952 1000 4020 ad
1016 3975 1195 4042 gravamen
1211 3953 1401 4022 tollendum.
1418 3977 1432 4013 n
1494 3955 1496 4040 l

297 4064 404 4153 Atque
417 4063 453 4129 in
467 4084 505 4128 ea
519 4060 675 4129 tradenda
691 4062 804 4149 regula
819 4064 1015 4130 concordant
1026 4058 1185 4147 doctores,
1199 4083 1271 4128 earn
1281 4060 1436 4129 dednccn·
1494 4145 1496 4152 γ

299 4179 346 4237 tes
369 4194 409 4237 cx
426 4168 592 4237 nonnullis
605 4169 692 4261 juris
711 4169 864 4257 textibus,
881 4192 962 4261 qnos
975 4167 1050 4236 vide
1065 4167 1152 4258 apud
1169 4169 1302 4237 citatum
1315 4168 1433 4237 Lcure-
1494 4167 1496 4256 l

298 4299 401 4345 nrum.
1494 4301 1496 4308 >
