3050 4984
307 467 369 531 oto
681 485 856 534 morarus
877 486 917 534 na
939 487 1075 536 sunrcrrs.

300 606 377 697 jure
390 612 500 677 111111
512 606 686 699 reperitur,
703 608 756 677 ret
769 618 940 680 merentur
952 608 1202 701 depositionem,
1215 608 1269 678 vel
1281 608 1456 678 manitesn
1504 655 1505 660 ,

305 723 395 802 sunt,
411 722 469 784 aut
487 715 523 782 in
545 715 667 807 quibas
681 715 863 808 Episcopus
883 716 924 787 de
947 717 1022 808 jure
1042 715 1231 809 dispensare
1249 737 1317 786 non
1337 725 1453 808 potest

303 823 388 890 ltem
421 819 509 914 quod
545 845 612 891 non
640 829 689 891 est
718 821 922 893 admittenda
951 845 1057 917 neque
1087 823 1294 917 acceptanda,
1329 823 1458 892 etiamsi

304 936 418 1019 sponte
441 950 532 998 arao
547 928 716 1015 offeratur,
730 930 859 1021 quoties
874 953 917 1000 ax
939 941 1094 1023 processu
1111 954 1179 1001 uon
1201 937 1358 1024 appareat
1380 930 1459 1023 qnid

303 1035 514 1104 substantiale
529 1035 691 1124 oriminis,
706 1045 739 1104 et
753 1059 821 1106 non
836 1037 944 1106 adsint
959 1038 1074 1107 saltem
1088 1038 1253 1109 indicieet
1266 1060 1459 1132 praesump-
1504 1069 1505 1132 1

303 1142 420 1230 tiones,
448 1165 525 1234 quae
548 1151 736 1212 accusatum
763 1145 964 1231 notabiliter,
988 1153 1046 1215 aut
1068 1145 1159 1215 fama
1177 1154 1300 1216 vexet:
1321 1145 1351 1214 si
1370 1147 1459 1214 enim

302 1248 482 1341 Episcopus
502 1250 556 1318 vel
568 1249 652 1320 alius
664 1249 770 1342 judex
786 1251 974 1322 ordinarius
984 1253 1053 1322 sine
1068 1251 1220 1324 masada
1233 1251 1354 1322 delicto
1370 1275 1462 1322 oom-
1504 1245 1505 1286 ³

303 1365 451 1447 poneret,
473 1357 618 1447 graviter
638 1367 828 1449 peccaret.»
851 1359 1046 1450 (1111111111,
1066 1369 1158 1452 parte
1181 1365 1214 1446 2,
1236 1361 1288 1428 tit.
1319 1363 1378 1450 15,
1394 1360 1461 1430 ior-

304 1463 443 1549 mutas,
460 1487 494 1532 n.
512 1463 580 1553 11.)

348 1571 506 1640 Putarem
527 1593 603 1662 ego,
618 1572 751 1642 attentis
768 1575 955 1665 presertim
975 1583 1165 1645 nostrorum
1184 1583 1381 1668 temporum
1398 1577 1461 1646 cir-

300 1678 517 1766 cumstautiis,
530 1678 666 1748 noxiam
679 1681 874 1771 regulariter
888 1681 958 1752 iore
972 1681 1134 1774 ejusmodi
1147 1682 1349 1775 pecuniariae
1368 1706 1460 1754 oom-
1504 1669 1505 1758 1

304 1786 475 1880 positionis
489 1787 619 1879 praxim
634 1795 725 1856 :tum
741 1787 833 1880 quia,
849 1796 886 1857 ut
900 1789 1020 1860 dicitur
1035 1790 1139 1882 capite
1154 1794 1289 1882 Pauper
1305 1793 1363 1880 11,
1375 1815 1413 1884 q.
1430 1796 1459 1878 1,

304 1894 430 1964 nullam
445 1917 521 1964 reus
536 1894 735 1987 pertimescit
748 1895 880 1988 culpam
896 1919 999 1989 qnam
1018 1896 1182 1967 redimere
1197 1897 1350 1968 nummis
1369 1898 1462 1968 exis·
1504 1899 1505 1982 1

304 2003 414 2089 timat‚
435 2010 509 2070 tum
531 2003 695 2092 quianon
720 2024 864 2094 parvum
888 2003 978 2096 apud
1000 2003 1121 2074 multos
1140 2004 1234 2074 facila
1264 2003 1459 2074 scandalum
1504 1993 1505 2014 ¹

304 2110 425 2201 gignit,
443 2107 532 2200 quod
552 2109 691 2179 resciant
705 2131 800 2201 posse
815 2133 834 2180 a
849 2109 1006 2181 divitibus
1025 2111 1187 2182 mediante
1202 2113 1345 2204 pecunia
1367 2114 1461 2204 rigo-

306 2237 378 2285 rem
393 2215 531 2306 justitiae
554 2213 712 2284 declinari
730 2243 738 2284 z
755 2219 850 2308 cujus
870 2217 1014 2288 scandali
1039 2241 1101 2309 ego
1115 2218 1235 2288 alicubi
1258 2219 1352 2288 testis
1376 2221 1428 2288 tui
1452 2247 1460 2288 ε

305 2323 493 2416 praesertim
507 2345 584 2392 cum
600 2322 729 2392 difficile
752 2325 874 2415 vulgus
888 2325 951 2394 sibi
968 2325 1161 2418 persuadeat
1175 2347 1231 2396 eas
1251 2327 1416 2416 pecunias
1429 2327 1462 2396 iu

306 2433 378 2524 pios
397 2455 478 2502 usus
495 2430 634 2500 fideliter
652 2431 793 2521 erogari,
818 2438 850 2499 et
876 2432 912 2500 in
937 2433 1154 2503 commodum
1177 2433 1359 2504 curialium
1383 2435 1462 2527 Epi-

308 2538 409 2631 scopi,
427 2561 469 2606 cx
489 2545 580 2629 parte
596 2537 724 2624 saitem,
740 2560 806 2606 non
825 2537 950 2608 cedere.
968 2539 1032 2609 Sed
1051 2539 1265 2630 quantumvis
1283 2540 1341 2610 hm
1357 2545 1463 2610 ratio-

309 2670 367 2715 nes
386 2645 522 2715 suadere
542 2644 728 2734 videantur,
746 2652 784 2714 ut
805 2645 902 2714 hodie
918 2645 1023 2737 juder
1042 2647 1276 2716 ecclesiasticus
1298 2649 1462 2739 ejusmodi

308 2753 512 2847 pecuniarias
526 2753 779 2844 compositiones
793 2753 929 2844 rejiciat,
946 2763 978 2822 et
992 2762 1029 2822 ut
1043 2754 1164 2845 potina,
1179 2754 1208 2822 si
1224 2754 1306 2823 velit
1321 2757 1462 2845 gratiam

308 2885 366 2930 reo
388 2861 505 2945 facere,
522 2859 614 2926 illam
628 2861 730 2950 gratis
750 2861 886 2930 omnino
907 2861 1014 2950 iaciat,
1028 2861 1246 2932 nihilominus
1264 2871 1400 2933 certum
1419 2873 1463 2932 ert

310 2991 370 3061 par
385 2991 419 3036 se
433 2975 465 3035 et
480 2966 607 3058 dejure
628 2968 801 3036 communi
818 2967 941 3036 licitam
958 2977 990 3037 ct
1004 2966 1147 3038 validam
1163 2969 1197 3036 in
1219 2970 1321 3038 certis
1335 2972 1464 3040 casibus
1504 2921 1505 3006 1

312 3099 380 3144 esse
399 3075 623 3167 pecuniariam
639 3075 910 3167 compositionem
916 3102 926 3162 ;
948 3085 1044 3168 atqtm
1068 3075 1142 3145 ideo
1158 3074 1251 3145 iilam
1276 3077 1463 3170 exequendi

314 3184 453 3254 modum
468 3169 717 3276 pretermittere
728 3204 797 3252 non
810 3183 999 3253 debuimus.

876 3407 904 3479 Ι.

439 3573 560 3625 Formuta
574 3586 626 3638 qua
640 3586 700 3623 reus
714 3572 752 3624 uti
764 3575 851 3636 potest
865 3571 898 3624 ad
914 3571 1095 3636 postulandam
1109 3573 1337 3639 compositionem.

361 3766 376 3797 «
390 3739 464 3820 Epo
480 3737 535 3816 N„
550 3737 713 3818 reperiens
735 3753 787 3798 me
795 3744 1021 3818 processurum
1039 3738 1074 3800 11
1094 3738 1189 3802 curte
1210 3739 1392 3824 episcopati
1413 3740 1462 3816 at,

314 3867 377 3933 pro
400 3845 534 3911 crimt'ne
556 3851 678 3908 1111111
759 3843 804 3925 (et
827 3844 872 3907 ibi
896 3843 1073 3926 explicetur
1092 3847 1291 3926 praetensum
1316 3847 1464 3928 crimen),

320 3956 393 4019 ticet
411 3956 561 4018 11111111
581 3960 612 4014 11
639 3951 796 4015 immunis
822 3951 927 4016 sima
957 3951 1018 4015 teli
1045 3951 1173 4032 delicto,
1202 3961 1233 4016 11
1259 3954 1290 4016 si
1317 3954 1409 4034 sorte
1435 3956 1466 4016 ia

318 4063 430 4145 aliquo
444 4061 557 4124 errari
569 4058 672 4141 (quod
684 4075 751 4122 111
764 4058 859 4122 credo
882 4068 914 4122 et
926 4059 1088 4142 admitto),
1105 4061 1263 4142 11111111
1282 4079 1364 4126 cum
1387 4065 1462 4126 111-

312 4169 460 4250 plicitate
481 4174 514 4230 11
533 4167 604 4229 stne
623 4165 696 4230 doto
716 4165 781 4245 fect
795 4186 804 4226 :
819 4165 1031 4232 nihilominus
1053 4167 1274 4249 considerans,
1290 4170 1387 4253 quod
1402 4179 1464 4232 sta·

320 4277 452 4339 taimen
472 4294 538 4338 111-
557 4273 705 4338 convenit
724 4271 794 4337 lites
806 4274 917 4355 fouere
936 4282 968 4339 11
987 4273 1105 4340 habere
1123 4293 1198 4340 1111
1214 4277 1294 4357 fisco
1310 4300 1321 4339 :
1338 4277 1414 4342 ideo
1432 4283 1465 4338 11
