<?xml version="1.0" encoding="UTF-8"?>
<!DOCTYPE html PUBLIC "-//W3C//DTD XHTML 1.0 Transitional//EN"
    "http://www.w3.org/TR/xhtml1/DTD/xhtml1-transitional.dtd">
<html xmlns="http://www.w3.org/1999/xhtml" xml:lang="en" lang="en">
 <head>
  <title>
</title>
<meta http-equiv="Content-Type" content="text/html;charset=utf-8" />
  <meta name='ocr-system' content='tesseract 3.04.00' />
  <meta name='ocr-capabilities' content='ocr_page ocr_carea ocr_par ocr_line ocrx_word'/>
</head>
<body>
  <div class='ocr_page' id='page_1' title='image "./tractatusdejudi00goog_0366.png"; bbox 0 0 3050 4984; ppageno 0'>
   <div class='ocr_carea' id='block_1_1' title="bbox 293 460 1060 533">
    <p class='ocr_par' dir='ltr' id='par_1_1' title="bbox 293 460 1060 533">
     <span class='ocr_line' id='line_1_1' title="bbox 293 460 1060 533; baseline 0.005 -7"><span class='ocrx_word' id='word_1_1' title='bbox 293 460 356 527; x_wconf 74' lang='lat'><strong>358</strong></span> <span class='ocrx_word' id='word_1_2' title='bbox 668 485 844 531; x_wconf 74' lang='lat' dir='ltr'><strong>ursmarus</strong></span> <span class='ocrx_word' id='word_1_3' title='bbox 865 486 905 531; x_wconf 84' lang='lat' dir='ltr'><strong>nn</strong></span> <span class='ocrx_word' id='word_1_4' title='bbox 926 485 1060 533; x_wconf 73' lang='lat' dir='ltr'><strong>runicus.</strong></span> 
     </span>
    </p>
   </div>
   <div class='ocr_carea' id='block_1_2' title="bbox 289 598 1509 809">
    <p class='ocr_par' dir='ltr' id='par_1_2' title="bbox 289 598 1509 809">
     <span class='ocr_line' id='line_1_2' title="bbox 289 598 1509 700; baseline -0.002 -27"><span class='ocrx_word' id='word_1_5' title='bbox 289 605 461 696; x_wconf 79' lang='lat' dir='ltr'><strong>posuimus</strong></span> <span class='ocrx_word' id='word_1_6' title='bbox 478 605 649 675; x_wconf 83' lang='lat' dir='ltr'><strong>dumtaxat</strong></span> <span class='ocrx_word' id='word_1_7' title='bbox 668 629 782 676; x_wconf 83' lang='lat' dir='ltr'><strong>vocem</strong></span> <span class='ocrx_word' id='word_1_8' title='bbox 796 606 1013 698; x_wconf 78' lang='lat' dir='ltr'><strong>probabilius,</strong></span> <span class='ocrx_word' id='word_1_9' title='bbox 1029 630 1070 675; x_wconf 90' lang='lat' dir='ltr'><strong>nc</strong></span> <span class='ocrx_word' id='word_1_10' title='bbox 1088 608 1232 700; x_wconf 84' lang='lat' dir='ltr'><strong>alioquin</strong></span> <span class='ocrx_word' id='word_1_11' title='bbox 1252 610 1286 677; x_wconf 92' lang='lat' dir='ltr'><strong>in</strong></span> <span class='ocrx_word' id='word_1_12' title='bbox 1310 630 1344 677; x_wconf 88' lang='lat' dir='ltr'><strong>re</strong></span> <span class='ocrx_word' id='word_1_13' title='bbox 1370 632 1436 700; x_wconf 81' lang='lat' dir='ltr'><strong>pn-</strong></span> <span class='ocrx_word' id='word_1_14' title='bbox 1508 598 1509 637; x_wconf 67' lang='lat'>³</span> 
     </span>
     <span class='ocr_line' id='line_1_3' title="bbox 290 711 1509 809; baseline 0.002 -30"><span class='ocrx_word' id='word_1_15' title='bbox 290 735 367 780; x_wconf 90' lang='lat' dir='ltr'><strong>rum</strong></span> <span class='ocrx_word' id='word_1_16' title='bbox 387 711 494 781; x_wconf 90' lang='lat' dir='ltr'><strong>adhuc</strong></span> <span class='ocrx_word' id='word_1_17' title='bbox 513 735 533 781; x_wconf 89' lang='lat' dir='ltr'><strong>a</strong></span> <span class='ocrx_word' id='word_1_18' title='bbox 549 713 736 783; x_wconf 79' lang='lat' dir='ltr'><strong>ductoribus</strong></span> <span class='ocrx_word' id='word_1_19' title='bbox 756 713 939 800; x_wconf 87' lang='lat' dir='ltr'><strong>enucleata,</strong></span> <span class='ocrx_word' id='word_1_20' title='bbox 959 714 1121 784; x_wconf 79' lang='lat' dir='ltr'><strong>conclusio</strong></span> <span class='ocrx_word' id='word_1_21' title='bbox 1142 714 1264 807; x_wconf 86' lang='lat' dir='ltr'><strong>aliquid</strong></span> <span class='ocrx_word' id='word_1_22' title='bbox 1287 716 1436 785; x_wconf 84' lang='lat' dir='ltr'><strong>audacias</strong></span> <span class='ocrx_word' id='word_1_23' title='bbox 1508 776 1509 809; x_wconf 63' lang='lat'><strong>,</strong></span> 
     </span>
    </p>
   </div>
   <div class='ocr_carea' id='block_1_3' title="bbox 287 820 456 891">
    <p class='ocr_par' dir='ltr' id='par_1_3' title="bbox 287 820 456 891">
     <span class='ocr_line' id='line_1_4' title="bbox 287 820 456 891; baseline 0 -2"><span class='ocrx_word' id='word_1_24' title='bbox 287 820 456 891; x_wconf 73' lang='lat' dir='ltr'>redoleret.</span> 
     </span>
    </p>
   </div>
   <div class='ocr_carea' id='block_1_4' title="bbox 280 1674 1432 1769">
    <p class='ocr_par' dir='ltr' id='par_1_4' title="bbox 280 1674 1432 1769">
     <span class='ocr_line' id='line_1_5' title="bbox 280 1674 1432 1769; baseline 0 -23"><span class='ocrx_word' id='word_1_25' title='bbox 280 1678 320 1746; x_wconf 90' lang='lat' dir='ltr'><strong>ad</strong></span> <span class='ocrx_word' id='word_1_26' title='bbox 337 1677 471 1747; x_wconf 90' lang='lat' dir='ltr'><strong>titulum</strong></span> <span class='ocrx_word' id='word_1_27' title='bbox 486 1674 657 1766; x_wconf 86' lang='lat' dir='ltr'><strong>cujusdam</strong></span> <span class='ocrx_word' id='word_1_28' title='bbox 671 1675 790 1745; x_wconf 86' lang='lat' dir='ltr'><strong>ruralis</strong></span> <span class='ocrx_word' id='word_1_29' title='bbox 806 1675 984 1767; x_wconf 75' lang='lat' dir='ltr'><strong>parochiae,</strong></span> <span class='ocrx_word' id='word_1_30' title='bbox 1007 1676 1106 1769; x_wconf 89' lang='lat' dir='ltr'><strong>idque</strong></span> <span class='ocrx_word' id='word_1_31' title='bbox 1124 1698 1165 1743; x_wconf 83' lang='lat' dir='ltr'><strong>ex</strong></span> <span class='ocrx_word' id='word_1_32' title='bbox 1185 1676 1312 1745; x_wconf 90' lang='lat' dir='ltr'><strong>indulto</strong></span> <span class='ocrx_word' id='word_1_33' title='bbox 1330 1700 1432 1768; x_wconf 88' lang='lat' dir='ltr'><strong>apos-</strong></span> 
     </span>
    </p>
   </div>
   <div class='ocr_carea' id='block_1_5' title="bbox 282 1781 1509 1875">
    <p class='ocr_par' dir='ltr' id='par_1_5' title="bbox 282 1781 1509 1875">
     <span class='ocr_line' id='line_1_6' title="bbox 282 1781 1509 1875; baseline 0.001 -21"><span class='ocrx_word' id='word_1_34' title='bbox 282 1785 391 1871; x_wconf 89' lang='lat' dir='ltr'><strong>tolico,</strong></span> <span class='ocrx_word' id='word_1_35' title='bbox 408 1784 488 1875; x_wconf 84' lang='lat' dir='ltr'><strong>qnia</strong></span> <span class='ocrx_word' id='word_1_36' title='bbox 501 1782 654 1875; x_wconf 86' lang='lat' dir='ltr'><strong>parochia</strong></span> <span class='ocrx_word' id='word_1_37' title='bbox 675 1783 733 1851; x_wconf 89' lang='lat' dir='ltr'><strong>illa</strong></span> <span class='ocrx_word' id='word_1_38' title='bbox 751 1791 820 1851; x_wconf 88' lang='lat' dir='ltr'><strong>erat</strong></span> <span class='ocrx_word' id='word_1_39' title='bbox 841 1781 882 1851; x_wconf 86' lang='lat' dir='ltr'><strong>ad</strong></span> <span class='ocrx_word' id='word_1_40' title='bbox 903 1791 1022 1851; x_wconf 89' lang='lat' dir='ltr'><strong>nutum</strong></span> <span class='ocrx_word' id='word_1_41' title='bbox 1045 1782 1243 1853; x_wconf 86' lang='lat' dir='ltr'><strong>amovibitis.</strong></span> <span class='ocrx_word' id='word_1_42' title='bbox 1267 1784 1317 1853; x_wconf 86' lang='lat' dir='ltr'><strong>Ob</strong></span> <span class='ocrx_word' id='word_1_43' title='bbox 1336 1786 1432 1855; x_wconf 83' lang='lat' dir='ltr'><strong>varia</strong></span> <span class='ocrx_word' id='word_1_44' title='bbox 1508 1800 1509 1811; x_wconf 59' lang='lat'>¹</span> 
     </span>
    </p>
   </div>
   <div class='ocr_carea' id='block_1_6' title="bbox 281 1888 1430 1983">
    <p class='ocr_par' dir='ltr' id='par_1_6' title="bbox 281 1888 1430 1983">
     <span class='ocr_line' id='line_1_7' title="bbox 281 1888 1430 1983; baseline 0.002 -24"><span class='ocrx_word' id='word_1_45' title='bbox 281 1891 397 1960; x_wconf 88' lang='lat' dir='ltr'><strong>delicta</strong></span> <span class='ocrx_word' id='word_1_46' title='bbox 422 1912 498 1959; x_wconf 90' lang='lat' dir='ltr'><strong>eum</strong></span> <span class='ocrx_word' id='word_1_47' title='bbox 525 1912 567 1957; x_wconf 87' lang='lat' dir='ltr'><strong>ex</strong></span> <span class='ocrx_word' id='word_1_48' title='bbox 593 1890 770 1958; x_wconf 80' lang='lat' dir='ltr'><strong>informata</strong></span> <span class='ocrx_word' id='word_1_49' title='bbox 795 1888 989 1958; x_wconf 87' lang='lat' dir='ltr'><strong>conscientia</strong></span> <span class='ocrx_word' id='word_1_50' title='bbox 1010 1889 1188 1982; x_wconf 79' lang='lat' dir='ltr'><strong>Episcopus</strong></span> <span class='ocrx_word' id='word_1_51' title='bbox 1212 1891 1383 1983; x_wconf 81' lang='lat' dir='ltr'><strong>suspendit</strong></span> <span class='ocrx_word' id='word_1_52' title='bbox 1409 1917 1430 1961; x_wconf 85' lang='lat' dir='ltr'><strong>a</strong></span> 
     </span>
    </p>
   </div>
   <div class='ocr_carea' id='block_1_7' title="bbox 275 1995 1509 3583">
    <p class='ocr_par' dir='ltr' id='par_1_7' title="bbox 275 1995 1509 3583">
     <span class='ocr_line' id='line_1_8' title="bbox 280 1995 1509 2088; baseline 0 -21"><span class='ocrx_word' id='word_1_53' title='bbox 280 1997 399 2067; x_wconf 70' lang='lat' dir='ltr'><strong>diuisus</strong></span> <span class='ocrx_word' id='word_1_54' title='bbox 421 2010 452 2065; x_wconf 86' lang='lat' dir='ltr'><strong>ct</strong></span> <span class='ocrx_word' id='word_1_55' title='bbox 472 1996 515 2064; x_wconf 83' lang='lat' dir='ltr'><strong>ab</strong></span> <span class='ocrx_word' id='word_1_56' title='bbox 534 1996 650 2088; x_wconf 78' lang='lat' dir='ltr'><strong>officio.</strong></span> <span class='ocrx_word' id='word_1_57' title='bbox 678 1995 862 2064; x_wconf 89' lang='lat' dir='ltr'><strong>Recursum</strong></span> <span class='ocrx_word' id='word_1_58' title='bbox 887 2018 947 2087; x_wconf 92' lang='lat' dir='ltr'><strong>pro</strong></span> <span class='ocrx_word' id='word_1_59' title='bbox 972 1996 1221 2083; x_wconf 74' lang='lat' dir='ltr'><strong>reintegratione</strong></span> <span class='ocrx_word' id='word_1_60' title='bbox 1248 1997 1429 2067; x_wconf 83' lang='lat' dir='ltr'><strong>obtinenda</strong></span> <span class='ocrx_word' id='word_1_61' title='bbox 1508 2044 1509 2087; x_wconf 48' lang='lat'>3</span> 
     </span>
     <span class='ocr_line' id='line_1_9' title="bbox 281 2102 1509 2199; baseline 0 -25"><span class='ocrx_word' id='word_1_62' title='bbox 281 2106 355 2175; x_wconf 85' lang='lat' dir='ltr'><strong>fecit</strong></span> <span class='ocrx_word' id='word_1_63' title='bbox 377 2103 531 2190; x_wconf 80' lang='lat' dir='ltr'><strong>Bollctta3</strong></span> <span class='ocrx_word' id='word_1_64' title='bbox 555 2112 587 2171; x_wconf 91' lang='lat' dir='ltr'><strong>et</strong></span> <span class='ocrx_word' id='word_1_65' title='bbox 613 2102 677 2171; x_wconf 90' lang='lat' dir='ltr'><strong>duo</strong></span> <span class='ocrx_word' id='word_1_66' title='bbox 705 2102 869 2193; x_wconf 87' lang='lat' dir='ltr'><strong>proposita</strong></span> <span class='ocrx_word' id='word_1_67' title='bbox 892 2110 969 2171; x_wconf 92' lang='lat' dir='ltr'><strong>sunt</strong></span> <span class='ocrx_word' id='word_1_68' title='bbox 997 2102 1099 2173; x_wconf 84' lang='lat' dir='ltr'><strong>dubia</strong></span> <span class='ocrx_word' id='word_1_69' title='bbox 1127 2131 1134 2171; x_wconf 91' lang='lat'><strong>:</strong></span> <span class='ocrx_word' id='word_1_70' title='bbox 1165 2108 1195 2169; x_wconf 74' lang='lat'><strong>1⁰</strong></span> <span class='ocrx_word' id='word_1_71' title='bbox 1223 2103 1429 2174; x_wconf 87' lang='lat' dir='ltr'><strong>auderetur</strong></span> <span class='ocrx_word' id='word_1_72' title='bbox 1508 2134 1509 2199; x_wconf 50' lang='lat' dir='ltr'><strong><em>g</em></strong></span> 
     </span>
     <span class='ocr_line' id='line_1_10' title="bbox 281 2200 1509 2301; baseline 0 -20"><span class='ocrx_word' id='word_1_73' title='bbox 281 2210 522 2301; x_wconf 81' lang='lat' dir='ltr'><strong>reintegrationi</strong></span> <span class='ocrx_word' id='word_1_74' title='bbox 548 2209 656 2289; x_wconf 91' lang='lat' dir='ltr'><strong>locus;</strong></span> <span class='ocrx_word' id='word_1_75' title='bbox 681 2214 715 2277; x_wconf 76' lang='grc' dir='ltr'><strong>2ο</strong></span> <span class='ocrx_word' id='word_1_76' title='bbox 740 2232 783 2277; x_wconf 87' lang='lat' dir='ltr'><strong>an</strong></span> <span class='ocrx_word' id='word_1_77' title='bbox 806 2218 838 2277; x_wconf 92' lang='lat' dir='ltr'><strong>et</strong></span> <span class='ocrx_word' id='word_1_78' title='bbox 860 2208 1026 2301; x_wconf 90' lang='lat' dir='ltr'><strong>quomodo</strong></span> <span class='ocrx_word' id='word_1_79' title='bbox 1051 2210 1315 2301; x_wconf 88' lang='lat' dir='ltr'><strong>prospiciendum</strong></span> <span class='ocrx_word' id='word_1_80' title='bbox 1342 2222 1427 2281; x_wconf 89' lang='lat' dir='ltr'><strong>esset</strong></span> <span class='ocrx_word' id='word_1_81' title='bbox 1508 2200 1509 2243; x_wconf 60' lang='lat'><em>³</em></span> 
     </span>
     <span class='ocr_line' id='line_1_11' title="bbox 280 2315 1509 2429; baseline 0.001 -42"><span class='ocrx_word' id='word_1_82' title='bbox 280 2318 476 2412; x_wconf 88' lang='lat' dir='ltr'><strong>patrimonio</strong></span> <span class='ocrx_word' id='word_1_83' title='bbox 505 2324 537 2385; x_wconf 91' lang='lat' dir='ltr'><strong>et</strong></span> <span class='ocrx_word' id='word_1_84' title='bbox 560 2317 725 2385; x_wconf 86' lang='lat' dir='ltr'><strong>alimentis</strong></span> <span class='ocrx_word' id='word_1_85' title='bbox 752 2315 911 2385; x_wconf 84' lang='lat' dir='ltr'><strong>Bollettae.</strong></span> <span class='ocrx_word' id='word_1_86' title='bbox 941 2317 1035 2386; x_wconf 82' lang='lat' dir='ltr'><strong>Circa</strong></span> <span class='ocrx_word' id='word_1_87' title='bbox 1061 2316 1149 2409; x_wconf 92' lang='lat' dir='ltr'><strong>quod</strong></span> <span class='ocrx_word' id='word_1_88' title='bbox 1176 2319 1335 2409; x_wconf 88' lang='lat' dir='ltr'><strong>posterius</strong></span> <span class='ocrx_word' id='word_1_89' title='bbox 1360 2319 1426 2388; x_wconf 90' lang='lat' dir='ltr'><strong>du·</strong></span> <span class='ocrx_word' id='word_1_90' title='bbox 1508 2396 1509 2429; x_wconf 69' lang='lat'><strong>,</strong></span> 
     </span>
     <span class='ocr_line' id='line_1_12' title="bbox 281 2421 1509 2512; baseline 0.003 -17"><span class='ocrx_word' id='word_1_91' title='bbox 281 2428 373 2495; x_wconf 91' lang='lat' dir='ltr'><strong>bium</strong></span> <span class='ocrx_word' id='word_1_92' title='bbox 389 2426 434 2493; x_wconf 92' lang='lat' dir='ltr'><strong>sic</strong></span> <span class='ocrx_word' id='word_1_93' title='bbox 448 2423 622 2493; x_wconf 85' lang='lat' dir='ltr'><strong>adnotabat</strong></span> <span class='ocrx_word' id='word_1_94' title='bbox 636 2421 745 2492; x_wconf 81' lang='lat' dir='ltr'><strong>Sacrae</strong></span> <span class='ocrx_word' id='word_1_95' title='bbox 757 2422 1026 2512; x_wconf 78' lang='lat' dir='ltr'><strong>Congregationis</strong></span> <span class='ocrx_word' id='word_1_96' title='bbox 1037 2424 1225 2493; x_wconf 87' lang='lat' dir='ltr'><strong>secretarius</strong></span> <span class='ocrx_word' id='word_1_97' title='bbox 1244 2451 1251 2492; x_wconf 94' lang='lat'><strong>:</strong></span> <span class='ocrx_word' id='word_1_98' title='bbox 1269 2449 1285 2489; x_wconf 82' lang='lat' dir='ltr'><strong>c</strong></span> <span class='ocrx_word' id='word_1_99' title='bbox 1300 2424 1425 2494; x_wconf 88' lang='lat' dir='ltr'><strong>Secun-</strong></span> <span class='ocrx_word' id='word_1_100' title='bbox 1508 2444 1509 2499; x_wconf 72' lang='lat' dir='ltr'><strong>t</strong></span> 
     </span>
     <span class='ocr_line' id='line_1_13' title="bbox 286 2528 1426 2621; baseline 0.002 -23"><span class='ocrx_word' id='word_1_101' title='bbox 286 2560 303 2598; x_wconf 80' lang='lat' dir='ltr'><strong>n</strong></span> <span class='ocrx_word' id='word_1_102' title='bbox 325 2534 406 2601; x_wconf 88' lang='lat' dir='ltr'><strong>dnm</strong></span> <span class='ocrx_word' id='word_1_103' title='bbox 424 2531 563 2600; x_wconf 90' lang='lat' dir='ltr'><strong>dubium</strong></span> <span class='ocrx_word' id='word_1_104' title='bbox 586 2529 716 2621; x_wconf 86' lang='lat' dir='ltr'><strong>respicit</strong></span> <span class='ocrx_word' id='word_1_105' title='bbox 738 2528 876 2599; x_wconf 90' lang='lat' dir='ltr'><strong>modum</strong></span> <span class='ocrx_word' id='word_1_106' title='bbox 898 2552 964 2621; x_wconf 93' lang='lat' dir='ltr'><strong>quo</strong></span> <span class='ocrx_word' id='word_1_107' title='bbox 986 2530 1184 2621; x_wconf 88' lang='lat' dir='ltr'><strong>patrimonio</strong></span> <span class='ocrx_word' id='word_1_108' title='bbox 1206 2540 1238 2599; x_wconf 89' lang='lat' dir='ltr'><strong>et</strong></span> <span class='ocrx_word' id='word_1_109' title='bbox 1261 2530 1426 2601; x_wconf 89' lang='lat' dir='ltr'><strong>alimentis</strong></span> 
     </span>
     <span class='ocr_line' id='line_1_14' title="bbox 284 2634 1509 2730; baseline 0 -23"><span class='ocrx_word' id='word_1_110' title='bbox 284 2669 301 2706; x_wconf 75' lang='lat' dir='ltr'><strong>a</strong></span> <span class='ocrx_word' id='word_1_111' title='bbox 326 2637 458 2730; x_wconf 83' lang='lat' dir='ltr'><strong>parochi</strong></span> <span class='ocrx_word' id='word_1_112' title='bbox 473 2635 599 2705; x_wconf 89' lang='lat' dir='ltr'><strong>consuli</strong></span> <span class='ocrx_word' id='word_1_113' title='bbox 610 2634 736 2723; x_wconf 88' lang='lat' dir='ltr'><strong>debeat,</strong></span> <span class='ocrx_word' id='word_1_114' title='bbox 749 2644 911 2728; x_wconf 85' lang='lat' dir='ltr'><strong>quatenus</strong></span> <span class='ocrx_word' id='word_1_115' title='bbox 920 2636 1115 2705; x_wconf 77' lang='lat' dir='ltr'><strong>Eminentia</strong></span> <span class='ocrx_word' id='word_1_116' title='bbox 1127 2636 1253 2705; x_wconf 72' lang='lat' dir='ltr'><strong>Vestrae</strong></span> <span class='ocrx_word' id='word_1_117' title='bbox 1267 2636 1424 2707; x_wconf 89' lang='lat' dir='ltr'><strong>eumdem</strong></span> <span class='ocrx_word' id='word_1_118' title='bbox 1508 2668 1509 2725; x_wconf 56' lang='lat' dir='ltr'><strong>i</strong></span> 
     </span>
     <span class='ocr_line' id='line_1_15' title="bbox 285 2743 1425 2836; baseline 0.002 -24"><span class='ocrx_word' id='word_1_119' title='bbox 285 2777 302 2814; x_wconf 77' lang='lat' dir='ltr'><strong>a</strong></span> <span class='ocrx_word' id='word_1_120' title='bbox 324 2744 608 2833; x_wconf 80' lang='lat' dir='ltr'><strong>areintegratione</strong></span> <span class='ocrx_word' id='word_1_121' title='bbox 625 2743 666 2811; x_wconf 89' lang='lat' dir='ltr'><strong>ad</strong></span> <span class='ocrx_word' id='word_1_122' title='bbox 686 2744 861 2836; x_wconf 70' lang='lat' dir='ltr'><strong>paraeciam</strong></span> <span class='ocrx_word' id='word_1_123' title='bbox 882 2744 1051 2835; x_wconf 87' lang='lat' dir='ltr'><strong>repellant.</strong></span> <span class='ocrx_word' id='word_1_124' title='bbox 1071 2745 1156 2813; x_wconf 89' lang='lat' dir='ltr'><strong>Nam</strong></span> <span class='ocrx_word' id='word_1_125' title='bbox 1188 2743 1356 2815; x_wconf 88' lang='lat' dir='ltr'><strong>ordinatus</strong></span> <span class='ocrx_word' id='word_1_126' title='bbox 1376 2755 1425 2815; x_wconf 88' lang='lat' dir='ltr'><strong>est</strong></span> 
     </span>
     <span class='ocr_line' id='line_1_16' title="bbox 285 2850 1509 2943; baseline 0.003 -26"><span class='ocrx_word' id='word_1_127' title='bbox 285 2883 302 2919; x_wconf 65' lang='grc' dir='ltr'><strong>ι(</strong></span> <span class='ocrx_word' id='word_1_128' title='bbox 324 2852 365 2921; x_wconf 91' lang='lat' dir='ltr'><strong>ad</strong></span> <span class='ocrx_word' id='word_1_129' title='bbox 384 2851 516 2919; x_wconf 87' lang='lat' dir='ltr'><strong>titulum</strong></span> <span class='ocrx_word' id='word_1_130' title='bbox 534 2851 682 2940; x_wconf 80' lang='lat' dir='ltr'><strong>paroeciae</strong></span> <span class='ocrx_word' id='word_1_131' title='bbox 696 2872 716 2918; x_wconf 87' lang='lat' dir='ltr'><strong>a</strong></span> <span class='ocrx_word' id='word_1_132' title='bbox 728 2874 794 2942; x_wconf 85' lang='lat' dir='ltr'><strong>qua</strong></span> <span class='ocrx_word' id='word_1_133' title='bbox 810 2873 987 2942; x_wconf 87' lang='lat' dir='ltr'><strong>suspensus</strong></span> <span class='ocrx_word' id='word_1_134' title='bbox 1000 2859 1058 2919; x_wconf 91' lang='lat' dir='ltr'><strong>est.</strong></span> <span class='ocrx_word' id='word_1_135' title='bbox 1074 2850 1184 2921; x_wconf 86' lang='lat' dir='ltr'><strong>Gratis</strong></span> <span class='ocrx_word' id='word_1_136' title='bbox 1199 2852 1311 2919; x_wconf 84' lang='lat' dir='ltr'><strong>usserit</strong></span> <span class='ocrx_word' id='word_1_137' title='bbox 1325 2874 1425 2943; x_wconf 86' lang='lat' dir='ltr'><strong>pano-</strong></span> <span class='ocrx_word' id='word_1_138' title='bbox 1508 2854 1509 2903; x_wconf 48' lang='grc' dir='ltr'>ἶ</span> 
     </span>
     <span class='ocr_line' id='line_1_17' title="bbox 282 2955 1425 3049; baseline 0.004 -24"><span class='ocrx_word' id='word_1_139' title='bbox 282 2990 299 3025; x_wconf 74' lang='lat' dir='ltr'><strong>a</strong></span> <span class='ocrx_word' id='word_1_140' title='bbox 321 2959 414 3040; x_wconf 92' lang='lat' dir='ltr'><strong>chus,</strong></span> <span class='ocrx_word' id='word_1_141' title='bbox 430 2956 516 3049; x_wconf 87' lang='lat' dir='ltr'><strong>quod</strong></span> <span class='ocrx_word' id='word_1_142' title='bbox 531 2978 573 3024; x_wconf 83' lang='lat' dir='ltr'><strong>ex</strong></span> <span class='ocrx_word' id='word_1_143' title='bbox 585 2955 744 3025; x_wconf 80' lang='lat' dir='ltr'><strong>fructibus</strong></span> <span class='ocrx_word' id='word_1_144' title='bbox 758 2958 908 3049; x_wconf 84' lang='lat' dir='ltr'><strong>pnroeeiae</strong></span> <span class='ocrx_word' id='word_1_145' title='bbox 923 2957 1056 3025; x_wconf 85' lang='lat' dir='ltr'><strong>redeant</strong></span> <span class='ocrx_word' id='word_1_146' title='bbox 1069 2979 1178 3026; x_wconf 87' lang='lat' dir='ltr'><strong>annua</strong></span> <span class='ocrx_word' id='word_1_147' title='bbox 1193 2968 1283 3026; x_wconf 88' lang='lat' dir='ltr'><strong>scuta</strong></span> <span class='ocrx_word' id='word_1_148' title='bbox 1297 2968 1425 3029; x_wconf 87' lang='lat' dir='ltr'><strong>tercen-</strong></span> 
     </span>
     <span class='ocr_line' id='line_1_18' title="bbox 284 3063 1509 3156; baseline 0.002 -24"><span class='ocrx_word' id='word_1_149' title='bbox 284 3098 300 3132; x_wconf 74' lang='lat' dir='ltr'><strong>a</strong></span> <span class='ocrx_word' id='word_1_150' title='bbox 324 3076 396 3135; x_wconf 92' lang='lat' dir='ltr'><strong>tum</strong></span> <span class='ocrx_word' id='word_1_151' title='bbox 421 3064 625 3155; x_wconf 86' lang='lat' dir='ltr'><strong>:Episcopus</strong></span> <span class='ocrx_word' id='word_1_152' title='bbox 646 3063 707 3132; x_wconf 92' lang='lat' dir='ltr'><strong>hoc</strong></span> <span class='ocrx_word' id='word_1_153' title='bbox 726 3074 834 3154; x_wconf 81' lang='lat' dir='ltr'><strong>negat,</strong></span> <span class='ocrx_word' id='word_1_154' title='bbox 857 3076 888 3131; x_wconf 87' lang='lat' dir='ltr'><strong>et</strong></span> <span class='ocrx_word' id='word_1_155' title='bbox 905 3065 962 3133; x_wconf 85' lang='lat' dir='ltr'><strong>vix</strong></span> <span class='ocrx_word' id='word_1_156' title='bbox 986 3065 1112 3133; x_wconf 82' lang='lat' dir='ltr'><strong>fructus</strong></span> <span class='ocrx_word' id='word_1_157' title='bbox 1135 3064 1327 3156; x_wconf 83' lang='lat' dir='ltr'><strong>hujusmodi</strong></span> <span class='ocrx_word' id='word_1_158' title='bbox 1345 3068 1424 3135; x_wconf 86' lang='lat' dir='ltr'><strong>satis</strong></span> <span class='ocrx_word' id='word_1_159' title='bbox 1508 3070 1509 3127; x_wconf 72' lang='lat' dir='ltr'><strong>t</strong></span> 
     </span>
     <span class='ocr_line' id='line_1_19' title="bbox 281 3169 1422 3263; baseline 0.002 -24"><span class='ocrx_word' id='word_1_160' title='bbox 281 3202 299 3239; x_wconf 81' lang='lat' dir='ltr'><strong>u</strong></span> <span class='ocrx_word' id='word_1_161' title='bbox 321 3195 390 3243; x_wconf 87' lang='lat' dir='ltr'><strong>esse</strong></span> <span class='ocrx_word' id='word_1_162' title='bbox 404 3170 546 3239; x_wconf 86' lang='lat' dir='ltr'><strong>affirmat</strong></span> <span class='ocrx_word' id='word_1_163' title='bbox 559 3170 600 3239; x_wconf 87' lang='lat' dir='ltr'><strong>ad</strong></span> <span class='ocrx_word' id='word_1_164' title='bbox 612 3170 811 3261; x_wconf 87' lang='lat' dir='ltr'><strong>stipendium</strong></span> <span class='ocrx_word' id='word_1_165' title='bbox 827 3171 999 3239; x_wconf 59' lang='lat' dir='ltr'><strong>monenti.</strong></span> <span class='ocrx_word' id='word_1_166' title='bbox 1013 3197 1030 3236; x_wconf 77' lang='lat' dir='ltr'><strong>r&gt;</strong></span> <span class='ocrx_word' id='word_1_167' title='bbox 1045 3169 1144 3239; x_wconf 85' lang='lat' dir='ltr'><strong>Sacra</strong></span> <span class='ocrx_word' id='word_1_168' title='bbox 1154 3180 1264 3241; x_wconf 83' lang='lat' dir='ltr'><strong>autem</strong></span> <span class='ocrx_word' id='word_1_169' title='bbox 1275 3172 1422 3263; x_wconf 78' lang='lat' dir='ltr'><strong>Congre-</strong></span> 
     </span>
     <span class='ocr_line' id='line_1_20' title="bbox 277 3276 1418 3373; baseline 0 -24"><span class='ocrx_word' id='word_1_170' title='bbox 277 3282 364 3373; x_wconf 84' lang='lat' dir='ltr'><strong>gatis</strong></span> <span class='ocrx_word' id='word_1_171' title='bbox 376 3277 492 3369; x_wconf 87' lang='lat' dir='ltr'><strong>rejecta</strong></span> <span class='ocrx_word' id='word_1_172' title='bbox 505 3277 769 3367; x_wconf 79' lang='lat' dir='ltr'><strong>reintegratione,</strong></span> <span class='ocrx_word' id='word_1_173' title='bbox 784 3278 825 3346; x_wconf 85' lang='lat' dir='ltr'><strong>ad</strong></span> <span class='ocrx_word' id='word_1_174' title='bbox 835 3278 995 3367; x_wconf 83' lang='lat' dir='ltr'><strong>posterius</strong></span> <span class='ocrx_word' id='word_1_175' title='bbox 1007 3276 1067 3345; x_wconf 88' lang='lat' dir='ltr'><strong>hoc</strong></span> <span class='ocrx_word' id='word_1_176' title='bbox 1078 3276 1218 3346; x_wconf 91' lang='lat' dir='ltr'><strong>dubium</strong></span> <span class='ocrx_word' id='word_1_177' title='bbox 1231 3281 1418 3371; x_wconf 90' lang='lat' dir='ltr'><strong>respondit:</strong></span> 
     </span>
     <span class='ocr_line' id='line_1_21' title="bbox 277 3386 1417 3482; baseline -0.001 -24"><span class='ocrx_word' id='word_1_178' title='bbox 277 3386 482 3482; x_wconf 70' lang='lat' dir='ltr'><strong>affirmative</strong></span> <span class='ocrx_word' id='word_1_179' title='bbox 503 3409 544 3454; x_wconf 80' lang='lat' dir='ltr'><strong>cs</strong></span> <span class='ocrx_word' id='word_1_180' title='bbox 565 3386 724 3455; x_wconf 80' lang='lat' dir='ltr'><strong>reditibus</strong></span> <span class='ocrx_word' id='word_1_181' title='bbox 739 3388 898 3477; x_wconf 69' lang='lat' dir='ltr'><strong>paroeciae</strong></span> <span class='ocrx_word' id='word_1_182' title='bbox 914 3386 988 3453; x_wconf 78' lang='lat' dir='ltr'><strong>:siu</strong></span> <span class='ocrx_word' id='word_1_183' title='bbox 1009 3386 1128 3467; x_wconf 80' lang='lat' dir='ltr'><strong>minus,</strong></span> <span class='ocrx_word' id='word_1_184' title='bbox 1145 3399 1250 3476; x_wconf 83' lang='lat' dir='ltr'><strong>prout</strong></span> <span class='ocrx_word' id='word_1_185' title='bbox 1268 3386 1308 3455; x_wconf 83' lang='lat' dir='ltr'><strong>de</strong></span> <span class='ocrx_word' id='word_1_186' title='bbox 1324 3390 1417 3479; x_wconf 84' lang='lat' dir='ltr'><strong>jure.</strong></span> 
     </span>
     <span class='ocr_line' id='line_1_22' title="bbox 275 3491 1509 3583; baseline 0.001 -19"><span class='ocrx_word' id='word_1_187' title='bbox 275 3497 356 3579; x_wconf 80' lang='lat' dir='ltr'><strong>Quae</strong></span> <span class='ocrx_word' id='word_1_188' title='bbox 371 3493 448 3562; x_wconf 86' lang='lat' dir='ltr'><strong>satis</strong></span> <span class='ocrx_word' id='word_1_189' title='bbox 459 3493 602 3560; x_wconf 92' lang='lat' dir='ltr'><strong>innuunt</strong></span> <span class='ocrx_word' id='word_1_190' title='bbox 617 3514 683 3560; x_wconf 92' lang='lat' dir='ltr'><strong>uon</strong></span> <span class='ocrx_word' id='word_1_191' title='bbox 696 3492 839 3583; x_wconf 85' lang='lat' dir='ltr'><strong>potuisse</strong></span> <span class='ocrx_word' id='word_1_192' title='bbox 853 3491 976 3561; x_wconf 90' lang='lat' dir='ltr'><strong>dictum</strong></span> <span class='ocrx_word' id='word_1_193' title='bbox 991 3492 1146 3561; x_wconf 88' lang='lat' dir='ltr'><strong>clericum</strong></span> <span class='ocrx_word' id='word_1_194' title='bbox 1161 3514 1219 3583; x_wconf 86' lang='lat' dir='ltr'><strong>per</strong></span> <span class='ocrx_word' id='word_1_195' title='bbox 1231 3494 1330 3563; x_wconf 87' lang='lat' dir='ltr'><strong>talem</strong></span> <span class='ocrx_word' id='word_1_196' title='bbox 1346 3518 1421 3565; x_wconf 88' lang='lat' dir='ltr'><strong>sen-</strong></span> <span class='ocrx_word' id='word_1_197' title='bbox 1508 3510 1509 3521; x_wconf 59' lang='lat'>¹</span> 
     </span>
    </p>
   </div>
   <div class='ocr_carea' id='block_1_8' title="bbox 269 3597 1420 4335">
    <p class='ocr_par' dir='ltr' id='par_1_8' title="bbox 269 3597 1420 4227">
     <span class='ocr_line' id='line_1_23' title="bbox 276 3597 1420 3693; baseline 0.002 -23"><span class='ocrx_word' id='word_1_198' title='bbox 276 3602 412 3671; x_wconf 88' lang='lat' dir='ltr'><strong>tentiam</strong></span> <span class='ocrx_word' id='word_1_199' title='bbox 438 3597 564 3690; x_wconf 86' lang='lat' dir='ltr'><strong>privari</strong></span> <span class='ocrx_word' id='word_1_200' title='bbox 593 3619 653 3665; x_wconf 90' lang='lat' dir='ltr'><strong>suo</strong></span> <span class='ocrx_word' id='word_1_201' title='bbox 681 3597 861 3684; x_wconf 88' lang='lat' dir='ltr'><strong>beneficio,</strong></span> <span class='ocrx_word' id='word_1_202' title='bbox 892 3599 1005 3668; x_wconf 87' lang='lat' dir='ltr'><strong>saltem</strong></span> <span class='ocrx_word' id='word_1_203' title='bbox 1034 3620 1076 3667; x_wconf 85' lang='lat' dir='ltr'><strong>ex</strong></span> <span class='ocrx_word' id='word_1_204' title='bbox 1105 3599 1296 3669; x_wconf 85' lang='lat' dir='ltr'><strong>curatione</strong></span> <span class='ocrx_word' id='word_1_205' title='bbox 1331 3604 1420 3693; x_wconf 91' lang='lat' dir='ltr'><strong>quod</strong></span> 
     </span>
     <span class='ocr_line' id='line_1_24' title="bbox 273 3704 1419 3796; baseline 0 -18"><span class='ocrx_word' id='word_1_206' title='bbox 273 3706 467 3778; x_wconf 85' lang='lat' dir='ltr'><strong>beneficium</strong></span> <span class='ocrx_word' id='word_1_207' title='bbox 490 3704 571 3772; x_wconf 92' lang='lat' dir='ltr'><strong>illud</strong></span> <span class='ocrx_word' id='word_1_208' title='bbox 599 3713 683 3773; x_wconf 87' lang='lat' dir='ltr'><strong>esset</strong></span> <span class='ocrx_word' id='word_1_209' title='bbox 708 3704 822 3773; x_wconf 88' lang='lat' dir='ltr'><strong>titulus</strong></span> <span class='ocrx_word' id='word_1_210' title='bbox 849 3705 953 3796; x_wconf 91' lang='lat' dir='ltr'><strong>ipsius</strong></span> <span class='ocrx_word' id='word_1_211' title='bbox 976 3704 1188 3774; x_wconf 79' lang='lat' dir='ltr'><strong>ordinationis</strong></span> <span class='ocrx_word' id='word_1_212' title='bbox 1212 3734 1219 3772; x_wconf 95' lang='lat'><strong>:</strong></span> <span class='ocrx_word' id='word_1_213' title='bbox 1245 3707 1325 3775; x_wconf 86' lang='lat' dir='ltr'><strong>item</strong></span> <span class='ocrx_word' id='word_1_214' title='bbox 1353 3732 1419 3778; x_wconf 91' lang='lat' dir='ltr'><strong>non</strong></span> 
     </span>
     <span class='ocr_line' id='line_1_25' title="bbox 272 3811 1418 3908; baseline 0.001 -23"><span class='ocrx_word' id='word_1_215' title='bbox 272 3816 414 3908; x_wconf 90' lang='lat' dir='ltr'><strong>potuisse</strong></span> <span class='ocrx_word' id='word_1_216' title='bbox 438 3811 562 3903; x_wconf 82' lang='lat' dir='ltr'><strong>privari</strong></span> <span class='ocrx_word' id='word_1_217' title='bbox 591 3811 739 3902; x_wconf 85' lang='lat' dir='ltr'><strong>ejusdem</strong></span> <span class='ocrx_word' id='word_1_218' title='bbox 767 3811 915 3881; x_wconf 82' lang='lat' dir='ltr'><strong>beneficii</strong></span> <span class='ocrx_word' id='word_1_219' title='bbox 942 3812 1118 3899; x_wconf 87' lang='lat' dir='ltr'><strong>fructibus,</strong></span> <span class='ocrx_word' id='word_1_220' title='bbox 1145 3812 1220 3881; x_wconf 91' lang='lat' dir='ltr'><strong>licet</strong></span> <span class='ocrx_word' id='word_1_221' title='bbox 1244 3814 1418 3904; x_wconf 80' lang='lat' dir='ltr'><strong>praeleveri</strong></span> 
     </span>
     <span class='ocr_line' id='line_1_26' title="bbox 272 3918 1419 4009; baseline 0.002 -18"><span class='ocrx_word' id='word_1_222' title='bbox 272 3923 402 3993; x_wconf 88' lang='lat' dir='ltr'><strong>deberet</strong></span> <span class='ocrx_word' id='word_1_223' title='bbox 417 3918 599 3987; x_wconf 88' lang='lat' dir='ltr'><strong>necessarie</strong></span> <span class='ocrx_word' id='word_1_224' title='bbox 617 3919 806 3987; x_wconf 78' lang='lat' dir='ltr'><strong>sustentatio</strong></span> <span class='ocrx_word' id='word_1_225' title='bbox 824 3920 995 3999; x_wconf 80' lang='lat' dir='ltr'><strong>oeconomi,</strong></span> <span class='ocrx_word' id='word_1_226' title='bbox 1009 3918 1070 4009; x_wconf 91' lang='lat' dir='ltr'><strong>ipsi</strong></span> <span class='ocrx_word' id='word_1_227' title='bbox 1089 3918 1265 3989; x_wconf 90' lang='lat' dir='ltr'><strong>substituti.</strong></span> <span class='ocrx_word' id='word_1_228' title='bbox 1283 3922 1324 3991; x_wconf 89' lang='lat' dir='ltr'><strong>Et</strong></span> <span class='ocrx_word' id='word_1_229' title='bbox 1345 3922 1419 3993; x_wconf 90' lang='lat' dir='ltr'><strong>ideo</strong></span> 
     </span>
     <span class='ocr_line' id='line_1_27' title="bbox 269 4024 1414 4115; baseline 0 -16"><span class='ocrx_word' id='word_1_230' title='bbox 269 4031 350 4099; x_wconf 86' lang='lat' dir='ltr'><strong>alter</strong></span> <span class='ocrx_word' id='word_1_231' title='bbox 374 4050 439 4096; x_wconf 92' lang='lat' dir='ltr'><strong>non</strong></span> <span class='ocrx_word' id='word_1_232' title='bbox 467 4025 588 4092; x_wconf 89' lang='lat' dir='ltr'><strong>dicitur</strong></span> <span class='ocrx_word' id='word_1_233' title='bbox 607 4024 784 4115; x_wconf 81' lang='lat' dir='ltr'><strong>parochus,</strong></span> <span class='ocrx_word' id='word_1_234' title='bbox 806 4025 863 4095; x_wconf 89' lang='lat' dir='ltr'><strong>sed</strong></span> <span class='ocrx_word' id='word_1_235' title='bbox 891 4034 1018 4094; x_wconf 86' lang='lat' dir='ltr'><strong>tantum</strong></span> <span class='ocrx_word' id='word_1_236' title='bbox 1046 4046 1254 4114; x_wconf 72' lang='lat' dir='ltr'><strong>economus,</strong></span> <span class='ocrx_word' id='word_1_237' title='bbox 1282 4037 1315 4095; x_wconf 90' lang='lat' dir='ltr'><strong>et</strong></span> <span class='ocrx_word' id='word_1_238' title='bbox 1344 4052 1414 4099; x_wconf 88' lang='lat' dir='ltr'><strong>sus·</strong></span> 
     </span>
     <span class='ocr_line' id='line_1_28' title="bbox 269 4130 1078 4227; baseline -0.005 -24"><span class='ocrx_word' id='word_1_239' title='bbox 269 4158 368 4227; x_wconf 90' lang='lat' dir='ltr'><strong>penso</strong></span> <span class='ocrx_word' id='word_1_240' title='bbox 380 4130 521 4226; x_wconf 76' lang='lat' dir='ltr'><strong>parocho</strong></span> <span class='ocrx_word' id='word_1_241' title='bbox 536 4130 758 4200; x_wconf 86' lang='lat' dir='ltr'><strong>denominatio</strong></span> <span class='ocrx_word' id='word_1_242' title='bbox 773 4132 906 4223; x_wconf 89' lang='lat' dir='ltr'><strong>parochi</strong></span> <span class='ocrx_word' id='word_1_243' title='bbox 919 4140 1078 4201; x_wconf 88' lang='lat' dir='ltr'><strong>servatur.</strong></span> 
     </span>
    </p>

    <p class='ocr_par' dir='ltr' id='par_1_9' title="bbox 310 4236 1415 4335">
     <span class='ocr_line' id='line_1_29' title="bbox 310 4236 1415 4335; baseline 0.005 -25"><span class='ocrx_word' id='word_1_244' title='bbox 310 4241 353 4310; x_wconf 90' lang='lat' dir='ltr'><strong>V.</strong></span> <span class='ocrx_word' id='word_1_245' title='bbox 375 4240 424 4307; x_wconf 82' lang='lat' dir='ltr'><strong>Ex</strong></span> <span class='ocrx_word' id='word_1_246' title='bbox 440 4236 650 4331; x_wconf 88' lang='lat' dir='ltr'><strong>suspensione</strong></span> <span class='ocrx_word' id='word_1_247' title='bbox 672 4247 782 4310; x_wconf 68' lang='lat' dir='ltr'><strong>umen</strong></span> <span class='ocrx_word' id='word_1_248' title='bbox 797 4239 838 4306; x_wconf 87' lang='lat' dir='ltr'><strong>ab</strong></span> <span class='ocrx_word' id='word_1_249' title='bbox 852 4238 970 4330; x_wconf 91' lang='lat' dir='ltr'><strong>officio,</strong></span> <span class='ocrx_word' id='word_1_250' title='bbox 987 4237 1133 4329; x_wconf 88' lang='lat' dir='ltr'><strong>sequitur</strong></span> <span class='ocrx_word' id='word_1_251' title='bbox 1147 4240 1255 4334; x_wconf 80' lang='lat' dir='ltr'><strong>quoad</strong></span> <span class='ocrx_word' id='word_1_252' title='bbox 1275 4264 1415 4335; x_wconf 88' lang='lat' dir='ltr'><strong>suspen·</strong></span> 
     </span>
    </p>
   </div>
   <div class='ocr_carea' id='block_1_9' title="bbox 280 928 1509 1662">
    <p class='ocr_par' dir='ltr' id='par_1_10' title="bbox 280 916 1509 1662">
     <span class='ocr_line' id='line_1_30' title="bbox 329 928 1436 1023; baseline 0.001 -25"><span class='ocrx_word' id='word_1_253' title='bbox 329 929 388 998; x_wconf 81' lang='lat' dir='ltr'><strong>tv.</strong></span> <span class='ocrx_word' id='word_1_254' title='bbox 412 928 550 1010; x_wconf 81' lang='lat' dir='ltr'><strong>Quando</strong></span> <span class='ocrx_word' id='word_1_255' title='bbox 570 951 648 997; x_wconf 90' lang='lat' dir='ltr'><strong>vero</strong></span> <span class='ocrx_word' id='word_1_256' title='bbox 669 929 807 997; x_wconf 88' lang='lat' dir='ltr'><strong>ctericus</strong></span> <span class='ocrx_word' id='word_1_257' title='bbox 831 928 872 997; x_wconf 85' lang='lat' dir='ltr'><strong>ad</strong></span> <span class='ocrx_word' id='word_1_258' title='bbox 895 929 1029 998; x_wconf 90' lang='lat' dir='ltr'><strong>titulum</strong></span> <span class='ocrx_word' id='word_1_259' title='bbox 1054 928 1219 1016; x_wconf 85' lang='lat' dir='ltr'><strong>beneficii,</strong></span> <span class='ocrx_word' id='word_1_260' title='bbox 1242 928 1330 1023; x_wconf 91' lang='lat' dir='ltr'><strong>qnod</strong></span> <span class='ocrx_word' id='word_1_261' title='bbox 1351 953 1436 1021; x_wconf 89' lang='lat' dir='ltr'><strong>pos-</strong></span> 
     </span>
     <span class='ocr_line' id='line_1_31' title="bbox 287 1033 1509 1123; baseline 0.002 -20"><span class='ocrx_word' id='word_1_262' title='bbox 287 1036 385 1123; x_wconf 84' lang='lat' dir='ltr'><strong>sidet,</strong></span> <span class='ocrx_word' id='word_1_263' title='bbox 417 1033 587 1105; x_wconf 88' lang='lat' dir='ltr'><strong>ordinatns</strong></span> <span class='ocrx_word' id='word_1_264' title='bbox 616 1034 695 1117; x_wconf 82' lang='lat' dir='ltr'><strong>init,</strong></span> <span class='ocrx_word' id='word_1_265' title='bbox 723 1058 744 1103; x_wconf 88' lang='lat' dir='ltr'><strong>a</strong></span> <span class='ocrx_word' id='word_1_266' title='bbox 770 1035 896 1104; x_wconf 83' lang='lat' dir='ltr'><strong>fortiori</strong></span> <span class='ocrx_word' id='word_1_267' title='bbox 925 1035 1152 1105; x_wconf 86' lang='lat' dir='ltr'><strong>sustinendum</strong></span> <span class='ocrx_word' id='word_1_268' title='bbox 1185 1036 1331 1123; x_wconf 87' lang='lat' dir='ltr'><strong>videtur,</strong></span> <span class='ocrx_word' id='word_1_269' title='bbox 1365 1060 1436 1106; x_wconf 91' lang='lat' dir='ltr'><strong>non</strong></span> <span class='ocrx_word' id='word_1_270' title='bbox 1508 1042 1509 1059; x_wconf 63' lang='lat'>¹</span> 
     </span>
     <span class='ocr_line' id='line_1_32' title="bbox 284 1141 1509 1243; baseline 0 -32"><span class='ocrx_word' id='word_1_271' title='bbox 284 1164 376 1235; x_wconf 85' lang='lat' dir='ltr'><strong>posse</strong></span> <span class='ocrx_word' id='word_1_272' title='bbox 397 1166 474 1211; x_wconf 92' lang='lat' dir='ltr'><strong>eum</strong></span> <span class='ocrx_word' id='word_1_273' title='bbox 496 1165 537 1210; x_wconf 63' lang='grc' dir='ltr'><strong>ατ</strong></span> <span class='ocrx_word' id='word_1_274' title='bbox 550 1143 731 1233; x_wconf 72' lang='lat' dir='ltr'><strong>irsnnnom</strong></span> <span class='ocrx_word' id='word_1_275' title='bbox 749 1141 943 1211; x_wconf 67' lang='lat' dir='ltr'><strong>commuuio</strong></span> <span class='ocrx_word' id='word_1_276' title='bbox 965 1164 1063 1212; x_wconf 87' lang='lat' dir='ltr'><strong>asuo</strong></span> <span class='ocrx_word' id='word_1_277' title='bbox 1082 1141 1239 1211; x_wconf 85' lang='lat' dir='ltr'><strong>beneficio</strong></span> <span class='ocrx_word' id='word_1_278' title='bbox 1257 1143 1433 1235; x_wconf 88' lang='lat' dir='ltr'><strong>suspendi,</strong></span> <span class='ocrx_word' id='word_1_279' title='bbox 1508 1162 1509 1243; x_wconf 15' lang='grc' dir='ltr'>ζ</span> 
     </span>
     <span class='ocr_line' id='line_1_33' title="bbox 283 1247 1434 1343; baseline 0 -24"><span class='ocrx_word' id='word_1_280' title='bbox 283 1251 395 1343; x_wconf 87' lang='lat' dir='ltr'><strong>ejusve</strong></span> <span class='ocrx_word' id='word_1_281' title='bbox 417 1249 577 1318; x_wconf 85' lang='lat' dir='ltr'><strong>fructibus</strong></span> <span class='ocrx_word' id='word_1_282' title='bbox 597 1249 732 1340; x_wconf 78' lang='lat' dir='ltr'><strong>privari.</strong></span> <span class='ocrx_word' id='word_1_283' title='bbox 748 1249 790 1316; x_wconf 87' lang='lat' dir='ltr'><strong>Et</strong></span> <span class='ocrx_word' id='word_1_284' title='bbox 810 1247 894 1317; x_wconf 88' lang='lat' dir='ltr'><strong>hanc</strong></span> <span class='ocrx_word' id='word_1_285' title='bbox 908 1249 1009 1317; x_wconf 83' lang='lat' dir='ltr'><strong>fuisse</strong></span> <span class='ocrx_word' id='word_1_286' title='bbox 1029 1249 1138 1319; x_wconf 75' lang='lat' dir='ltr'><strong>Sacra</strong></span> <span class='ocrx_word' id='word_1_287' title='bbox 1158 1250 1434 1341; x_wconf 74' lang='lat' dir='ltr'><strong>congregationis</strong></span> 
     </span>
     <span class='ocr_line' id='line_1_34' title="bbox 280 1355 1509 1449; baseline 0 -22"><span class='ocrx_word' id='word_1_288' title='bbox 280 1357 416 1427; x_wconf 83' lang='lat' dir='ltr'><strong>Consilii</strong></span> <span class='ocrx_word' id='word_1_289' title='bbox 439 1357 682 1448; x_wconf 86' lang='lat' dir='ltr'><strong>persuasionem</strong></span> <span class='ocrx_word' id='word_1_290' title='bbox 705 1356 783 1423; x_wconf 87' lang='lat' dir='ltr'><strong>satis</strong></span> <span class='ocrx_word' id='word_1_291' title='bbox 808 1356 959 1424; x_wconf 88' lang='lat' dir='ltr'><strong>innuitur</strong></span> <span class='ocrx_word' id='word_1_292' title='bbox 984 1357 1017 1423; x_wconf 93' lang='lat' dir='ltr'><strong>in</strong></span> <span class='ocrx_word' id='word_1_293' title='bbox 1041 1378 1139 1425; x_wconf 84' lang='lat' dir='ltr'><strong>causa</strong></span> <span class='ocrx_word' id='word_1_294' title='bbox 1162 1355 1323 1449; x_wconf 81' lang='lat' dir='ltr'><strong>quadam,</strong></span> <span class='ocrx_word' id='word_1_295' title='bbox 1351 1382 1431 1449; x_wconf 80' lang='lat' dir='ltr'><strong>quae</strong></span> <span class='ocrx_word' id='word_1_296' title='bbox 1508 1430 1509 1437; x_wconf 9' lang='grc' dir='ltr'><strong>ἶ</strong></span> 
     </span>
     <span class='ocr_line' id='line_1_35' title="bbox 282 1462 1429 1555; baseline 0 -23"><span class='ocrx_word' id='word_1_297' title='bbox 282 1464 381 1533; x_wconf 89' lang='lat' dir='ltr'><strong>relata</strong></span> <span class='ocrx_word' id='word_1_298' title='bbox 404 1464 544 1533; x_wconf 90' lang='lat' dir='ltr'><strong>occurrit</strong></span> <span class='ocrx_word' id='word_1_299' title='bbox 566 1464 601 1532; x_wconf 94' lang='lat' dir='ltr'><strong>in</strong></span> <span class='ocrx_word' id='word_1_300' title='bbox 627 1463 789 1531; x_wconf 81' lang='lat' dir='ltr'><strong>Thesauro</strong></span> <span class='ocrx_word' id='word_1_301' title='bbox 810 1462 1046 1530; x_wconf 75' lang='lat' dir='ltr'><strong>resolutionem</strong></span> <span class='ocrx_word' id='word_1_302' title='bbox 1070 1464 1159 1551; x_wconf 88' lang='lat' dir='ltr'><strong>(tom.</strong></span> <span class='ocrx_word' id='word_1_303' title='bbox 1185 1467 1239 1550; x_wconf 83' lang='lat'><strong>69,</strong></span> <span class='ocrx_word' id='word_1_304' title='bbox 1260 1486 1337 1555; x_wconf 79' lang='lat' dir='ltr'><strong>pag.</strong></span> <span class='ocrx_word' id='word_1_305' title='bbox 1356 1465 1429 1553; x_wconf 84' lang='grc'>79).</span> 
     </span>
     <span class='ocr_line' id='line_1_36' title="bbox 280 1567 1509 1662; baseline 0 -23"><span class='ocrx_word' id='word_1_306' title='bbox 280 1571 329 1639; x_wconf 85' lang='lat' dir='ltr'><strong>Ibi</strong></span> <span class='ocrx_word' id='word_1_307' title='bbox 349 1592 492 1662; x_wconf 88' lang='lat' dir='ltr'><strong>namque</strong></span> <span class='ocrx_word' id='word_1_308' title='bbox 512 1570 620 1659; x_wconf 78' lang='lat' dir='ltr'><strong>agitur</strong></span> <span class='ocrx_word' id='word_1_309' title='bbox 640 1570 681 1637; x_wconf 89' lang='lat' dir='ltr'><strong>de</strong></span> <span class='ocrx_word' id='word_1_310' title='bbox 706 1567 850 1660; x_wconf 88' lang='lat' dir='ltr'><strong>quodem</strong></span> <span class='ocrx_word' id='word_1_311' title='bbox 874 1568 1022 1653; x_wconf 85' lang='lat' dir='ltr'><strong>Bollette,</strong></span> <span class='ocrx_word' id='word_1_312' title='bbox 1050 1570 1108 1660; x_wconf 92' lang='lat' dir='ltr'><strong>qui</strong></span> <span class='ocrx_word' id='word_1_313' title='bbox 1128 1568 1296 1638; x_wconf 87' lang='lat' dir='ltr'><strong>ordinatus</strong></span> <span class='ocrx_word' id='word_1_314' title='bbox 1322 1570 1433 1639; x_wconf 82' lang='lat' dir='ltr'><strong>fuerat</strong></span> <span class='ocrx_word' id='word_1_315' title='bbox 1508 1572 1509 1625; x_wconf 77' lang='grc' dir='ltr'>ἶ</span> 
     </span>
    </p>
   </div>
   <div class='ocr_carea' id='block_1_10' title="bbox 0 0 1530 4984">
    <p class='ocr_par' dir='ltr' id='par_1_11' title="bbox 0 0 1530 4984">
     <span class='ocr_line' id='line_1_37' title="bbox 0 0 1530 4984; baseline 0 5"><span class='ocrx_word' id='word_1_316' title='bbox 0 0 1530 4984; x_wconf 95' lang='lat' dir='ltr'><strong> </strong></span> 
     </span>
    </p>
   </div>
  </div>
 </body>
</html>
