3050 4984
535 478 609 525 rans
632 477 779 525 sacrans.
1161 457 1219 523 271

83 626 97 665 c
118 606 242 669 tenere.
256 626 274 665 s
289 599 378 669 ldem
395 607 519 669 constat
534 621 575 668 ex
590 600 692 691 eapite
705 602 855 669 Romana
867 599 912 689 (3,
929 599 1118 691 dcctppelt„
1131 597 1165 665 in
1176 600 1224 687 6),

80 707 132 774 ubi
145 707 312 796 statuitur,
324 707 512 799 apraelatis,
528 708 586 799 qui
597 706 764 798 subjacent
772 705 991 798 jurisdictioni
1005 705 1227 795 suffraganeo·

80 834 150 883 rum
176 816 421 906 Archiepiseopi
437 814 643 901 Rhemensis,
661 814 895 905 appellandum
919 835 988 882 esse
1002 812 1050 881 ed
1062 814 1226 907 sarraequ-

81 942 152 989 neos
173 922 270 1011 ipsos,
296 935 327 990 ct
347 944 413 991 non
437 922 483 989 ad
504 920 652 991 eamdem
671 921 916 1012 (Rhemenseml
934 920 1075 1003 cumam,
1100 921 1226 989 omissis

79 1026 170 1095 dictis
178 1029 407 1119 suffrapancr's.
425 1028 465 1097 Et
483 1036 637 1096 consonat
651 1028 893 1098 lastinianenm
906 1026 962 1119 jus
980 1026 1062 1117 (lege
1076 1030 1225 1119 Impera-

81 1146 159 1203 tores
179 1134 287 1221 21,11.
309 1134 350 1205 de
372 1134 670 1227 Appellationidus;
687 1142 718 1202 et
732 1134 804 1223 lege
825 1133 979 1204 addictos
999 1138 1055 1220 29,
1079 1158 1108 1202 o.
1133 1134 1224 1225 ejus-

80 1240 149 1309 dcm
165 1242 275 1331 tituli).
292 1242 431 1335 Euitque
444 1263 562 1310 norma
572 1241 644 1310 hrec
654 1241 841 1333 appellandi
852 1252 992 1334 utroque
999 1242 1075 1334 jure
1089 1242 1222 1328 sancita,

80 1349 237 1440 triplicem
253 1350 418 1442 precipue
433 1350 477 1418 ob
487 1370 617 1418 causam
633 1371 690 1418 :nc
701 1347 946 1440 jurisdictiones
959 1348 1222 1417 contundantur:

80 1476 115 1522 uc
131 1455 343 1525 immediatus
361 1456 511 1547 superior
531 1458 694 1525 contemni
717 1457 879 1542 videatur,
905 1456 932 1523 si
952 1478 990 1523 co
1005 1458 1224 1546 praetermisso

79 1570 270 1650 provocetur
283 1562 323 1630 ad
342 1562 520 1633 mediatum
539 1590 546 1630 :
565 1562 695 1631 mudena
711 1570 746 1631 ut
761 1569 915 1653 parcatur
929 1562 1094 1653 expensis.

122 1670 310 1739 Corollaria
330 1694 370 1739 erc
389 1670 561 1761 premimur
582 1670 816 1761 propositione.
844 1708 888 1721 -
911 1674 943 1737 1·
964 1671 990 1737 Α
1019 1670 1153 1739 Vicario
1175 1669 1222 1737 to·

80 1796 188 1863 rauco,
202 1777 305 1846 aliove
312 1776 421 1869 judice
431 1776 581 1867 Episcopi
589 1774 810 1867 jurisdictioni
823 1776 981 1867 subjecto,
994 1775 1224 1867 appellandum

80 1893 121 1951 cst
142 1884 183 1952 ad
202 1884 413 1976 Episcopum,
432 1883 575 1975 ipsiusve
599 1883 783 1973 generalem
805 1883 991 1967 Vicarium,
1013 1882 1089 1952 sede
1102 1884 1221 1974 plena:

79 1990 149 2059 sede
162 2000 273 2059 autem
295 2000 439 2077 vacante,
457 1990 499 2058 ad
513 1990 706 2081 capitulum,
723 1998 898 2082 antequam
915 1991 1088 2082 deputatus
1101 1992 1144 2059 sit
1162 1992 1224 2061 Vi-

81 2098 183 2166 carius
203 2098 413 2189 capitularis:
431 2098 471 2165 ad
496 2097 663 2167 Vicurium
687 2096 899 2188 capitularem
921 2100 1028 2165 statim
1049 2121 1085 2164 ac
1105 2100 1223 2167 consti-

82 2212 165 2275 tutus
186 2204 213 2272 is
231 2204 304 2273 fuit.
327 2209 360 2272 2ο
381 2205 433 2272 Α1)
457 2204 616 2297 Episcopo
636 2205 782 2295 ipsiusve
806 2204 942 2274 Vicario
956 2205 1101 2294 generali
1120 2206 1222 2297 (item,

81 2312 151 2379 sede
168 2320 315 2395 vacante,
332 2311 506 2402 ecapitulo
518 2311 569 2380 vel
582 2312 716 2381 Vioario
729 2310 910 2402 capitulari)
928 2309 1157 2402 appellandum
1174 2323 1222 2379 cst

82 2418 119 2485 ad
134 2417 437 2509 Archiepisoopunr.
457 2422 491 2485 3ο
507 2416 559 2485 Ab
575 2418 828 2509 archiepiscopo
842 2417 1022 2485 successive
1038 2417 1080 2484 ad
1095 2417 1223 2486 Prima-

82 2531 155 2610 tcm,
171 2524 393 2593 Patriarchaur
411 2533 442 2594 et
462 2524 594 2617 Papam.
620 2528 653 2593 l·
668 2524 740 2592 Non
761 2532 871 2593 numm
887 2524 1119 2617 appellandum
1143 2534 1190 2593 est
1205 2548 1225 2593 a

82 2629 208 2701 Vioario
235 2632 379 2721 generali
403 2632 552 2724 Episcopi
576 2632 616 2701 ad
637 2630 849 2724 Episcopum,
869 2632 947 2723 quia
969 2631 1114 2701 efficiunt
1136 2632 1221 2701 idem

82 2740 234 2825 albunal,
256 2748 288 2807 et
301 2748 385 2809 esset
401 2740 562 2831 appellare
577 2739 619 2807 ab
635 2739 748 2808 eodem
764 2738 806 2807 ad
820 2738 984 2808 eumdem.
1004 2743 1036 2805 5·
1050 2740 1223 2831 Appellare

81 2845 119 2915 ad
139 2848 431 2938 Congrcgationem
455 2847 599 2939 aliquam
615 2847 811 2934 Romanam,
830 2846 916 2914 idem
938 2854 985 2915 est
1001 2869 1038 2913 ae
1061 2848 1223 2939 appellare

82 2954 119 3019 ad
142 2954 276 3045 Papam,
300 2955 378 3045 qnia
397 2954 558 3046 ejusmodi
581 2954 858 3044 Congregationes
878 2977 981 3023 unum
1002 2963 1033 3022 et
1056 2954 1143 3023 idem
1164 2957 1224 3023 tri-

82 3058 176 3129 bunal
196 3084 271 3129 cunr
296 3061 383 3152 Papa
407 3060 562 3130 efficiunt.
591 3064 624 3127 6⁰
645 3062 671 3128 A
699 3061 845 3150 delegato
866 3061 1095 3152 appellandum
1117 3072 1165 3131 est
1184 3064 1224 3129 ad

83 3166 290 3257 delegantem.
313 3172 346 3234 7⁰
363 3169 415 3236 Ab
429 3167 652 3259 subdelegato,
668 3169 696 3236 si
709 3170 737 3236 ei
751 3176 818 3236 tota
826 3167 1011 3259 jurisdictio
1026 3170 1134 3260 quoad
1148 3193 1226 3239 can-

85 3294 147 3341 sam
172 3275 345 3343 commissa
369 3276 423 3359 sit,
452 3274 681 3366 appellandum
706 3286 755 3343 est
775 3274 815 3341 ad
837 3275 981 3365 primum
1007 3274 1223 3366 delegantem,

86 3404 147 3451 riou
169 3392 277 3452 nutam
298 3382 339 3450 ad
360 3382 544 3471 delegatum
563 3410 570 3451 :
590 3405 681 3451 secus
702 3383 728 3450 si
750 3382 916 3473 delegatus
938 3382 1079 3474 aliquam
1100 3393 1226 3454 tantum

83 3487 310 3577 jurisdictionis
322 3496 446 3581 partem
461 3488 732 3580 subdelegaverit.
753 3489 849 3581 (Vide
866 3488 1174 3580 Schmalzgrucber,
1192 3494 1226 3559 in

86 3594 131 3661 tit.
157 3597 249 3686 28,1.
269 3600 289 3663 2
307 3595 416 3680 Dece,
433 3617 466 3665 n.
486 3596 552 3684 5³.)
574 3598 606 3663 8ο
623 3598 675 3664 An
691 3619 710 3663 a
724 3596 874 3685 delegato
888 3595 1051 3687 Episcopi,
1070 3598 1225 3689 appellari

86 3704 179 3791 possit
188 3703 228 3772 ad
241 3703 409 3773 Vicarium
422 3703 604 3793 generalem
616 3702 762 3794 ejusdem
773 3704 938 3795 Episcopi,
953 3705 1223 3791 controvertitur3

87 3807 138 3875 sed
147 3810 346 3900 probabilius
359 3810 621 3901 respondendum
631 3808 836 3878 affirmative.
855 3810 953 3900 (Vide
962 3810 1058 3896 ibid,
1072 3812 1168 3880 modo
1180 3813 1226 3880 ci-

87 3922 184 3985 tatum
203 3920 393 4007 auctorem.)
417 3922 449 3985 9⁰
465 3918 517 3985 Ab
540 3917 699 4009 Episcopo
715 3926 868 4008 exempto
882 3927 912 3985 et
934 3918 1010 3986 Sedi
1031 3918 1225 4010 Apostolicae

89 4020 267 4094 immediate
291 4026 448 4117 subjecto,
470 4024 700 4116 appellandum
722 4034 770 4093 est
792 4025 834 4093 ad
860 4026 994 4117 Papam,
1026 4048 1092 4094 non
1117 4034 1225 4093 auteur

89 4129 128 4197 ad
144 4133 430 4226 archiepiscopum
449 4161 457 4202 :
475 4134 552 4225 quia
574 4142 651 4202 tuno
673 4133 762 4225 Papa
783 4141 830 4203 est
850 4134 1035 4202 immediate
1057 4135 1226 4224 proximus

91 4242 228 4333 superior
252 4241 386 4311 relative
410 4241 449 4309 nd
470 4241 680 4333 Episcopum.
705 4244 758 4307 tu
783 4240 817 4309 Si
843 4264 1004 4332 unapars
1025 4241 1163 4335 appellet
1185 4242 1226 4313 ad
