3050 4984
277 466 316 533 rt
656 485 831 533 raacrrrus
854 487 892 531 or
913 485 1048 533 runicus

277 608 402 678 fortiter
422 616 528 677 autem
549 615 747 700 protegetur,
769 610 797 676 si
816 630 912 699 poena
932 609 1045 676 mortis
1067 609 1225 699 plectatur
1240 610 1416 701 praedictus
1511 675 1512 678 ,

274 726 420 805 conatus,
440 739 506 784 non
527 723 651 787 mutum
672 715 787 785 ellectu
805 723 927 802 secuto,
948 715 1004 783 sed
1022 715 1120 784 etiam
1140 718 1257 787 effectu
1276 741 1343 788 non
1364 743 1417 786 se-

275 844 360 904 cuto.
385 834 425 903 Et
443 841 528 901 certe
544 833 655 903 multis
673 832 912 923 legislatoribus
927 832 1064 923 rigidior
1079 833 1150 902 visa
1170 856 1236 902 non
1256 843 1303 904 est
1319 858 1417 927 poena

273 942 387 1011 mortis
409 942 443 1009 in
465 939 692 1026 incendiarios,
718 939 874 1031 falsaeque
894 949 1032 1009 monetae
1046 962 1233 1028 excursores,
1261 942 1362 1012 immo
1384 951 1417 1012 ct

269 1053 304 1119 iu
324 1057 428 1119 certos
446 1049 536 1117 iures
557 1047 695 1116 decreta.
725 1046 828 1116 Porro
852 1068 911 1115 nec
935 1047 1046 1114 minus
1070 1046 1106 1115 in
1131 1070 1166 1115 ss
1190 1072 1326 1140 pravus,
1356 1074 1416 1119 nec

274 1159 383 1227 minus
397 1158 483 1226 hono
495 1155 625 1247 publico
641 1155 761 1224 noxius
776 1161 825 1222 est
839 1155 995 1246 praefatus
1006 1155 1249 1224 calumniatoris
1263 1164 1413 1245 conatus;

272 1290 292 1335 a
321 1288 386 1356 quo
416 1274 453 1334 ιιι
482 1262 704 1332 malefactores
733 1261 895 1331 efficacius
924 1262 1161 1350 deterreantur,
1190 1264 1281 1333 utilis
1311 1265 1416 1335 videri
1511 1349 1512 1354 ἵ

271 1380 374 1465 potest
395 1393 492 1464 poena
514 1370 627 1439 mortis
649 1370 682 1438 in
703 1369 882 1461 simplicem
903 1378 1068 1458 conatum,
1088 1371 1186 1438 etism
1209 1370 1322 1441 ellectu
1348 1396 1415 1442 non

270 1487 390 1563 secuto,
418 1479 586 1547 intentata.
610 1477 677 1545 Neo
702 1476 830 1545 dicatur
854 1476 972 1546 minori
995 1500 1092 1569 poena
1118 1478 1322 1569 plectendum
1345 1502 1415 1549 esse

269 1595 420 1658 conatum
445 1585 486 1653 ad
510 1584 704 1677 patrandum
724 1584 841 1671 scelus,
862 1608 962 1676 quam
987 1585 1163 1676 ipsummet
1179 1586 1284 1656 scelus
1306 1597 1416 1679 patra-

269 1704 340 1765 tum
355 1722 363 1762 :
382 1694 444 1763 hoc
462 1694 549 1761 euim
565 1716 682 1761 verum
697 1700 745 1759 est
763 1690 895 1784 qnando
910 1690 1052 1783 simplex
1066 1701 1200 1763 conatus
1216 1718 1282 1763 non
1296 1704 1344 1765 est
1357 1719 1417 1787 per

271 1826 304 1871 se
322 1809 387 1869 tam
403 1809 497 1870 atrox
513 1808 544 1868 et
557 1801 644 1869 hono
660 1799 789 1891 publico
805 1799 953 1887 nocivus,
970 1806 1008 1867 ut
1021 1822 1183 1869 summam
1199 1823 1340 1893 poenam,
1355 1826 1415 1871 ne-

270 1911 315 1979 cis
331 1931 460 2001 nempe,
482 1915 656 1977 mereatur.
679 1906 715 1975 Si
737 1914 846 1975 autem
867 1928 962 1999 poena
981 1906 1123 1999 simplici
1141 1910 1270 1977 conatui
1292 1910 1413 1999 dehita,

271 2019 312 2087 sit
325 2017 392 2109 jam
414 2038 510 2108 poena
524 2036 667 2097 summa,
685 2015 776 2083 locus
794 2037 860 2083 non
876 2013 973 2083 datur
988 2015 1125 2104 regulas,
1145 2024 1183 2084 ut
1204 2016 1308 2107 major
1322 2018 1365 2087 sit
1379 2020 1415 2086 in

269 2148 346 2194 casu
363 2122 494 2192 effectus
516 2123 628 2191 secuti.
651 2122 692 2191 Et
712 2121 773 2189 hoc
791 2143 904 2189 omnes
923 2123 1104 2191 concedunt
1120 2125 1155 2191 in
1174 2124 1310 2193 crimine
1324 2126 1415 2195 laesae

271 2232 445 2323 mejestatis
468 2257 476 2298 z
493 2230 527 2298 in
547 2252 613 2321 quo
628 2228 741 2297 eadem
757 2250 854 2319 poena
873 2230 988 2297 mortis
1005 2239 1037 2297 ct
1050 2231 1229 2321 simplicem
1247 2242 1414 2322 conatum,

270 2348 302 2409 et
323 2346 475 2408 conatum
494 2360 569 2405 oum
594 2336 709 2405 effectu
734 2344 843 2405 secuto
861 2336 948 2428 juste
968 2336 1065 2427 plecti
1087 2337 1231 2407 fatentur
1253 2338 1413 2410 doctores.

270 2450 351 2517 ltem
369 2448 490 2515 lrustra
510 2446 586 2536 quis
606 2444 760 2535 objiceret
780 2444 961 2535 periculum
982 2444 1146 2514 excitandi
1162 2446 1358 2516 homicidam
1373 2449 1414 2516 ad

273 2557 387 2637 scelus,
418 2553 505 2646 quod
531 2555 599 2645 jam
629 2552 751 2620 frustra
775 2553 924 2639 tentavit,
954 2576 1040 2622 novo
1067 2553 1233 2622 molimine
1259 2578 1416 2625 consum-

270 2661 440 2748 mandum,
458 2662 485 2727 si
501 2661 596 2728 sciret
608 2659 677 2750 jam
693 2680 727 2726 se
743 2660 785 2727 oh
800 2660 944 2750 primum
960 2666 1123 2729 tentanmn
1135 2662 1333 2753 supplicium
1348 2686 1416 2732 non

271 2791 458 2840 evasurum.
484 2768 567 2837 Nam
591 2766 619 2835 si
643 2766 715 2834 haec
738 2768 820 2835 ratio
846 2766 980 2854 valeret,
1012 2788 1071 2834 neo
1097 2776 1199 2836 morte
1226 2768 1416 2861 plectendus

272 2879 355 2946 foret
376 2876 434 2968 qui
456 2874 669 2943 homicidium
688 2896 793 2942 unum
812 2874 965 2963 patravit,
987 2896 1028 2941 ne
1043 2873 1125 2942 torte
1144 2883 1222 2943 tunc
1244 2876 1285 2944 ad
1304 2876 1415 2946 decem

272 2994 328 3055 aut
349 2983 466 3074 viginti
484 2979 660 3051 homicidia
680 2980 889 3070 excitaretur,
913 3004 989 3051 cum
1011 2981 1107 3050 sciret
1129 3004 1195 3051 non
1223 2984 1331 3053 minus
1353 2986 1415 3054 sihi

270 3116 330 3188 pro
349 3115 416 3162 uno
436 3114 536 3183 quam
555 3111 615 3182 pro
635 3088 752 3179 viginti
773 3088 961 3158 homicidiis
981 3112 1092 3157 necem
1112 3089 1283 3159 imminere
1303 3092 1415 3184 :qnod

273 3209 358 3271 certe
373 3198 552 3267 absurdum
568 3204 626 3265 est.
644 3194 739 3277 Quod
759 3219 838 3285 ergo
854 3195 976 3265 dictum
995 3196 1226 3266 inconveniens
1241 3198 1416 3290 aliquando

272 3310 381 3379 locum
407 3307 526 3374 hahere
547 3305 660 3397 possit,
684 3327 749 3373 non
768 3314 817 3373 est
836 3305 918 3372 ratio
941 3327 1001 3374 cur
1020 3305 1159 3396 simplici
1180 3308 1322 3395 conatui,
1345 3309 1414 3400 jam

273 3440 331 3510 per
350 3438 383 3483 se
400 3415 506 3481 solum
526 3434 602 3480 nece
626 3412 739 3502 digno,
765 3412 871 3480 minor
889 3435 986 3503 poena
1006 3413 1181 3503 irrogetur.
1208 3414 1291 3483 Hinc
1316 3416 1415 3485 etiam
1511 3475 1512 3478 ,

272 3522 403 3616 quando
424 3520 554 3588 talionis
570 3541 665 3610 poeua
684 3516 725 3587 ad
747 3518 834 3586 necis
849 3542 953 3611 usque
969 3520 1165 3611 supplicium
1181 3520 1343 3609 evehitur,
1361 3524 1415 3591 iu-

269 3631 357 3724 justa
370 3628 500 3720 probari
514 3627 644 3718 nequit;
662 3649 682 3693 a
696 3625 825 3695 fortiori
839 3634 946 3695 autem
962 3626 1086 3717 injusta
1098 3626 1133 3695 in
1147 3629 1272 3697 caeteris
1287 3630 1415 3699 casibus

272 3734 434 3806 censenda
452 3756 518 3803 non
535 3741 593 3801 est.

315 3844 403 3932 Ergo
421 3841 638 3910 recentiorum
662 3840 880 3933 quorumdam
897 3840 1163 3933 jurisperitorum
1185 3841 1225 3911 de
1244 3842 1366 3932 injusta
1383 3855 1415 3913 et

270 3952 409 4020 barbara
422 3948 551 4016 talionis
564 3970 672 4037 poena,
690 3947 724 4014 in
736 3946 811 4038 jure
825 3949 974 4018 Romano
992 3956 1130 4040 recepta,
1151 3948 1412 4041 declamationes,

270 4080 488 4151 nequaquam,
512 4076 583 4123 meo
605 4054 739 4147 quidem
758 4053 896 4147 judicio,
924 4079 982 4147 pro
1005 4057 1230 4148 peremptoriis
1253 4056 1413 4126 habendae

270 4176 356 4233 suut.
388 4164 461 4232 Non
489 4170 595 4229 tamen
621 4184 780 4250 negamus
806 4164 947 4254 potuisse
976 4164 1062 4233 hono
1089 4163 1219 4255 publico
1246 4164 1413 4255 provideri

269 4271 452 4365 perfectiori
473 4292 570 4364 quant
596 4290 700 4365 poenae
720 4270 849 4340 talionis
870 4271 1095 4366 dispositione,
1112 4269 1168 4341 sed
1189 4270 1278 4343 aliud
1301 4278 1349 4340 est
1364 4271 1412 4342 le-
