3050 4984
547 507 622 553 rtis
650 506 795 554 smenon.
1175 487 1236 553 ltl

94 628 146 695 tit.
166 628 219 713 tt,
235 626 311 695 libri
327 630 346 693 t
363 625 517 715 Deerat),
532 633 564 695 et
578 626 717 695 omnino
731 635 855 696 constat
868 650 910 697 ex
924 628 1075 697 decretali
1094 627 1235 696 Litteras

98 736 169 827 (tt,
186 736 235 803 tit.
256 738 309 820 13,
326 734 400 803 libri
415 738 434 801 2
449 734 605 825 liceret),
622 734 709 803 inira
721 735 976 805 transcribenda.

141 846 174 911 2.
195 840 285 926 Qnid
302 841 499 931 siallepans
522 840 796 934 impedimentum
820 855 960 934 nequeat
980 842 1095 911 statim
1109 842 1237 933 proba·

95 950 200 1017 tiones
212 948 381 1017 celtibera?
395 986 439 1003 ···
468 974 485 1013 a
510 948 682 1018 Restitutio
698 948 843 1018 iaciendo
857 957 918 1032 est,
943 950 1042 1018 etiam
1063 947 1171 1042 quoad
1185 956 1237 1017 to·

98 1082 116 1122 a
139 1078 215 1126 rum
227 1084 236 1135 ;
250 1056 330 1148 quia
344 1055 406 1125 hoc
419 1077 494 1125 casu
519 1056 733 1148 presumptio
746 1064 809 1124 stat
834 1066 946 1125 contre
959 1056 1147 1147 conjugem,
1163 1076 1237 1147 quae

97 1187 117 1227 a
140 1163 210 1230 sine
217 1162 343 1253 judicio
357 1160 508 1229 Ecclesiae
520 1162 619 1230 avito
627 1161 783 1231 discessit.
799 1188 816 1227 r
837 1162 1150 1253 (Sebmalzgrneber,
1165 1162 1236 1230 loco

94 1268 218 1359 citato.)
235 1268 369 1338 Constat
381 1268 502 1360 pariter
521 1290 562 1335 ex
577 1268 728 1337 decretali
741 1270 884 1338 Litteras
902 1270 969 1361 (13,
986 1270 1037 1337 tit.
1055 1272 1109 1357 te,
1124 1269 1198 1337 libri
1215 1272 1235 1336 2

93 1376 236 1465 Deeret.)
250 1376 285 1443 in
297 1398 364 1467 que
376 1376 422 1442 sie
434 1375 578 1466 disponit
589 1377 800 1445 Innocentius
811 1376 855 1445 111
868 1404 875 1444 :
895 1376 1030 1461 Quodsi
1042 1399 1107 1445 non
1116 1376 1237 1444 babeat

89 1483 302 1575 probationes
316 1482 352 1551 in
378 1483 555 1551 continenti
562 1497 717 1575 paratas,
742 1483 800 1552 sed
821 1483 993 1553 dilationes
1008 1496 1139 1575 expetat
1162 1483 1235 1551 lon·

92 1590 200 1681 pieres
216 1591 307 1682 (quia
318 1591 533 1682 premmintr
557 1603 673 1659 contra
697 1613 783 1673 eam,
801 1612 875 1683 qua
893 1592 961 1660 sine
978 1591 1109 1684 jndicio
1122 1590 1236 1659 Eccle-

93 1697 164 1778 siae,
181 1720 244 1766 nra
260 1710 391 1765 tantam
409 1698 604 1779 temeritate,
621 1698 749 1766 recessit
775 1720 797 1766 a
823 1698 905 1787 ciro)
928 1698 976 1767 ad
997 1697 1234 1767 restitutionem

91 1804 282 1895 plenariam
297 1805 508 1873 ecclesiastica
521 1804 613 1873 debet
627 1828 761 1874 censura
772 1806 933 1899 compelli.

142 1915 173 1978 3.
192 1911 282 1996 Quid
293 1934 368 1981 cero
389 1912 428 1992 si,
446 1911 573 1980 decreta
586 1935 608 1979 a
615 1911 732 2003 jndice
739 1913 903 2005 predicta
917 1913 1120 1987 restitutione
1133 1911 1234 1980 etiam

94 2018 208 2110 quoad
221 2032 340 2101 torum,
352 2039 437 2110 pars
457 2040 530 2111 qna
542 2018 682 2087 discessit
696 2032 785 2087 certa
812 2020 855 2087 sit
879 2018 918 2087 de
933 2018 1141 2088 matrimonii
1158 2018 1234 2085 nnl-

94 2127 213 2193 litatet
227 2165 272 2179 -
286 2126 388 2194 Debet
404 2148 516 2217 perere
531 2125 735 2195 conscientie
750 2135 782 2194 et
797 2148 862 2194 non
874 2126 999 2217 judici;
1017 2126 1050 2193 id
1076 2134 1125 2193 est
1139 2124 1235 2194 debet

94 2233 255 2321 denegare
270 2232 428 2318 debitum,
446 2240 477 2301 et
496 2232 656 2301 eiortiori
670 2232 711 2300 ab
727 2255 764 2302 eo
780 2233 918 2324 petendo
933 2232 1095 2301 abstinere
1111 2258 1120 2299 ε
1144 2232 1232 2323 quod

93 2339 123 2407 si
138 2339 201 2406 snb
224 2361 361 2408 censure
374 2337 502 2408 decreta
517 2338 580 2408 fuit
592 2339 753 2409 restitutio
766 2338 923 2431 plenaria,
940 2339 1035 2407 debet
1058 2338 1141 2407 hauc
1156 2358 1234 2405 cen-

93 2469 205 2515 suram
222 2448 380 2538 patienter
404 2446 552 2533 tolcrere,
582 2469 685 2538 usque
711 2446 791 2514 dnm
818 2447 1023 2537 probationes
1039 2453 1234 2537 preparatas

92 2554 224 2631 offerat3
241 2561 273 2620 et
286 2561 365 2621 tunc
379 2576 398 2621 e
412 2574 550 2621 censura
563 2552 759 2621 absolvetur.
775 2552 907 2621 Constet
920 2574 960 2620 ex
973 2552 1068 2620 citata
1082 2550 1234 2619 decretali

92 2662 248 2742 Litteras,
263 2662 297 2727 in
311 2658 430 2751 quade
445 2660 600 2751 praedicta
613 2659 805 2728 censurasic
819 2659 957 2727 babetur
971 2686 978 2727 :
997 2661 1107 2742 Onam
1122 2671 1234 2725 tamen

94 2768 287 2860 (cmsaram)
306 2768 390 2858 ipsa
410 2765 476 2834 tori
489 2766 636 2858 neqando
658 2767 867 2847 consortium,
886 2765 977 2835 debet
991 2765 1163 2833 lumiliter
1178 2777 1233 2832 to-

90 2877 208 2954 lerare,
225 2873 322 2942 donee
345 2872 553 2965 probationes
574 2875 690 2965 offerat
700 2885 934 2963 praeparatam·
950 2885 982 2940 et
1004 2886 1080 2940 tnnc
1101 2871 1232 2940 absola-

90 2985 182 3051 tione
192 2981 297 3073 petita
311 2980 489 3049 secundnm
498 2982 645 3071 smmum
658 2979 822 3061 Ecclesiae,
837 2980 1030 3048 absolvetur.

136 3088 256 3157 Casum
282 3096 391 3156 eutem
419 3088 546 3178 plenius
567 3085 689 3154 evolvit
713 3085 1005 3175 Sebmslzgruebcr
1026 3085 1086 3153 boc
1107 3084 1229 3153 modo:

92 3221 111 3261 a
135 3196 311 3286 Postquam
339 3204 447 3262 eutem
469 3202 517 3261 est
543 3191 704 3277 restituta,
731 3191 871 3260 multum
891 3193 1024 3260 interest
1040 3215 1082 3261 en
1109 3193 1231 3283 conjux

91 3329 111 3368 a
133 3302 279 3391 allegans
301 3299 570 3391 impedimentum
596 3310 683 3368 certa
698 3300 739 3368 sit
762 3300 802 3368 de
826 3300 1071 3392 impedimento,
1088 3323 1130 3368 an
1154 3320 1232 3369 vero

93 3436 112 3475 a
137 3415 264 3476 mutum
289 3430 330 3475 cx
346 3405 539 3496 conjecturis
553 3406 763 3497 quibusdem,
788 3406 840 3475 vel
867 3415 1000 3498 propter
1013 3404 1232 3499 quorumdam

91 3543 112 3582 a
134 3514 344 3585 assertionem
360 3512 470 3581 credat
482 3513 613 3581 subesse
627 3512 907 3604 impedimentum.

141 3650 158 3687 a
183 3622 224 3690 Si
237 3632 326 3689 certa
341 3620 381 3689 de
396 3620 627 3711 impedimento
641 3629 701 3705 est,
717 3621 820 3711 ipsius
843 3619 1045 3689 conscientie
1068 3621 1233 3690 incumbet

92 3757 111 3795 a
134 3730 296 3798 obstinere
311 3729 463 3797 interese
478 3728 639 3797 consortio
652 3727 727 3815 tori,
752 3727 854 3796 donec
868 3728 902 3796 in
918 3728 1150 3820 impedimento
1164 3728 1231 3795 dis-

92 3867 111 3906 ι(
134 3846 300 3930 pensetur,
319 3836 347 3903 si
362 3835 444 3904 illud
460 3836 502 3903 sit
516 3835 752 3925 dispensabile3
771 3834 848 3927 quie
859 3858 934 3903 cum
946 3836 1010 3904 viri
1023 3836 1098 3903 talis
1110 3834 1231 3927 conjux

92 3973 111 4013 a
134 3967 249 4014 revera
263 3966 328 4012 non
342 3943 397 4030 sit,
411 3943 539 4011 carnale
552 3965 627 4010 cum
652 3964 692 4010 eo
707 3944 939 4011 commercium
954 3944 1112 4012 rationem
1126 3944 1230 4011 iorni-

92 4082 111 4120 α
134 4053 280 4138 cationis,
296 4052 388 4120 nullo
412 4074 488 4119 casu
513 4050 694 4141 permissas,
721 4050 828 4118 babet.
847 4050 1060 4142 Proceditque
1078 4051 1139 4120 boc
1163 4074 1230 4121 non

93 4191 112 4229 a
134 4165 280 4231 obstante
309 4168 471 4252 praecepto
498 4159 663 4243 Ecclesiae,
688 4158 729 4227 ed
746 4158 936 4253 hujusmodi
959 4160 1230 4229 cohabitationem

93 4298 111 4336 a
134 4291 372 4365 percensuram
388 4266 732 4357 excommunicationis
746 4266 969 4366 compellentis
986 4293 993 4338 ε
1008 4290 1084 4335 nem
1094 4276 1183 4356 tnnc,
1197 4275 1233 4339 ut
