3050 4984
614 542 689 589 rurs
712 542 858 589 securos.
1238 522 1299 591 ato

163 660 377 753 requiruntur
388 661 422 729 in
436 662 578 731 ferendis
592 670 704 733 contra
719 664 854 733 clericos
867 685 908 732 ex
922 664 1096 733 inlormata
1109 664 1303 737 conscientia

163 770 344 837 sententiis.

209 876 279 945 Jam
303 899 381 948 vero
401 878 488 971 qnod
511 878 674 971 Episcopi,
692 879 814 969 absque
836 879 902 947 nlla
924 879 1112 948 necessitate
1134 888 1191 948 ant
1208 901 1304 949 cause

162 984 361 1073 rationabili,
381 986 529 1057 subditos
552 1009 628 1055 suos
647 986 795 1078 judicent
812 1009 887 1056 cum
911 988 1030 1076 rigore,
1050 1010 1116 1078 quc
1139 988 1244 1079 major
1269 990 1303 1057 in

158 1088 294 1181 judiciis
308 1094 484 1183 excogitari
501 1116 565 1161 non
580 1101 695 1185 potest,
713 1100 761 1161 est
780 1093 859 1184 quid
882 1116 941 1185 per
962 1116 996 1161 se
1011 1094 1140 1185 publico
1158 1095 1301 1165 ecclesie

161 1197 250 1265 bono
265 1222 392 1268 summe
410 1202 562 1285 noxium,
583 1200 779 1290 evangelicis
800 1200 931 1269 monitis
950 1200 1162 1287 contrarium,
1183 1225 1303 1293 perpe-

162 1302 293 1395 tuisque
330 1328 495 1376 sacrorum
534 1328 695 1376 canonum
726 1314 757 1375 et
785 1313 973 1375 sanctorum
1002 1307 1137 1375 Petrum
1172 1309 1304 1377 monitis

161 1409 348 1481 adversum.
368 1414 475 1505 Atque
487 1414 651 1505 imprimis
672 1415 733 1482 boc
755 1414 862 1505 ipsum
883 1422 992 1502 aperte
1014 1413 1141 1505 repellit
1159 1414 1303 1483 Triden-

161 1518 233 1584 tiua
249 1520 404 1609 synodus,
425 1520 504 1589 dum
525 1520 676 1589 sessionis
705 1524 744 1588 13
768 1520 870 1610 capite
897 1521 1016 1611 primo,
1042 1520 1219 1613 Episcopus
1237 1523 1301 1589 ad-

161 1634 285 1710 monet,
305 1638 342 1694 ut
361 1650 395 1694 se
414 1636 557 1719 pastores
580 1650 649 1696 esse
672 1628 894 1706 meminerint;
914 1635 952 1695 ut
972 1626 1108 1719 proinde
1126 1636 1300 1721 antequam

157 1731 294 1821 justitie
317 1732 461 1823 gladium
482 1743 629 1820 exerent,
650 1742 768 1803 cetera
787 1733 983 1802 exhauriant
1003 1734 1168 1803 charitatis
1185 1742 1218 1803 et
1238 1757 1301 1825 pa-

161 1846 265 1907 ternae
281 1840 506 1909 sollicitudinis
521 1840 561 1910 ad
576 1841 785 1931 corrigendos
799 1840 1021 1932 delinquentes
1036 1840 1159 1927 media3
1182 1849 1214 1909 et
1230 1850 1301 1908 tan-
1344 1924 1348 1930 .

162 1944 238 2013 dem
258 1947 287 2013 si
305 1948 399 2036 oirqa
413 1970 494 2038 opus
508 1949 620 2039 licerit,
645 1961 723 2017 tnnc
742 1969 818 2015 cum
837 1946 1084 2016 mansuetudine
1101 1948 1203 2039 n'por,
1227 1971 1302 2015 cnm

162 2051 385 2121 misericordia
398 2054 580 2145 judicium,
603 2078 678 2123 urm
693 2055 825 2123 leuitate
842 2055 994 2122 severitus
1015 2053 1217 2123 adhibeatur.
1236 2054 1301 2123 Ubi

161 2182 274 2251 quaeso
297 2168 345 2228 est
367 2161 580 2231 mansuetudo
606 2172 638 2231 et
663 2161 790 2247 lenitas,
810 2160 942 2252 quaudo
970 2160 1163 2251 Episcopus,
1184 2160 1303 2251 absque

160 2266 234 2335 nlla
248 2269 432 2337 necessitate
445 2282 506 2337 ant
526 2268 717 2337 rationabili
729 2291 840 2351 cansa,
858 2276 896 2337 ut
908 2268 1114 2359 supponitur,
1127 2290 1183 2336 reo
1198 2267 1301 2335 dene-

161 2380 220 2462 gat
234 2396 302 2443 sese
317 2374 512 2445 defendendi
534 2376 730 2463 facultatem,
752 2398 893 2467 eumque
912 2374 1124 2467 suspensione
1142 2375 1297 2465 percellit,

162 2502 205 2549 ue
220 2481 360 2551 iudicata
373 2483 506 2575 quidem
520 2482 797 2552 condemnationis
811 2486 930 2551 musal

208 2588 292 2655 Hinc
305 2590 420 2659 merito
433 2589 627 2658 Benedictus
642 2589 721 2658 XlV
741 2588 793 2679 (de
806 2588 942 2680 Synodo
957 2587 1151 2668 dicecesaua,
1170 2587 1225 2655 lib.
1246 2591 1299 2674 12,

159 2716 234 2784 cap.
261 2698 292 2780 8,
315 2718 348 2763 n.
371 2698 401 2787 6)
427 2696 577 2783 advertit,
602 2695 889 2787 reprehensibilem
918 2694 986 2765 iore
1008 2694 1219 2785 Episcopum,
1244 2694 1301 2785 qui

160 2802 199 2869 in
216 2802 342 2894 syuodo
364 2803 552 2887 declararet,
572 2826 605 2871 se
628 2802 778 2894 deinceps
798 2826 839 2871 ex
862 2803 987 2893 privata
1006 2809 1131 2870 tantum
1155 2800 1300 2886 scientia,

159 2930 259 3001 paena
274 2909 808 3001 suspensionisanimadversurum
822 2910 857 2978 iu
871 2909 1003 2978 clericos
1013 2934 1021 2994 ;
1033 2930 1072 2975 eo
1084 2906 1172 2999 quod
1186 2929 1301 2998 nempe

158 3015 236 3083 talis
250 3015 423 3086 declaratio
438 3016 596 3086 redoleret
609 3017 826 3108 tyrannidem.
841 3016 904 3085 Sed
920 3017 949 3083 si
965 3016 1171 3108 tyrannicum
1186 3014 1301 3084 sithoc

159 3122 339 3212 declarare,
352 3124 557 3217 tyrannicum
572 3125 684 3215 utique
699 3124 760 3193 erit
777 3124 860 3192 illud
877 3123 963 3192 idem
977 3123 1094 3192 facere.

208 3229 346 3299 Videtur
367 3254 446 3320 ergo
465 3230 725 3300 concludendum
746 3231 912 3321 Episcopis
934 3252 1116 3298 concessam
1138 3229 1237 3297 tuisse
1260 3251 1302 3296 ex

159 3337 336 3406 informata
358 3339 553 3406 couscientia
578 3336 772 3428 procedendi
795 3344 998 3429 potestatem,
1024 3345 1176 3428 tanquam
1197 3360 1303 3404 remc-

159 3442 256 3513 dium
283 3446 607 3527 cctracrdinerinm,·
629 3444 670 3512 ad
696 3443 783 3536 qnod
809 3443 947 3536 proinde
971 3465 1139 3513 recurrere
1161 3466 1227 3512 non
1245 3444 1302 3512 de·

159 3552 271 3637 beant,
288 3550 321 3619 in
333 3574 417 3627 ,casu
431 3552 551 3643 publici
570 3550 727 3636 criminis,
746 3551 808 3617 nisi
820 3551 908 3642 justa
922 3551 1083 3639 exigente,
1099 3573 1159 3642 pro
1178 3551 1302 3619 ratione

161 3656 495 3744 circumstantiarum,
509 3680 616 3727 causa.

208 3764 290 3831 Hinc
311 3765 448 3834 ulterius
468 3763 726 3847 concludendum
742 3764 884 3850 videtur,
901 3786 994 3855 posse
1007 3788 1027 3832 a
1042 3764 1141 3833 Sacra
1152 3764 1302 3854 Congre-

158 3870 291 3960 gatione
317 3870 453 3940 Concilii
478 3871 618 3940 rescindi
643 3869 858 3960 episcopalem
882 3870 1087 3956 senteutiam,
1108 3892 1148 3937 ex
1172 3892 1210 3938 eo
1231 3870 1301 3937 solo

158 3976 277 4068 capite,
299 3980 386 4068 qnod
408 3978 598 4071 Episcopus,
623 3978 692 4046 sinc
711 3976 884 4045 sufficienti
899 3977 1038 4066 motivo,
1053 4000 1073 4044 a
1087 3976 1192 4044 forma
1210 3976 1302 4067 judi-

158 4083 286 4151 ciorum
307 4084 471 4152 ordinaria
490 4085 668 4153 recesserit.
690 4088 806 4155 Fateor
821 4091 929 4153 mursa
944 4084 1069 4151 nullam
1087 4081 1168 4150 mibi
1186 4105 1301 4151 occur-

158 4191 242 4262 risse
269 4191 363 4259 dictae
388 4193 649 4283 congregationis
678 4193 873 4261 decisionem
899 4188 934 4259 in
958 4213 1023 4282 qua
1047 4191 1299 4281 exprimeretur,

160 4298 236 4371 ideo
260 4320 324 4371 non
347 4298 499 4377 sustiueri
524 4302 716 4379 senteutiam
738 4297 898 4402 Episcopi,
926 4298 1013 4394 quod
1035 4297 1156 4390 absque
1181 4297 1301 4367 motivo
