3050 4984
567 528 640 575 rous
663 530 807 575 smuuna.
1191 512 1253 577 203

115 654 234 740 pateat,
261 670 369 741 opera
392 649 531 743 pretium
556 658 604 721 cst
629 648 803 741 diligenter
816 650 1012 744 expendere.
1029 653 1094 723 Pro
1110 676 1176 746 quo
1191 653 1257 723 sint

115 764 287 849 sequemoe
299 756 546 849 propositiones.

161 916 188 987 Ι.
208 915 348 999 Quando
371 916 560 1009 proceditur
581 942 643 1011 per
663 920 755 989 oium
777 920 1007 1001 accusationis,
1025 921 1140 1013 nequit
1150 920 1258 1013 judeo

113 1046 211 1092 reum
226 1023 266 1093 dc
280 1023 396 1095 delicto
418 1025 632 1119 intempore,
656 1026 722 1095 nisi
728 1027 828 1120 peius
851 1028 1015 1095 emerserit
1027 1028 1144 1097 eodem
1158 1030 1259 1098 semi·

111 1126 214 1219 pteno
225 1128 391 1219 motatio.
407 1128 548 1199 -Nam
566 1131 778 1221 «contraius
790 1140 917 1199 natura
933 1139 994 1217 est,
1010 1142 1048 1199 ut
1060 1132 1119 1223 qui
1134 1133 1258 1201 occulte

117 1258 136 1297 a
158 1233 312 1303 delictum
334 1234 509 1318 commisit,
526 1258 561 1303 se
575 1234 691 1326 prodet
711 1260 729 1299 »
757 1234 957 1325 (Pellegrini
973 1239 1111 1327 portet,
1128 1246 1205 1303 sect.
1224 1240 1256 1323 9,

115 1363 150 1407 n.
169 1341 202 1429 9)
220 1368 228 1408 :
247 1350 343 1431 atquc
357 1340 402 1411 ita
411 1349 520 1411 tenent
531 1340 678 1413 doctores
692 1364 768 1414 cum
784 1340 1029 1411 ssnetoTboma
1046 1343 1091 1434 (2.
1107 1344 1140 1429 2,
1154 1366 1189 1434 q.
1201 1346 1257 1430 69,

114 1470 146 1515 a.
164 1448 212 1536 2).
231 1446 268 1517 Si
282 1469 360 1519 vero
374 1470 416 1517 ex
429 1470 468 1517 so
482 1448 551 1515 solo
564 1448 652 1539 quod
668 1450 743 1539 quis
757 1449 799 1517 de
812 1448 924 1539 atiquo
938 1448 1056 1519 delicto
1077 1448 1140 1519 tuit
1159 1472 1260 1518 accu-

114 1562 217 1638 satus,
232 1564 266 1623 et
279 1556 425 1625 nondum
440 1556 585 1627 elucente
599 1554 667 1627 ulle
681 1564 795 1626 contra
808 1556 917 1647 ipsum
937 1556 1138 1646 probatione,
1156 1556 1259 1647 judex

115 1670 224 1751 posset
242 1684 318 1731 eum
344 1664 544 1753 interrogare
559 1662 600 1731 de
615 1662 829 1733 accusationis
843 1662 992 1747 veriats,
1008 1672 1117 1753 posset
1130 1663 1261 1752 exigere

113 1777 151 1837 ut
166 1791 244 1838 reus
257 1770 410 1841 defletum
426 1794 522 1841 suum
543 1770 650 1839 adbuc
675 1769 837 1839 occultum
861 1768 1024 1860 proderet.
1042 1770 1131 1861 Ergo
1146 1793 1261 1841 revera

114 1876 229 1967 nequit
241 1876 344 1965 judex
357 1875 399 1945 ad
413 1878 510 1947 talem
523 1876 813 1967 interrogationem
825 1875 991 1961 devenire,
1008 1877 1070 1945 uisi
1083 1876 1150 1967 jam
1163 1878 1262 1946 semi-

113 1983 211 2073 plena
226 1983 342 2051 saltem
360 1984 506 2075 probatio
522 1994 635 2055 eontra
650 2005 742 2053 raum
754 1982 895 2073 juridice
907 1983 1090 2052 emerserit.

162 2145 396 2215 Corollarium.
422 2144 509 2215 Hinc
535 2144 652 2215 deduci
675 2152 780 2237 potest
794 2142 959 2236 quomodo
982 2142 1087 2235 judex
1112 2167 1180 2213 sese
1204 2167 1262 2235 gc-

113 2276 188 2322 rere
208 2253 321 2323 debeat
342 2252 450 2346 quoad
470 2252 740 2343 interrogandum
762 2274 870 2337 reum,
894 2250 1027 2345 quando
1048 2253 1263 2321 uacationis

114 2362 170 2429 oio
195 2359 393 2453 proceditur.
422 2360 530 2453 Supra
554 2360 642 2429 euim
671 2358 818 2427 diximus
833 2381 901 2427 non
925 2358 1029 2426 tenen
1042 2367 1263 2428 accusatorem

114 2468 155 2536 ad
183 2468 408 2559 producendos
424 2476 532 2555 testes,
550 2466 670 2537 aliasve
695 2465 915 2559 probationes,
938 2465 999 2533 nisi
1018 2474 1091 2557 post
1103 2474 1264 2535 contesta-

115 2586 182 2643 tam
199 2576 289 2645 litem
313 2603 320 2643 ε
345 2574 433 2645 unde
454 2574 482 2645 si
502 2574 585 2643 nolit
606 2572 708 2665 jodici
735 2582 830 2642 testes
846 2582 878 2641 et
902 2571 1095 2641 documenta
1120 2560 1265 2643 indicare
1372 2563 1376 2573 ’

114 2692 191 2751 ante
204 2682 270 2751 litis
278 2682 556 2768 contestationem,
574 2704 639 2751 uon
653 2682 770 2773 poterit
781 2679 885 2770 judex
898 2701 1087 2771 processum
1102 2679 1264 2749 informa-

115 2792 221 2860 tivum
237 2789 448 2882 praemittere,
465 2798 497 2859 et
524 2788 754 2879 semi-plenam
784 2785 1010 2879 probationem
1036 2794 1148 2855 contm
1170 2809 1264 2856 reum

115 2906 292 2988 autequam
305 2896 422 2965 citetur
442 2896 621 2986 acquirere.
650 2894 677 2961 E
691 2901 805 2962 contra
820 2892 849 2959 si
863 2903 1031 2961 accusator
1045 2901 1141 2960 testes
1156 2902 1190 2961 et
1201 2892 1264 2963 do-

115 3011 267 3073 cumenta
280 3002 472 3072 sufficientia
484 3002 586 3094 judici
601 2998 721 3093 pandat
737 3009 812 3068 ante
827 3006 1040 3067 contestatam
1066 3000 1171 3086 litem,
1188 3022 1264 3091 pos-

118 3110 222 3180 sibilis
245 3110 282 3177 fit
302 3110 448 3203 pravius
468 3108 698 3177 informativus
713 3129 894 3199 processus.
913 3106 955 3175 Et
968 3104 1056 3197 qnod
1071 3114 1149 3173 tuno
1162 3108 1265 3198 possit

115 3217 218 3307 judex
244 3214 403 3309 ejusmodi
432 3214 679 3285 inforrnativum
696 3234 883 3305 processum
904 3213 1116 3303 praemittere,
1134 3212 1264 3282 videtur

118 3322 371 3409 admittendum,
392 3323 452 3391 etsi
476 3322 578 3391 fatear
597 3320 681 3389 clere
704 3320 738 3388 id
764 3341 806 3387 ex
831 3316 1077 3386 auctoritatibus
1096 3318 1178 3386 mibi
1199 3341 1265 3389 non

118 3432 253 3525 liquere.
271 3431 308 3501 si
323 3453 402 3521 ergo
427 3428 585 3522 praemitti
600 3426 742 3521 potuerit
758 3426 863 3493 dietrrs
879 3424 1114 3493 informativus
1128 3446 1265 3516 proces-

120 3560 186 3625 sus,
203 3545 235 3605 et
250 3560 291 3605 ex
307 3558 345 3605 co
359 3536 526 3605 emerserit
541 3543 653 3605 contra
666 3556 760 3602 reum
787 3532 983 3622 semi-plena
1006 3530 1167 3623 probatio,
1185 3530 1264 3599 lice-

120 3644 166 3711 bit
179 3644 281 3735 judici
301 3652 411 3735 postea
425 3643 559 3713 citatum
576 3663 668 3711 reum
685 3640 873 3709 examinare
888 3646 920 3708 et
934 3639 1135 3728 interrogare
1151 3637 1191 3706 de
1206 3660 1264 3707 ve-

122 3749 211 3819 ritate
226 3750 458 3837 accusationis3
483 3748 517 3816 id
536 3758 584 3817 est
608 3754 718 3841 petere
732 3769 776 3815 an
790 3743 944 3814 delictum
958 3744 998 3813 de
1012 3768 1078 3837 quo
1094 3754 1265 3813 accusatur

124 3856 309 3947 patraverit.
327 3856 428 3925 Secns
458 3878 548 3943 vero,
575 3864 683 3948 petere
712 3877 731 3922 a
757 3876 812 3921 reo
828 3852 1001 3921 dumtaxat
1016 3851 1133 3944 poterit
1145 3850 1263 3941 judex,

124 3986 199 4031 num
215 3963 295 4032 velit
308 3962 398 4031 litem
423 3962 594 4030 contestari
611 3990 618 4029 :
637 3961 677 4030 de
693 3970 819 4053 patrato
841 3966 950 4028 autem
966 3958 1083 4027 delicto
1098 3966 1176 4025 tuuc
1189 3966 1265 4026 tan-

123 4076 190 4138 tum
202 4072 402 4160 iuterrogare
418 4092 493 4138 eum
507 4069 637 4162 poterit,
650 4066 783 4160 quando
794 4067 861 4159 jam
878 4088 919 4135 ex
936 4065 1084 4134 adductis
1099 4086 1157 4155 per
1167 4087 1264 4134 accu-

123 4188 257 4247 satorem
274 4177 468 4268 semi-plena
483 4176 630 4269 probatio
645 4174 825 4243 emerserit.

167 4284 245 4355 Cum
270 4296 380 4355 autem
404 4284 498 4353 bodie
525 4304 599 4353 raro
625 4280 804 4351 admodum
832 4280 885 4349 via
910 4278 1124 4350 accusationis
1150 4302 1262 4371 proce-
