3050 4984
299 483 360 549 tls
671 506 847 555 raacrarcs
871 512 907 555 or
930 510 1062 556 retornus.

297 628 398 695 etiam
422 628 602 719 impotens?
615 669 659 681 -
689 656 705 695 a
731 632 866 698 Certum
893 631 1041 723 estquod
1068 630 1269 722 proclamare
1283 630 1440 699 adversus
1489 614 1490 625 ἵ

299 760 316 798 a
341 736 583 803 matrimonium
600 741 700 826 possit
714 738 778 824 vir,
793 740 943 830 ‹luumvis
958 762 1000 807 ex
1023 748 1113 830 parte
1127 738 1231 829 ipsius
1246 738 1440 829 impotentia

300 868 317 905 «
341 862 374 909 se
389 850 493 909 teneat
510 871 569 921 ...;
586 842 664 933 quia
678 844 740 911 viri
757 846 890 912 interest
907 844 1014 936 ipsum
1031 844 1178 930 dissolvi,
1193 866 1233 913 ne
1248 854 1389 933 cogatur
1402 844 1440 912 ad
1490 858 1491 909 1

297 974 315 1012 a
339 970 437 1016 onera
452 950 650 1017 matrimonii
667 950 752 1017 irriti
765 951 966 1019 sustinenda.
983 952 1112 1043 Excipit
1127 950 1272 1019 Sauchez
1287 952 1375 1019 duos
1390 974 1440 1019 ca-

299 1082 316 1121 c
339 1078 395 1122 sus
412 1083 419 1122 :
436 1078 540 1123 unum
556 1056 687 1146 quando
716 1057 767 1124 vir
784 1056 988 1149 proclamans
1003 1066 1115 1125 contra
1140 1058 1390 1125 matrimonium
1406 1080 1439 1125 eo
1491 1083 1492 1147 t

298 1188 316 1227 a
338 1161 439 1229 tendit
465 1171 501 1229 nt
525 1162 587 1229 sibi
610 1162 649 1229 ad
677 1164 757 1230 alias
778 1164 908 1255 nuptias
933 1166 1088 1233 transitus
1115 1164 1322 1255 permittatur
1340 1192 1348 1231 :
1366 1174 1439 1232 tunc
1491 1188 1492 1215 ³

297 1296 315 1333 a
337 1269 427 1337 enim
442 1268 587 1357 allegans
601 1268 813 1358 frigiditatem
833 1271 999 1362 propriam
1015 1270 1123 1339 audiri
1139 1294 1205 1339 non
1225 1270 1337 1359 debet,
1355 1271 1437 1363 quod

298 1402 315 1441 c
340 1374 451 1467 petitio
475 1375 548 1466 ejus
572 1375 761 1443 adversetur
776 1376 962 1466 allegationi
980 1404 987 1445 :
1007 1400 1098 1445 seem
1113 1378 1142 1445 si
1163 1378 1320 1466 allegaret
1335 1379 1441 1469 impo-
1492 1433 1493 1499 ,

295 1509 314 1549 a
337 1482 469 1551 tentiam
487 1482 629 1549 loeminae
645 1491 702 1550 aut
715 1482 928 1571 maleficium,
944 1485 1022 1574 quia
1038 1483 1231 1551 maleficium
1250 1486 1438 1552 communi-

295 1617 314 1657 a
337 1600 386 1657 ter
400 1598 448 1657 est
462 1596 588 1655 tantum
614 1597 760 1679 respectu
778 1590 866 1657 illius
882 1590 1029 1658 foeminae
1046 1614 1121 1659 cum
1139 1614 1205 1683 qua
1217 1598 1433 1659 contraxerat.

297 1696 496 1776 «Alterum,
522 1695 548 1761 si
565 1696 727 1762 contraxit
748 1697 897 1764 conscius
926 1698 1128 1789 impotentiae
1153 1698 1296 1789 propria
1326 1725 1333 1764 :
1365 1707 1436 1765 tuuc
1493 1783 1494 1789 ἵ

296 1830 314 1870 e
336 1804 424 1870 enim
438 1824 504 1869 nou
520 1802 602 1894 ipse,
624 1803 679 1869 sed
704 1804 826 1871 mulier
842 1826 915 1872 cum
931 1826 995 1895 qua
1011 1806 1173 1872 contraxit
1186 1803 1348 1873 adversus
1366 1828 1433 1871 ma·
1493 1796 1494 1843 3

296 1938 313 1977 u
335 1910 525 1978 trimooium
540 1909 743 2001 proclamare
757 1908 906 1989 deberet;
923 1910 985 1978 nisi
1000 1910 1182 2002 periculum
1194 1910 1434 1980 incontinentia

297 2044 315 2084 c
337 2018 481 2086 subesset
494 2039 536 2085 ex
562 2018 724 2086 consortio
739 2039 815 2084 cum
831 2038 870 2086 aa
884 2040 988 2085 uxore
1004 2018 1203 2095 existimata;
1220 2040 1296 2085 nam
1312 2041 1352 2086 eo
1365 2040 1433 2085 caso

299 2152 315 2190 ι(
338 2134 445 2216 petere
459 2134 566 2216 posset
581 2122 722 2215 ajudice
739 2135 775 2192 ut
790 2146 831 2193 ex
846 2124 952 2192 officio
967 2148 1025 2193 soc
1042 2147 1096 2191 eos
1112 2133 1249 2216 separet.

344 2258 361 2296 c
387 2233 501 2322 Major
529 2231 703 2322 difficultas
719 2245 775 2313 cst,
804 2230 993 2322 anquando
1018 2232 1207 2322 impotentia
1234 2252 1268 2299 se
1296 2240 1384 2299 tenet
1397 2254 1432 2297 ex

300 2366 318 2405 a
341 2348 432 2430 parte
452 2338 595 2406 loeminae
611 2337 701 2405 illam
718 2338 903 2426 ignorantis
916 2347 1061 2428 tempore
1078 2337 1291 2424 matrimonii,
1310 2338 1338 2405 si
1353 2347 1433 2429 post·

299 2474 316 2514 a
339 2470 377 2513 ea
394 2468 465 2513 cam
489 2444 678 2535 comperiat,
695 2444 751 2511 illa
767 2446 867 2535 possit
882 2444 1080 2536 proclamare
1096 2442 1253 2513 adversus
1268 2445 1433 2512 matrimo
1495 2480 1496 2523 1

296 2581 316 2621 e
338 2554 443 2638 nium,
458 2550 629 2639 allegando
643 2572 736 2619 suam
748 2551 986 2642 impotentiam.
1001 2551 1140 2619 Videtur
1151 2548 1240 2641 quod
1253 2573 1339 2637 uon,
1352 2550 1434 2643 quod

297 2686 315 2727 a
338 2659 482 2727 loemiuae
504 2656 559 2723 tali
574 2678 651 2722 casn
667 2678 733 2723 non
757 2656 887 2723 intersit
911 2656 944 2722 id
968 2656 1216 2723 matrimonium
1232 2655 1368 2723 dissolvi
1386 2684 1392 2722 :
1408 2664 1435 2721 et

297 2792 314 2832 e
337 2768 382 2834 ita
396 2776 503 2833 tenere
519 2762 671 2832 videntur
686 2762 807 2852 glossa,
823 2762 965 2831 loannes
981 2763 1130 2829 Andreas
1149 2812 1216 2830 .....
1224 2814 1233 2849 ,
1251 2764 1309 2853 qui
1326 2773 1436 2854 putant

296 2899 314 2939 a
338 2874 371 2940 id
397 2872 532 2963 speciale
553 2892 623 2937 esse
650 2871 684 2936 iu
698 2870 783 2955 viro,
810 2878 846 2939 ut
860 2871 1016 2937 liberetur
1031 2890 1050 2935 a
1067 2867 1267 2936 sustinendis
1282 2870 1436 2937 oneribus

295 3008 312 3047 a
336 2979 547 3062 matrimonii,
563 3000 639 3067 quae
656 2977 741 3045 ratio
755 2977 862 3045 locum
879 2998 944 3044 non
962 2976 1058 3043 habet
1074 2976 1107 3042 in
1123 2975 1270 3043 foemina.
1289 2974 1355 3043 Sed
1373 3000 1436 3043 me-

295 3113 314 3154 c
335 3088 399 3155 lius
414 3086 506 3153 docet
522 3083 679 3169 Sauchez,
702 3083 804 3151 etiam
828 3082 997 3151 loeminam
1013 3083 1222 3173 impotentem
1238 3082 1436 3173 proclamare

297 3219 313 3258 c
336 3192 492 3261 adversus
507 3191 748 3258 matrimonium
766 3212 805 3257 ex
821 3212 917 3257 causa
931 3189 1131 3280 impotentiae
1148 3212 1217 3257 suaa
1232 3212 1348 3280 posse;
1365 3191 1437 3281 quia

296 3328 313 3367 α
337 3301 414 3367 satis
428 3298 530 3389 ipsius
544 3298 677 3365 interest
690 3297 832 3386 separari
850 3296 891 3363 ab
907 3318 958 3382 eo,
973 3296 1032 3386 qui
1048 3317 1124 3363 vere
1139 3317 1205 3363 non
1219 3304 1268 3363 est
1281 3318 1362 3365 suus
1376 3297 1435 3381 vir,

295 3434 313 3473 a
337 3429 394 3473 nec
407 3407 470 3496 ipsi
485 3404 615 3494 subjici,
631 3412 663 3471 ct
677 3403 803 3471 restitui
819 3402 879 3470 sibi
894 3402 1047 3469 dotem.»
1071 3401 1390 3491 (Schmalzgrueber,
1406 3404 1437 3470 in

292 3516 342 3583 tit.
362 3518 415 3599 tc,
431 3512 539 3578 librit
556 3511 697 3595 Decret,
714 3532 748 3576 n.
764 3513 802 3575 71
823 3508 947 3600 etseq.)

335 3621 478 3701 Qousrro
495 3621 541 3683 3⁸.
559 3654 602 3667 —
618 3618 789 3697 (tuomum
804 3617 959 3707 temporis
974 3616 1170 3705 coujupibus
1186 3616 1385 3685 concedatur
1397 3616 1439 3685 ud

290 3725 466 3820 petendum
480 3722 686 3790 matrimonii
697 3723 891 3790 solutionem
906 3746 946 3789 ee
962 3722 1162 3812 impotentia
1173 3728 1300 3791 causa?
1314 3762 1360 3775 -
1372 3724 1437 3791 ott-

293 3833 468 3901 licultatem
496 3830 618 3897 faciunt
642 3828 898 3919 nonnulli,juris
922 3838 1043 3913 textus,
1061 3829 1118 3920 qui
1134 3830 1287 3896 videntur
1309 3830 1436 3897 interse

293 3938 459 4009 contrarii.
477 3936 561 4005 Nam
584 3936 687 4025 capite
712 3936 869 4025 decepisti
885 3937 930 4026 (l,
954 3935 1039 4003 tituli
1066 3940 1118 4020 15,
1136 3934 1213 4001 libri
1237 3939 1256 4001 l
1281 3936 1434 4025 Decret„

295 4046 437 4131 mulieri,
464 4050 534 4134 post
549 4064 674 4110 anuum
689 4051 722 4107 et
744 4041 919 4109 dimidium
940 4041 1093 4129 alleganti
1108 4042 1337 4132 impotentiam
1362 4044 1432 4125 viri,

294 4156 471 4240 denegatur
497 4148 679 4234 audientia,
698 4158 730 4215 et
757 4150 890 4216 rationis
913 4150 982 4217 loco
999 4150 1028 4215 ei
1052 4148 1217 4238 objicitur,
1232 4170 1292 4216 cur
1315 4150 1434 4217 tamdiu

295 4259 440 4348 tacuerit,
457 4280 531 4325 cum
559 4255 651 4323 facile
675 4264 706 4322 et
734 4256 821 4323 intra
841 4258 938 4325 breve
960 4266 1088 4347 tempus
1113 4256 1197 4323 scira
1225 4258 1369 4347 potuerit
1394 4280 1432 4327 an
