3050 4984
538 521 614 565 eins
636 519 783 567 munna.
1166 501 1225 565 187

85 636 173 717 tion,
191 637 226 705 id
250 646 310 726 eat,
334 647 481 731 paratm
496 640 650 709 habentes
674 641 913 711 executionem.
936 641 1032 733 (Vide
1060 642 1228 711 Schmalz-

85 745 239 833 gracha,
254 748 351 815 citato
365 747 461 836 loco.)
478 749 641 831 Secundo,
657 772 755 819 causa
771 749 917 842 depositi,
936 758 973 819 ut
987 756 1111 819 constat
1126 750 1229 843 capite

86 856 180 920 Boreo
195 851 279 942 fides
294 856 341 944 (2,
356 853 396 922 de
408 855 587 946 Deposito),
602 866 634 924 ct
653 856 805 947 pluribus
825 857 1009 927 Justitianei
1027 858 1112 949 juris
1127 858 1226 926 texti-

86 958 160 1026 bus.
181 960 416 1043 Tertianarum
443 962 674 1054 appellationis
686 988 700 1046 ‚·
713 964 791 1055 qnia
811 962 913 1055 judex
929 964 1153 1057 appellationis
1167 988 1229 1057 po·
1343 984 1344 989 ’

85 1072 233 1135 testatem
248 1090 315 1137 non
339 1068 447 1155 habet,
475 1070 538 1137 uisi
558 1070 823 1161 adjudicandam
839 1094 970 1140 cansam
996 1072 1030 1139 in
1046 1072 1153 1163 prima
1169 1073 1227 1140 in-

87 1174 205 1243 stantia
231 1174 421 1265 judicatam.
453 1180 591 1261 Quarto,
610 1200 708 1245 causa
722 1178 821 1270 spolii
829 1201 842 1260 ;
855 1185 944 1246 actor
958 1178 1091 1262 scilicet,
1108 1178 1165 1270 qui
1180 1202 1227 1263 re,

86 1302 185 1369 quarn
201 1281 399 1372 possidebat,
425 1307 445 1351 a
471 1306 528 1353 reo
542 1284 698 1376 spoliatus
724 1293 785 1369 ost,
813 1284 892 1353 dum
909 1284 987 1376 petit
1003 1307 1036 1353 se
1052 1287 1178 1354 restitui
1193 1287 1228 1353 in

87 1386 340 1476 possemionem,
358 1413 424 1459 nou
439 1398 577 1481 potesta
598 1412 656 1459 roo
669 1391 888 1479 reconveniri3
908 1392 1051 1460 sedante
1068 1392 1178 1460 omnia
1193 1393 1228 1459 in

85 1494 323 1583 possessionem
337 1497 385 1565 rai
396 1497 513 1565 ablatos
527 1497 745 1567 restituendus
757 1508 815 1565 est.
834 1498 1004 1589 Excipitur
1016 1507 1125 1567 tamen
1135 1521 1228 1567 casus
1251 1538 1253 1543 ·

86 1620 151 1688 quo
167 1621 244 1669 rens
258 1602 402 1670 vicissim
415 1603 623 1673 contenderet
636 1627 706 1673 rem
722 1604 819 1673 aliam
835 1627 932 1696 quam
960 1605 1141 1696 possidebat
1166 1605 1228 1673 sibi

86 1705 126 1772 ab
141 1714 251 1775 actore
276 1708 376 1777 luisse
390 1710 545 1795 ablatam,
563 1720 709 1802 etsnper
723 1712 784 1779 hoc
799 1713 1080 1781 reconventionem
1098 1712 1224 1779 lacerat.

89 1811 186 1897 (tude
200 1815 505 1905 Schmalzgrueber,
521 1820 557 1885 in
570 1818 620 1885 tit.
639 1823 672 1905 l,
687 1818 743 1886 lib.
762 1823 783 1886 2
799 1820 908 1905 Deos,
927 1841 961 1887 n.
982 1818 1049 1909 10.)

131 1920 279 2000 Qunsno
296 1927 339 1991 5⁸.
355 1963 400 1976 —
414 1928 466 1993 An
479 1926 580 1994 etiam
596 1926 746 1994 incensis
758 1926 984 1995 criminalibus
995 1927 1102 1994 locum
1113 1927 1231 1995 dobere

83 2029 188 2117 possit
202 2033 427 2100 reconvenire?
440 2071 485 2085 -
503 2034 729 2125 «Respondeo
748 2033 980 2123 distinguendo
996 2036 1080 2102 inter
1092 2042 1233 2125 quatuor

92 2161 108 2197 a
130 2158 226 2203 casus
252 2137 294 2206 de
319 2139 439 2230 quibus
468 2140 605 2209 dubium
626 2141 712 2209 istud
729 2148 834 2233 potest
860 2141 1033 2232 procedere
1053 2164 1059 2204 :
1077 2142 1129 2209 val
1143 2142 1232 2210 anim

92 2267 108 2304 e
134 2247 167 2307 1ο
192 2244 332 2313 civiliter
346 2256 527 2315 conventus
540 2247 612 2315 vult
638 2247 854 2316 criminaliter
866 2270 1036 2332 aocusare;
1053 2248 1106 2315 vel
1131 2253 1164 2314 2ο
1180 2272 1234 2315 ac-

16 2385 17 2428 l
92 2359 267 2419 «cuatus
285 2351 498 2422 criminaliter
522 2353 593 2422 vult
622 2362 842 2423 accusatorem
872 2354 1009 2422 civiliter
1038 2356 1232 2439 convenire3

16 2537 17 2548 ἵ
93 2482 108 2517 a
132 2456 185 2523 vel
210 2462 245 2523 3⁰
272 2470 439 2528 accusatus
467 2462 607 2528 civiliter
622 2462 694 2530 vult
708 2462 806 2530 ctiam
822 2461 963 2529 civiliter
993 2484 1143 2529 accusare
1158 2490 1165 2539 ;
1183 2461 1235 2528 vel

93 2561 274 2655 «denique
299 2571 332 2634 4⁰
359 2566 571 2635 criminaliter
595 2578 765 2636 accusatus
793 2568 864 2637 vult
892 2576 1109 2637 accusatorem
1138 2590 1235 2636 suum

16 2676 17 2697 ¹
95 2706 110 2742 a
135 2675 234 2743 etiarn
249 2674 463 2742 criminaliter
477 2696 675 2742 reaccusare.

136 2810 154 2849 a
179 2783 218 2851 Si
237 2782 403 2874 primum,
420 2782 512 2852 locus
526 2792 575 2850 est
590 2782 835 2870 reaccusationi‚
855 2790 891 2851 ut
906 2806 945 2851 ex
963 2784 1129 2851 mmmuni
1142 2805 1235 2851 reso-

16 2977 17 2992 *
94 2919 111 2957 s
131 2892 255 2959 lotione
269 2891 526 2959 docetGonzalen
540 2942 593 2978 ...,
606 2890 763 2980 Pirrhiug
775 2942 828 2975 ...,
844 2891 1062 2977 Viestner...;
1079 2900 1110 2958 et
1125 2892 1229 2958 sumi-

16 2995 17 3058 i
99 3026 114 3063 a
136 3008 191 3067 tur
204 3021 247 3067 ex
273 2998 346 3089 lege
369 2997 472 3084 finali,
490 3022 519 3065 c.
537 2997 578 3065 dc
595 2997 710 3067 Ordin.
723 2996 831 3088 judic.
849 2998 943 3065 Ratio
963 3008 1023 3082 eat,
1046 2998 1123 3089 quia
1138 3020 1235 3065 causa

100 3133 115 3171 a
135 3106 315 3175 criminalis
330 3115 377 3174 est
392 3106 609 3196 privilegiata,
627 3116 663 3174 ut
678 3129 716 3173 ea
730 3104 902 3197 madente,
920 3128 1018 3196 super
1033 3105 1175 3196 qualibet
1190 3105 1237 3172 ci·

16 3241 17 3256 κ
100 3242 116 3277 a
136 3213 462 3305 vilisupersedeatur.
480 3214 521 3280 Et
536 3212 612 3281 hinc
626 3214 654 3280 si
667 3213 726 3282 hoc
742 3211 812 3297 fiat,
830 3235 927 3303 super
940 3234 1038 3280 causa
1051 3212 1151 3297 civili,
1162 3221 1236 3281 ante

102 3348 118 3383 a
139 3330 226 3390 mota
251 3320 293 3387 ab
305 3328 424 3407 actore,
440 3320 600 3387 sententia
623 3319 701 3386 ferri
715 3341 781 3386 non
797 3320 927 3409 poterit,
944 3342 1046 3411 usque
1061 3320 1139 3388 dum
1156 3342 1236 3410 pro-

103 3454 120 3490 «
140 3430 324 3496 nuntiatum
338 3449 435 3518 super
450 3426 613 3495 criminali
623 3426 771 3518 opposita
782 3449 802 3494 a
815 3448 872 3494 reo
888 3426 996 3495 luerit.

144 3562 159 3598 a
174 3535 210 3605 Si
223 3532 412 3614 secundnm,
427 3534 633 3602 reconventio
647 3556 713 3602 non
730 3534 914 3601 admittitur
928 3534 1010 3625 (lege
1024 3534 1233 3615 Concessisse,

106 3668 121 3703 s
140 3639 384 3729 ff.de1udic.);
401 3642 478 3731 qnia
500 3663 598 3709 causa
613 3641 803 3726 criminalis,
822 3649 975 3732 tanquam
993 3642 1097 3731 magis
1113 3642 1239 3733 princi-

103 3768 119 3810 «
142 3748 232 3837 palis,
251 3747 328 3815 facit
342 3747 437 3815 silere
457 3747 585 3814 civilem
606 3748 688 3838 (lege
716 3747 820 3835 finali,
838 3746 873 3815 ff.
901 3747 940 3816 de
968 3747 1092 3829 Indic.‚·
1113 3755 1145 3816 et
1166 3748 1237 3837 lege

108 3878 123 3914 a
144 3854 302 3922 adulterii
312 3857 366 3939 33,
383 3876 412 3921 c.
430 3851 476 3921 ud
489 3857 567 3945 Lep.
584 3855 652 3921 lul.
669 3853 711 3922 de
722 3852 848 3943 Aucti.)
869 3878 876 3921 ε
896 3853 985 3941 hinc,
1000 3852 1234 3945 illapendente,

108 3981 124 4019 ι
143 3959 243 4028 civilia
256 3960 409 4028 intentari
425 3982 491 4027 non
507 3968 622 4050 potest.

147 4066 212 4135 «si
227 4066 374 4147 tertium,
390 4065 498 4134 locum
514 4067 611 4134 habet
626 4067 876 4136 reconventio...
892 4068 987 4137 Ratio
1001 4076 1061 4151 est,
1077 4066 1238 4158 quiareus

111 4198 126 4235 s
144 4174 313 4263 proprium
338 4195 434 4240 anum
463 4173 617 4241 interesse
633 4174 856 4265 prosequitur,
874 4182 905 4242 at
920 4173 1118 4243 reaccusatio
1134 4173 1239 4261 magis

113 4303 126 4337 s
145 4278 288 4348 adhaeret
300 4287 427 4348 natura
442 4280 703 4349 reconventionis
715 4280 836 4350 civilis.
