3050 4984
537 552 612 598 unns
634 550 779 598 saeuum.
1167 532 1228 599 425

86 668 152 739 dns
163 679 212 740 est
217 696 227 759 3
244 679 341 763 prout
362 692 481 763 nempe
496 671 670 763 allegatum
686 670 957 761 impedimentum
976 670 1147 741 notorium
1169 680 1229 761 est,

86 777 143 847 vel
156 799 235 846 non.

133 885 160 952 l.
181 885 284 953 Casus
299 907 364 976 quo
386 885 658 977 impedimentum
671 896 718 954 cst
736 885 915 955 notorium.
931 886 1083 955 -Tunc
1097 886 1234 957 audien-

88 990 153 1059 dus
171 1012 239 1060 non
257 999 307 1059 est
322 992 432 1061 Titius
445 992 682 1061 restitutionem
697 1000 809 1083 petens
827 1018 834 1059 ε
853 990 909 1061 sed
922 992 1025 1084 judex
1041 992 1234 1062 ecclesiasti-

87 1120 161 1183 cus,
186 1098 317 1167 bertam
340 1100 464 1168 interea
486 1097 700 1191 relinquendo
726 1099 887 1168 emerito
918 1105 1112 1190 separatam,
1139 1099 1234 1170 debet

87 1204 199 1273 statim
221 1205 262 1274 ad
276 1228 408 1275 causam
427 1206 586 1276 nullitatis
600 1204 857 1297 cognoscendam
872 1214 903 1275 et
920 1204 1140 1275 dirimendam
1155 1229 1234 1298 pro-

86 1311 213 1381 cedere.
231 1312 285 1381 An
296 1322 404 1381 antem
422 1314 474 1404 (ex
490 1336 529 1383 eo
544 1312 633 1405 qnod
646 1312 920 1405 impedimentum
941 1310 982 1381 sit
995 1312 1175 1397 notorium,
1191 1336 1234 1384 ex

88 1418 274 1510 hypothesi)
287 1419 389 1512 possit
402 1431 480 1488 tunc
485 1420 589 1511 judex
599 1419 831 1490 ecclesiasticus
840 1442 970 1489 causam
981 1418 1069 1489 illam
1081 1419 1234 1491 dirimere

87 1526 417 1618 entra-judicialiter,
430 1526 527 1597 velin
539 1528 646 1597 torma
658 1526 835 1596 summarii
837 1526 974 1618 judicii,
987 1534 1018 1595 et
1029 1548 1096 1596 non
1108 1537 1235 1598 servata

88 1656 207 1703 norma
232 1656 252 1701 a
280 1634 455 1704 Benedicto
484 1634 563 1704 xlv
600 1636 804 1727 praescripta,
832 1634 1007 1703 discutitur
1041 1634 1128 1704 inira
1153 1637 1174 1728 ᾖ
1199 1639 1231 1705 3.

86 1740 186 1809 Ratio
207 1761 286 1810 vero
305 1760 365 1809 cur
383 1742 420 1809 in
440 1740 502 1811 hoc
516 1764 595 1811 casu
609 1740 784 1833 rejicienda
800 1742 842 1810 sit
856 1741 939 1811 actio
956 1742 1034 1809 Titii
1053 1742 1088 1810 in
1108 1764 1235 1833 posses-

87 1850 190 1936 sorio,
208 1857 256 1918 est
273 1851 352 1941 quia
369 1850 412 1918 ob
431 1848 657 1941 impedimenti
677 1850 907 1919 notorietetem
924 1848 995 1940 jam
1015 1850 1091 1919 satis
1111 1859 1236 1921 constat

85 1957 194 2050 judici
217 1957 258 2026 de
281 1957 483 2027 matrimonii
507 1958 666 2044 nullitate,
686 1958 784 2027 etiam
807 1966 881 2027 ante
903 1958 1090 2027 institutum
1115 1958 1236 2030 dehac

87 2063 239 2133 nullitate
257 2086 456 2157 processum.
484 2065 593 2135 ludex
610 2075 720 2135 autem
741 2066 800 2158 qui
826 2072 913 2134 certo
943 2066 1014 2151 scit,
1041 2074 1074 2134 et
1102 2066 1236 2158 quidem

87 2172 226 2239 scientia
243 2170 373 2263 publica
390 2195 449 2264 per
467 2172 692 2241 notorietatem
711 2173 880 2265 acquisita,
902 2172 1146 2241 matrimonium
1166 2196 1235 2243 esse

88 2278 233 2367 nullum,
257 2299 323 2349 non
342 2288 483 2367 tenetur,
506 2280 572 2349 imo
596 2303 656 2349 nec
673 2280 760 2350 licite
784 2288 889 2372 potest
905 2280 1035 2349 Bertsm
1058 2304 1172 2371 cogere
1192 2281 1235 2351 ad

87 2385 360 2456 cohabitationem
379 2386 535 2455 turicum
559 2386 664 2475 Titi03
690 2389 768 2480 quia
786 2388 847 2456 hoc
867 2396 949 2457 esset
968 2410 1040 2457 eam
1061 2410 1176 2478 cogere
1191 2389 1234 2457 ad

89 2490 352 2561 fornicationem.
383 2493 424 2561 Et
458 2513 565 2586 neque
594 2500 699 2583 potest
725 2514 796 2560 eam
831 2512 947 2581 cogere
974 2490 1015 2560 ad
1052 2491 1234 2584 simplicem

89 2596 362 2667 cohabitationem
383 2598 505 2690 absque
529 2596 593 2666 tori
612 2597 786 2681 consortio,
813 2596 890 2687 quia
909 2595 951 2665 ad
974 2596 1009 2664 id
1030 2596 1084 2687 jus
1104 2595 1235 2665 nullum

91 2702 189 2773 habet
202 2704 321 2792 Titius,
338 2704 443 2797 posita
455 2704 615 2773 nullitatis
629 2704 830 2773 notorietate.

134 2810 176 2878 ll.
198 2813 301 2880 Cusus
320 2810 549 2904 impedimenti
567 2810 785 2879 non-notorii.
802 2808 998 2893 -Quando
1018 2810 1235 2902 impedimen-

90 2927 162 2988 tum
182 2918 355 3011 allegatum
374 2942 440 2988 non
456 2927 505 2988 est
524 2919 702 3006 notorium,
724 2918 844 2987 iterum
860 2918 983 3009 duplex
1004 2940 1098 2988 casus
1120 2918 1236 2987 distin-

88 3026 242 3117 guendus
262 3028 353 3096 venit
369 3054 377 3095 ι
395 3027 448 3095 vel
463 3026 549 3095 enim
565 3025 727 3117 eJusmodi
742 3025 1012 3117 impedimentum
1034 3034 1082 3093 est
1096 3024 1236 3094 dubitem

89 3133 275 3220 dumtaxat,
292 3134 344 3203 vel
356 3134 492 3202 omnino
505 3146 641 3202 certum.

136 3243 170 3310 t.
188 3240 279 3324 Quid
289 3240 599 3332 siimpedimmtum
613 3240 656 3309 sit
670 3240 998 3328 dubiumt-Tunc,
1012 3239 1056 3307 ait
1069 3238 1236 3308 Schmalz-

88 3347 232 3438 grneber
251 3348 296 3439 (in
316 3348 364 3417 tit.
389 3350 442 3436 13,
463 3348 539 3417 libri
553 3352 573 3417 2
588 3348 731 3435 liceret,
755 3370 790 3415 n.
815 3351 882 3438 62),
904 3347 1095 3438 «possessio
1115 3344 1234 3415 valoris

92 3480 112 3519 a
134 3462 184 3523 est
199 3476 299 3546 penes
313 3454 576 3542 matrimonium
593 3464 626 3523 et
642 3453 720 3523 hinc
737 3475 813 3523 cum
827 3454 864 3522 in
883 3452 983 3523 dubio
999 3474 1096 3521 nemo
1113 3451 1237 3545 privari

93 3586 112 3627 c
136 3560 251 3629 debeat
275 3562 477 3652 possessione
499 3561 584 3653 juris
603 3562 667 3647 sui,
696 3560 823 3631 restitui
847 3560 941 3630 debet
960 3558 1080 3651 conjux
1103 3557 1237 3650 conjugi

94 3695 113 3735 a
136 3668 244 3760 quoad
270 3668 503 3737 habitationem
523 3677 555 3737 et
571 3667 636 3736 alia
657 3668 814 3759 obsequis
840 3667 1037 3760 conjugalia.
1062 3666 1115 3735 Ad
1136 3688 1235 3734 usum

94 3803 113 3842 a
135 3798 215 3845 vero
238 3775 437 3848 matrimonii
453 3776 526 3868 (etsi
549 3776 589 3862 is,
606 3798 683 3845 casu
700 3798 767 3866 quo
784 3775 869 3843 bona
890 3774 954 3843 fide
974 3780 1175 3843 contractum
1189 3783 1237 3843 est

93 3909 113 3950 a
136 3883 396 3971 matrimonium,
413 3906 473 3951 nec
491 3883 609 3951 veritas
625 3890 696 3973 post
709 3881 900 3971 diligentem
915 3880 1157 3974 inquisitionem
1173 3880 1236 3949 de-

94 4016 113 4055 u
136 3990 295 4082 prehendi
314 3990 426 4082 possit,
443 3990 553 4059 licitus
575 3990 643 4080 sit),
660 4012 746 4058 uuus
761 3997 871 4059 tamen
889 3988 1027 4058 alterum
1050 4010 1117 4056 non
1132 3996 1236 4079 potest

95 4124 114 4164 ι(
136 4118 264 4187 cogere,
287 4097 467 4189 prasertim
487 4097 541 4167 vir
562 4096 743 4184 foeminam,
766 4095 925 4189 quamdiu
945 4095 985 4165 lis
1005 4094 1123 4187 pendet
1138 4116 1236 4186 super

95 4231 114 4271 a
136 4204 248 4273 valore
267 4203 477 4273 matrimonii.
496 4204 724 4296 Exponeretnr
737 4204 826 4273 enim
846 4202 941 4273 valde
962 4203 1056 4293 gravi
1078 4201 1234 4293 periculo,

96 4338 115 4378 c
137 4312 166 4380 si
181 4318 291 4406 postea
305 4318 418 4384 contra
432 4311 630 4388 matrimonii
644 4311 785 4383 valorem
801 4308 1008 4407 pronuntiari
1022 4310 1236 4400 contingeret,
