3050 4984
305 483 367 553 'ili
680 507 857 554 snsmsws
880 509 917 553 ne
939 507 1072 554 moscus.

304 629 463 712 appellat,
491 637 523 692 et
542 630 625 712 petit
647 647 814 693 recursum
837 629 885 693 ad
904 632 1097 712 superiores,
1122 629 1169 693 ad
1187 649 1268 713 quos
1290 630 1331 694 de
1351 635 1442 713 jure.

303 736 447 802 Articuli
458 745 568 800 aulem
581 744 681 801 siml:
1502 765 1503 834 p

345 868 360 901 o
378 851 410 908 1⁰
425 844 523 926 Qecod
533 846 638 908 uitam
652 844 744 908 ducil
758 844 973 924 luxuriosam,
989 853 1021 910 et
1037 863 1180 928 pravom
1200 845 1295 910 aaut
1311 864 1445 909 consue-

305 950 450 1016 tudinem
461 970 537 1017 cum
550 953 593 1022 Ν.
1502 999 1503 1034 ,

344 1084 360 1118 o
383 1066 416 1124 2⁰
432 1060 531 1140 Quod
544 1060 731 1124 simoniacis
753 1059 879 1124 ortibus
899 1060 978 1142 slipi
993 1061 1169 1139 nocuerit,
1191 1061 1354 1143 offerendo
1371 1081 1444 1124 neu-

301 1187 382 1232 nero
397 1167 526 1232 electori
538 1169 580 1237 N.

343 1301 358 1332 «
387 1274 490 1340 Testes
509 1276 662 1358 producit
678 1295 776 1360 super
796 1278 903 1359 primo
923 1277 1062 1341 articulo
1087 1276 1255 1340 dominnm
1277 1277 1448 1342 Neleia
1502 1315 1503 1358 ,

299 1383 427 1445 minum
448 1383 489 1449 N.
510 1384 785 1466 :supersecundo
868 1385 959 1465 (sive)
986 1384 1088 1450 Testes
1110 1391 1220 1448 autem
1241 1403 1300 1447 suo
1325 1383 1396 1448 loco
1417 1395 1446 1448 et
1502 1415 1503 1492 p

302 1499 444 1572 tempore
454 1490 633 1574 producere
651 1499 698 1554 est
705 1499 858 1574 paratus.
874 1492 998 1557 Datum
1015 1510 1102 1554 meno
1169 1492 1286 1554 mensis
1353 1492 1444 1555 die...
1502 1493 1503 1578 3

344 1623 359 1653 α
374 1597 448 1680 Epo
462 1598 503 1665 N.
521 1599 658 1683 excipio,
672 1607 843 1680 protestor,
858 1599 951 1675 insto,
967 1607 998 1661 et
1011 1598 1150 1681 appello,
1167 1606 1329 1682 utsupra.
1347 1623 1363 1654 s
1502 1587 1503 1614 ³

832 1805 915 1896 gv.

508 1952 601 2001 Ferme
613 1948 761 2013 excipiendi
775 1952 867 2000 contre
880 1947 993 2000 electum
1009 1961 1043 1999 ne
1058 1948 1235 2000 eonflrmeun.

345 2148 360 2178 «
383 2123 505 2189 Coram
525 2122 700 2186 reverendo
718 2122 774 2198 N.,
795 2119 1058 2184 reverendissimi
1074 2121 1231 2204 Episcopi
1252 2123 1294 2191 N.
1319 2123 1447 2187 Vicario
1502 2149 1503 2216 p

302 2230 458 2314 penerali,
473 2238 639 2313 comparet
657 2229 817 2294 Dominus
837 2226 893 2304 N.,
911 2235 942 2289 et
963 2225 1043 2291 dicit
1061 2228 1245 2293 electionem
1263 2231 1391 2310 foetam
1413 2234 1444 2295 in
1502 2229 1503 2320 ᾗ

303 2341 444 2416 (notetur
457 2337 509 2400 hie
525 2338 667 2418 dignitas
679 2336 722 2398 ad
740 2351 839 2417 quem
858 2333 1015 2413 indignus
1030 2337 1100 2415 jem
1116 2335 1215 2400 fuerit
1228 2336 1360 2418 electus)
1381 2357 1446 2402 esse

303 2444 496 2510 cassandam
515 2452 546 2507 et
567 2441 807 2508 annullandam
826 2457 888 2503 :eo
901 2440 982 2521 quio
1000 2441 1157 2505 nonnulla
1176 2443 1324 2506 militant
1341 2446 1376 2506 in
1398 2465 1443 2523 eo,
1502 2459 1503 2536 ᾗ

305 2559 345 2625 ob
362 2573 435 2636 qun
456 2572 479 2616 a
499 2552 600 2616 sacris
622 2550 799 2614 canonibus
818 2549 872 2611 ille
890 2555 937 2610 est
956 2547 1140 2632 inelipibilis
1154 2549 1201 2612 ad
1212 2569 1288 2612 eam
1301 2550 1442 2632 dionitn-
1502 2549 1503 2594 l

305 2678 380 2734 tm,
415 2664 637 2744 Quapropter,
666 2677 730 2720 non
758 2658 831 2721 dolo
859 2659 963 2737 molo,
991 2665 1051 2721 aut
1077 2675 1117 2719 ec
1144 2656 1213 2720 ulla
1239 2659 1447 2722 animositate
1502 2643 1503 2700 Ν

304 2783 416 2840 contra
430 2789 517 2846 eum,
536 2766 595 2830 sed
605 2783 645 2828 ec
655 2782 740 2847 puro
754 2765 823 2828 zelo
832 2766 959 2848 publici
972 2765 1058 2842 boni,
1071 2773 1103 2827 et
1115 2773 1153 2827 ut
1170 2764 1254 2846 lepes
1266 2775 1444 2844 seruentur,

306 2882 424 2964 excipit
442 2884 555 2941 contra
575 2891 651 2937 eum
669 2871 708 2935 de
727 2873 944 2955 infrascriptis
963 2872 1122 2950 articulis,
1144 2889 1224 2954 quos
1240 2873 1383 2954 probare
1403 2875 1446 2936 in-
1502 2877 1503 2960 J

307 2990 409 3055 tendit
431 2987 465 3048 in
487 2983 633 3065 lepitima
649 2982 779 3062 sorma;
792 2997 858 3042 non
880 2989 917 3042 ut
936 2981 975 3043 ol
995 2999 1044 3058 ea,
1064 2997 1137 3062 que
1150 2981 1186 3042 in
1205 2979 1270 3043 illis
1282 2983 1445 3043 continen-
1502 3029 1503 3040 ,

307 3109 361 3163 tur
381 3097 494 3178 aliqua
507 3087 693 3170 confiesibile'
707 3105 805 3168 poena
823 3089 995 3169 puniatur,
1010 3088 1069 3152 sed
1082 3096 1210 3151 tantum
1224 3107 1265 3152 ne
1279 3090 1443 3168 confirme-

307 3219 361 3275 tur
375 3209 408 3269 in
423 3201 615 3284 diqnitatem
628 3195 675 3258 ad
686 3213 787 3277 quam
797 3195 914 3259 electus
924 3204 980 3260 est.
992 3197 1096 3260 Instat
1103 3195 1245 3278 proinde
1253 3205 1444 3279 praesentem

307 3313 523 3396 exceptionem
538 3305 650 3388 (quam
664 3304 699 3365 in
712 3302 763 3366 liis
774 3303 901 3385 scriptis
909 3303 1017 3386 jurat,
1029 3322 1094 3366 non
1108 3320 1174 3366 esse
1186 3302 1444 3384 calumniosam),

308 3419 450 3496 admitti,
469 3422 500 3478 et
509 3412 715 3496 prolationes
729 3407 889 3473 exhibitas
902 3411 1075 3494 acceptori,
1091 3419 1122 3473 et
1135 3411 1258 3474 interea
1272 3411 1358 3473 eirca
1372 3429 1445 3473 con·

306 3524 524 3612 finnationem
537 3518 624 3582 nihil
635 3518 789 3581 innovari
793 3537 804 3591 ;
824 3517 920 3581 aliter
937 3525 1134 3600 protestatur
1152 3515 1192 3580 de
1210 3516 1359 3582 nullitate
1377 3536 1445 3580 con-

305 3633 512 3721 firmationis,
527 3634 683 3713 prouocat
700 3625 747 3689 ad
760 3643 840 3708 quos
860 3625 899 3689 de
912 3625 1001 3708 iure,
1017 3631 1048 3687 et
1059 3625 1141 3707 petit
1153 3641 1322 3688 recursum
1338 3625 1386 3688 ad
1398 3643 1446 3688 su-

305 3747 481 3831 periorem.
497 3739 600 3803 Porro
613 3734 746 3798 articuli
755 3741 832 3796 sunt
845 3733 1047 3816 infrascripti
1059 3752 1070 3792 :

352 3881 366 3911 «
386 3861 416 3918 1⁰
434 3845 532 3932 Quod
544 3843 695 3909 dominus
708 3842 750 3909 N.
763 3859 826 3924 pro
840 3841 967 3924 majore
984 3847 1079 3924 parte
1093 3839 1160 3903 diei
1171 3839 1250 3904 solet
1263 3859 1328 3904 esse
1342 3840 1443 3904 cornu

311 3981 385 4029 cum
398 3954 552 4024 senodale
566 3949 785 4015 secularium.
801 3952 834 4010 Ψ
849 3946 921 4013 Etc.

353 4095 368 4130 n
393 4068 495 4135 Testes
513 4057 666 4144 producit
686 4072 785 4137 super
800 4056 910 4137 primo
931 4055 1082 4119 dominus
1100 4055 1140 4122 N.
1164 4061 1195 4117 et
1212 4053 1255 4122 Ν.
1276 4055 1382 4136 Super
1395 4070 1439 4116 se·

311 4178 426 4253 eundo,
445 4169 592 4237 dominos
606 4165 647 4233 N.
664 4171 695 4227 et
706 4163 747 4230 N.

355 4309 369 4342 «
392 4284 464 4370 Epo
479 4279 521 4348 N.
538 4275 674 4360 eccipio,
691 4273 785 4351 insto,
798 4279 970 4356 protestor,
985 4278 1016 4336 et
1028 4268 1166 4362 appello,
1183 4275 1340 4361 utsupra.
1359 4289 1372 4328 o
