3050 4984
529 443 604 492 rens
626 443 771 492 sueonos.
1156 427 1220 492 sos

120 566 361 634 «Declaramas
381 575 413 632 et
435 566 583 646 dicimur,
601 565 678 631 berre
693 567 796 648 prisce
808 584 831 630 a
844 574 1024 632 memorato
1035 565 1151 651 jndice
1169 569 1219 632 in-

74 675 278 757 terlocutum,
306 676 392 742 neate
416 695 438 739 a
461 673 620 760 predicto
652 673 784 738 damino
819 675 863 743 N.
892 675 1104 758 appellatum.
1136 675 1222 758 Qua·

71 791 217 869 propter,
232 783 456 850 nonobstante
473 783 633 866 praedicta
647 781 874 867 appellatione,
891 781 1005 850 dedere
1027 783 1222 868 pradictum

74 892 225 975 jndicem
243 893 278 958 in
299 911 399 960 cama
414 891 589 976 procedere
604 899 705 974 prom
724 889 764 955 de
784 893 865 974 jare
885 890 1087 958 decernirnm
1099 898 1132 957 et
1141 909 1219 976 pro·

75 1000 277 1066 nuntiamus.
288 1001 423 1080 Datum,
439 1007 497 1066 etc.
515 1025 530 1058 »

119 1125 222 1195 Debet
235 1133 344 1196 eutem
370 1148 540 1218 processus
557 1126 661 1196 fectus
678 1125 820 1219 ejudice
836 1125 883 1195 ad
895 1149 1004 1219 quon,
1026 1126 1125 1196 simul
1145 1147 1221 1196 cum

74 1232 245 1320 sententie,
271 1233 357 1303 milti
376 1233 418 1303 od
433 1231 577 1325 judicem
602 1257 622 1302 o
641 1255 706 1326 qno
731 1233 931 1326 appellatum
955 1234 1032 1321 tuit,
1054 1241 1087 1303 et
1115 1241 1220 1304 totum

74 1339 175 1408 inseri
194 1340 280 1409 inter
300 1348 383 1429 soto,
402 1341 430 1409 si
452 1339 624 1432 appellatio
646 1340 746 1410 fuerit
766 1340 912 1432 judicata
934 1341 1160 1410 insubsistens.
1183 1341 1221 1410 Si

74 1468 156 1516 vero
169 1447 327 1516 sententie
346 1447 445 1518 fuerit
465 1447 673 1554 adseverem
696 1446 901 1540 appellantis,
917 1470 1015 1518 causo
1034 1448 1222 1542 principalis

73 1553 172 1623 debet
185 1555 355 1625 terminari
369 1579 388 1624 e
399 1554 509 1647 judice
523 1553 570 1624 ad
581 1577 689 1646 quon,
704 1553 800 1645 juxto
808 1554 1007 1646 exigentiam
1021 1564 1054 1624 et
1064 1554 1222 1625 formulas

74 1660 273 1752 procedendi
285 1684 385 1754 sopra
398 1661 542 1732 traditas.

503 1913 646 1985 CAPUT
670 1912 789 1986 LXVI.

71 2106 179 2153 Fontis
202 2105 361 2154 tumtunm
384 2105 554 2154 PRDOESSDM
578 2107 655 2156 APUD
677 2106 805 2153 inntens
832 2110 849 2149 t(
872 2107 913 2152 to
934 2105 1065 2174 Qfflfl)
1092 2107 1216 2163 Quam

285 2223 482 2271 teramum
507 2223 560 2269 EST
582 2224 603 2269 Δ
626 2223 794 2270 SENTENTIA
817 2224 1005 2270 ossslnmvs.

121 2429 137 2466 a
158 2406 198 2472 In
219 2408 350 2472 nomine
378 2406 522 2472 Domini.
547 2407 663 2472 Amen.
689 2441 727 2453 -
752 2406 838 2474 Cnm
852 2406 900 2470 ad
923 2406 1136 2473 reverendam
1161 2407 1217 2487 N.,

73 2513 176 2594 lcnjm
187 2513 450 2579 arclridioeceseos
462 2514 504 2582 Ν.
529 2511 696 2578 Vicariam
709 2513 907 2596 pmeralrm,
922 2515 1115 2579 trarosmissa
1132 2516 1218 2596 fnis-

71 2628 146 2684 sent
159 2629 233 2686 acta
243 2619 465 2704 processaoiia
486 2621 520 2682 in
541 2637 641 2684 cansa
655 2620 824 2685 criminali
836 2619 966 2686 domini
978 2622 1020 2685 Ν.
1036 2621 1148 2686 habita
1155 2641 1168 2698 ,·
1183 2624 1218 2687 in

73 2727 194 2810 an'lns
214 2729 394 2792 continetur
421 2728 579 2791 sententia
605 2726 883 2807 condemnatoria,
907 2736 1020 2793 eontra
1040 2728 1218 2819 praefatum

73 2835 117 2898 N.
134 2836 203 2899 lato
215 2855 237 2900 a
251 2834 426 2900 reverendo
451 2835 506 2911 N.,
520 2834 664 2898 dioecesis
677 2834 717 2898 N.
752 2834 879 2901 Vicario
900 2833 1048 2916 peneraii
1059 2842 1090 2898 et
1101 2834 1217 2918 jndice

74 2941 257 3022 ordinario,
272 2960 395 3007 necnon
414 2940 570 3025 predicti
592 2941 727 3007 Domini
740 2942 819 3009 N.a
841 2943 928 3006 dicto
940 2945 1098 3007 sententia
1117 2945 1215 3008 anter-

72 3055 167 3135 jcota
190 3051 236 3116 ad
255 3049 541 3134 metropolitanum
562 3048 710 3112 tribunal
725 3048 914 3132 appellatio,
929 3050 1031 3114 simul
1042 3069 1116 3114 cnm
1127 3049 1217 3132 facta

74 3158 182 3222 eidem
196 3158 417 3242 apostolorum
430 3155 703 3220 dimissoriaiinm
717 3157 916 3220 concessione
939 3175 951 3221 .·
976 3165 1218 3223 rememoratus

75 3266 228 3330 dominns
251 3266 293 3335 N.
308 3264 541 3347 comparuisset
560 3281 672 3326 coram
683 3264 823 3345 prefato
837 3263 1013 3329 reverendo
1026 3263 1059 3329 N
1061 3312 1069 3328 .
1090 3263 1216 3330 Vieario

74 3373 233 3456 pcnerali,
260 3371 308 3437 ad
330 3372 477 3454 effectum
495 3370 730 3454 prosequendo
752 3388 820 3435 sene
842 3370 1070 3454 appellationis
1093 3390 1105 3437 .·
1130 3372 1217 3438 idem

74 3481 271 3547 reverendus
300 3479 447 3547 Vicarias
466 3478 626 3561 peneraiis
647 3477 746 3560 lzujas
772 3477 1045 3557 archidioeoeseos,
1069 3479 1215 3545 adnibito

74 3607 130 3652 me
144 3589 350 3671 infrascripto
371 3587 499 3651 notario
512 3585 641 3670 publico
655 3594 686 3650 et
699 3586 798 3668 liujus
812 3587 912 3651 curin
930 3587 1090 3668 actuario,
1107 3587 1215 3653 decre·

73 3698 234 3780 oitpront
257 3696 297 3761 de
315 3697 405 3779 jure,
421 3696 455 3760 in
468 3710 569 3759 cansa
582 3693 779 3776 supradictae
793 3694 1020 3778 appellationis
1027 3695 1215 3780 procedere.

74 3805 159 3873 Acta
172 3810 248 3868 sunt
260 3803 326 3870 linc
341 3803 393 3868 die
457 3802 576 3866 morosis
641 3819 728 3868 anno
742 3849 791 3881 ...,
806 3803 878 3866 in...
893 3837 934 3850 -
946 3801 1021 3886 Epo
1034 3803 1090 3884 N.,
1104 3804 1214 3869 archi-

74 3913 220 3978 dioecesis
233 3912 275 3982 N.
300 3910 447 3978 Vicarins
456 3909 630 3993 pencralis.
643 3943 682 3955 -
697 3909 771 3992 Epo
785 3910 842 3988 N.,
855 3911 1035 3975 actuarias.

119 4046 133 4078 «
158 4019 395 4105 Gmsequcnter
417 4025 552 4083 eocatns
571 4015 780 4099 supradictus
796 4017 949 4082 dominns
969 4019 1026 4099 N.,
1040 4037 1115 4085 rens
1125 4040 1212 4104 pree-

75 4137 196 4208 rernm,
211 4146 233 4192 a
247 4126 421 4192 reverendo
436 4127 478 4196 N.
501 4126 628 4192 Vicario
641 4123 790 4207 pcnerali
801 4127 915 4206 jussas
939 4131 987 4189 est
1006 4125 1168 4208 exitione,
1187 4135 1219 4197 si

75 4253 158 4324 qnos
189 4235 320 4301 haberet
347 4231 592 4318 prnsmtandos
618 4231 788 4311 articulos,
810 4231 858 4295 ad
878 4231 1084 4316 probandam
1113 4255 1216 4326 supra
