3050 4984
271 504 331 569 3¹2
644 522 819 569 rntcssrus
841 524 880 567 os
902 520 1035 568 surmus

312 647 379 710 Aret
389 646 449 729 qui
461 664 482 706 o
495 646 562 707 suis
576 642 754 720 ordinibus,
769 662 826 706 seu
838 643 1006 725 qredibm,
1017 643 1071 705 vel
1080 643 1295 726 diqnitotibus
1309 644 1405 708 eecle-

268 755 407 817 siastieis
418 752 520 833 feeerit
537 768 728 834 suspensus;

308 861 407 925 Nulla
427 868 539 924 contre
561 862 661 943 ipsius
676 858 812 923 Praeloti
832 860 1033 923 oolmrtotem
1051 878 1198 923 concesso
1219 860 1350 925 lieentia
1368 862 1407 925 de

265 989 298 1032 se
309 969 497 1051 promoveri
507 968 668 1049 faciendo,
685 976 743 1030 out
757 967 805 1030 od
812 968 939 1049 priores
952 967 1092 1045 ordines,
1107 967 1242 1049 qrndus,
1253 978 1284 1031 et
1297 969 1407 1050 diqni-

267 1086 357 1154 totes,
375 1078 442 1139 sive
457 1074 604 1153 honores,
620 1076 779 1137 restitutio
800 1074 1007 1156 suffreqetur.

310 1183 439 1273 Duplex
458 1182 504 1249 ibi
519 1182 640 1251 tributa
655 1180 822 1272 Episcopis
836 1189 977 1273 potestas
998 1208 1006 1247 :
1018 1182 1143 1275 primo,
1161 1183 1282 1251 scilicet
1295 1207 1409 1252 ascen·

266 1314 337 1357 sum
354 1290 393 1357 sul
410 1311 517 1356 sacros
538 1288 668 1357 ordines
690 1287 917 1372 interdicendi,
936 1287 981 1355 ita
996 1298 1032 1355 ut
1047 1289 1092 1356 sic
1109 1288 1151 1357 ab
1170 1290 1328 1381 Episcopo
1348 1314 1409 1359 suo

264 1396 459 1487 prohibitus,
473 1418 513 1463 ex
528 1395 618 1463 nulla
630 1394 691 1461 sibi
703 1392 834 1462 aliunde
842 1416 991 1461 concessa
999 1394 1127 1463 licentia
1135 1396 1236 1487 possit
1246 1395 1406 1465 ordinari.

265 1502 426 1584 Seurrtdo,
445 1500 663 1593 suspendendi
680 1502 721 1569 ab
737 1501 910 1569 ordinibus
926 1501 994 1592 jam
1011 1503 1178 1594 susceptis,
1194 1513 1292 1595 atque
1317 1505 1409 1572 insu-

265 1633 324 1701 per
340 1612 379 1679 ab
393 1611 613 1679 ecelesiasticis
627 1609 796 1699 gradibus,
816 1608 1029 1699 dignitatibus
1047 1618 1079 1678 et
1093 1609 1292 1690 honoribus;
1309 1612 1355 1679 ita
1373 1623 1410 1681 ut

266 1720 313 1786 sie
329 1719 369 1786 ab
385 1718 544 1809 Episcopo
560 1739 619 1784 suo
635 1738 825 1807 suspensus,
839 1725 977 1807 nequeat
990 1739 1010 1784 a
1024 1717 1184 1807 superiori
1198 1718 1338 1788 Praelato
1350 1719 1410 1787 ab·

266 1824 348 1893 solvi
362 1834 394 1892 et
407 1824 544 1892 restitui.
1215 1892 1217 1894 ,

309 1931 406 1999 Prior
419 1929 599 2022 dispositio,
612 1952 727 2021 nempe
743 1937 781 1995 ut
795 1928 988 1997 interdictus
1001 1928 1042 1997 ab
1054 1928 1214 2020 Episcopo
1229 1953 1289 1998 suo
1303 1954 1324 1999 a
1336 1954 1410 2000 sus-

266 2038 423 2128 cipiendis
439 2037 622 2121 ordinibus,
641 2045 683 2103 ex
699 2036 874 2126 superioris
889 2035 1021 2103 Praelati
1041 2037 1247 2106 concessione
1261 2038 1409 2106 ordinari

265 2168 331 2212 non
349 2143 463 2231 valeat,
482 2166 633 2234 expresse
653 2144 772 2211 dicitur
790 2143 895 2211 locum
917 2142 1048 2229 habere,
1065 2144 1191 2211 etiamsi
1211 2143 1284 2211 talis
1302 2146 1411 2215 inter-

266 2252 362 2319 dictio
373 2274 393 2318 a
406 2251 539 2343 proprio
552 2248 710 2343 Episcopo
721 2249 786 2334 lala
799 2249 896 2316 luerit
910 2272 950 2316 ee
962 2271 1165 2341 quocumque
1178 2273 1289 2334 consa,
1307 2254 1409 2321 etiam

266 2359 307 2426 ob
319 2358 480 2427 oecultum
496 2358 630 2436 cumen,
651 2369 683 2424 et
695 2355 946 2447 quomodolibet,
962 2356 1062 2424 etiam
1079 2358 1406 2448 estro-judicialiter.

266 2464 326 2533 His
345 2472 452 2532 autem
475 2464 584 2532 verbis
605 2463 758 2553 implicite
778 2472 809 2529 et
827 2463 1066 2553 aequivalenter
1080 2465 1234 2533 asseritur
1249 2465 1410 2559 Episcopo

267 2572 401 2640 facultas
413 2592 581 2639 ascensum
596 2568 637 2637 ad
649 2568 782 2638 ordines
796 2568 1010 2637 interdicendi
1024 2593 1064 2638 ee
1075 2593 1283 2663 quocumque
1296 2595 1406 2656 eume,

267 2680 369 2747 etiem
383 2679 423 2748 ob
439 2679 604 2747 oecultum
620 2678 754 2757 crimen,
774 2690 805 2746 et
819 2676 1072 2769 quomodolibet,
1087 2679 1189 2747 etiam
1204 2680 1410 2770 estro-judi-

267 2787 405 2855 cialiter.
423 2786 464 2854 Et
482 2785 542 2853 hoc
563 2785 633 2877 ipso
652 2784 694 2871 ei,
718 2785 775 2875 qui
798 2784 844 2852 sic
863 2784 1066 2852 interdicitur
1086 2785 1127 2853 ad
1146 2786 1291 2855 tribunal
1311 2811 1407 2881 supe·

268 2895 336 2963 rius
352 2891 535 2985 appellandi
551 2890 707 2959 adimitur
721 2890 868 2959 facultas.

311 3000 472 3069 Posterior
487 3008 594 3067 entem
606 2998 772 3089 dispositio
790 3000 916 3089 (nempe
931 3008 965 3067 ut
981 3021 1157 3091 suspensus
1170 3024 1190 3068 a
1204 3010 1405 3093 receptorum

268 3109 421 3176 ordinum
433 3106 599 3191 exercitio,
613 3115 708 3197 atque
719 3104 903 3193 agradibus
912 3115 943 3174 et
955 3105 1169 3195 dignitatibus
1177 3107 1407 3195 ecclesiasticis,

268 3238 326 3305 per
344 3214 543 3307 superiorem
567 3212 744 3280 Praeletnm
767 3211 892 3279 absolvi
906 3221 938 3279 et
951 3212 1079 3281 restitui
1097 3211 1132 3279 in
1153 3236 1249 3281 suum
1270 3214 1408 3304 gradum

268 3322 432 3413 nequeat),
449 3342 599 3412 expresse
616 3341 681 3387 nou
696 3318 816 3387 dicitur
830 3318 938 3387 locum
951 3318 1083 3405 habere,
1099 3319 1224 3389 etiamsi
1240 3323 1408 3414 suspensio

267 3430 331 3497 lata
345 3428 442 3497 luerit
458 3452 497 3496 ee
519 3448 721 3519 quecumque
738 3448 850 3507 eausa,
868 3426 970 3495 etiam
986 3426 1026 3493 ob
1041 3428 1203 3497 occotrom
1223 3429 1356 3512 crimen,
1380 3443 1409 3498 et

267 3534 507 3629 quomodolibet
521 3535 622 3603 etiem
641 3532 965 3624 estro-judicieliter.
982 3534 1060 3602 Haec
1078 3536 1166 3602 enim
1180 3535 1327 3605 clausula
1345 3560 1408 3606 non

269 3648 403 3715 iteratur
421 3653 492 3735 post
513 3644 693 3712 membrum
719 3640 885 3733 phraseos,
902 3644 966 3712 Aut
981 3642 1042 3733 qni
1060 3666 1082 3709 o
1101 3643 1167 3711 suis
1187 3642 1355 3713 ordbribns

263 3754 365 3843 fiterit
385 3773 565 3843 suspensus.
590 3748 655 3817 Sed
674 3756 783 3816 tanmn
803 3770 890 3817 nunc
912 3757 1035 3817 certum
1057 3759 1118 3836 cst,
1140 3740 1210 3818 eam
1230 3750 1408 3821 clausulam

266 3884 335 3929 esse
350 3860 397 3928 ibi
414 3856 684 3941 subaudiendam,
700 3865 731 3923 et
743 3864 868 3923 textum
883 3878 951 3923 esse
965 3856 1214 3946 intelligendum
1226 3859 1362 3949 perinde
1374 3881 1408 3927 ae

267 3972 293 4037 si
308 3968 353 4037 ibi
367 3968 485 4035 iterum
503 3964 642 4055 reposita
657 3963 786 4041 luisset;
804 3964 881 4056 quia
896 3962 943 4031 sic
958 3962 1079 4054 pluries
1097 3965 1144 4054 (ut
1158 3964 1245 4034 iufra
1257 3967 1407 4035 ostende·

267 4076 351 4167 mus)
371 4098 390 4143 a
404 4074 502 4142 Sacra
518 4070 781 4161 Congregatione
794 4069 931 4139 Consilii
944 4070 1089 4139 decisum
1104 4080 1164 4140 est.

310 4185 412 4252 Porro
429 4181 474 4248 sic
485 4179 699 4248 determinato
711 4177 892 4247 Tridentini
906 4176 1025 4247 decreti
1038 4200 1148 4264 sensu,
1163 4190 1310 4250 remanet
1323 4183 1356 4249 in
1371 4205 1406 4249 eo

267 4312 381 4359 revera
407 4286 565 4359 vindicari
594 4285 761 4378 Episcopis
784 4285 981 4374 facultatem,
1009 4308 1049 4354 ee
1069 4308 1273 4385 mutumque
1295 4312 1402 4371 consu,
