3050 4984
574 498 649 545 PARS
671 498 818 545 militm.

535 984 749 1085 SECTIO
793 988 848 1084 V.

331 1240 376 1297 ult
401 1238 572 1300 Processu
600 1241 700 1298 urvttt
725 1240 805 1297 rost
832 1238 1088 1299 ucuussmsrtcr.

619 1524 779 1541 *t*

172 1790 288 1861 Civilis
302 1789 422 1861 dicitur
444 1790 581 1883 quilibet
595 1812 777 1883 processus,
789 1793 852 1885 qui
869 1814 935 1863 non
948 1798 997 1861 est
1018 1790 1213 1885 criminalis3
1231 1814 1268 1861 cc

125 1896 266 1991 proinde
278 1898 406 1990 quoties
419 1920 485 1967 uon
505 1897 613 1988 egitur
626 1896 668 1965 sd
684 1896 848 1989 publicum
863 1898 1002 1989 alicujus
1014 1896 1125 1967 delicti
1141 1896 1270 1966 vindic-

126 2014 209 2094 tum,
226 2005 282 2075 md
295 2005 337 2074 sd
351 2004 564 2075 obtinendum
577 2003 701 2097 aliquid
712 2005 814 2094 uliud,
830 2028 999 2100 precemur
1013 2005 1119 2076 civilis
1132 2016 1191 2077 est.

174 2112 259 2182 ilino
271 2113 355 2181 sieut
368 2112 404 2181 in
415 2110 487 2181 loro
500 2111 664 2198 seeculsri,
679 2110 726 2180 its
738 2121 771 2181 et
784 2114 821 2181 in
836 2113 907 2184 loro
921 2112 1131 2181 ecclesiastico
1146 2110 1271 2181 huben·

127 2227 197 2307 tur,
213 2242 280 2289 non
294 2227 423 2289 tuntum
437 2218 634 2305 criminales,
651 2217 756 2288 sedet
777 2220 888 2291 civiles
904 2239 1083 2312 processus.
1101 2219 1137 2288 Si
1152 2240 1272 2311 nempe

127 2348 227 2397 muso
240 2326 346 2397 civilis
358 2335 507 2396 versetur
522 2328 609 2396 circe
622 2327 795 2395 materiem
815 2328 1022 2420 spiritualem
1035 2348 1092 2395 seu
1109 2326 1271 2395 ecclesias·

129 2432 233 2501 tc'ccm
248 2432 352 2523 (verbi
365 2433 482 2523 gretie,
497 2432 579 2502 silis
595 2440 764 2502 moveatur
777 2432 816 2503 de
830 2433 939 2503 valore
950 2432 1089 2523 alicujus
1101 2432 1271 2502 matrimo-

128 2540 192 2627 nii,
209 2540 262 2609 vel
283 2540 324 2609 de
336 2538 561 2631 jurisdictione
587 2537 725 2629 alicujus
738 2540 880 2631 praeleti,
896 2537 949 2609 vel
962 2538 1002 2607 de
1022 2538 1195 2630 privilegio
1210 2538 1270 2607 eli-

129 2645 225 2737 cujus
239 2645 438 2733 monosterii,
454 2645 543 2737 cte),
558 2643 701 2735 subjacet
712 2644 815 2736 judici
825 2644 1047 2734 ecclesiastico,
1060 2653 1092 2714 et
1102 2666 1271 2735 processus
1337 2721 1340 2727 ¹

129 2752 168 2821 in
182 2753 273 2822 curis
300 2750 514 2822 ecclesiastice
536 2758 585 2821 est
615 2750 822 2823 ventilandus
843 2774 972 2841 :secus
991 2751 1080 2843 spud
1106 2751 1271 2843 potestatis

128 2858 320 2952 temporalis
344 2857 455 2928 curius
481 2880 579 2927 oense
590 2856 768 2950 judicanda
787 2866 848 2927 est.
865 2858 1024 2940 Quoenum
1040 2867 1150 2927 cutem
1163 2880 1270 2927 cousce

130 2966 199 3035 sint
213 2966 432 3037 ecclesiasticae
444 2974 477 3034 et
494 2964 663 3056 judicibus
673 2964 896 3035 ecclesiasticis
910 2965 1110 3057 subjaceant,
1126 2963 1272 3034 diximm

130 3073 195 3142 sub
204 3073 311 3165 prims
326 3080 480 3143 ussurus
490 3080 580 3163 perte
595 3072 746 3161 (sectione
760 3073 808 3163 3).

176 3179 281 3249 Porro
291 3179 452 3272 ejusmodi
464 3201 675 3271 processuum
689 3179 849 3267 civilium,
862 3180 904 3249 cd
917 3180 1029 3248 forum
1041 3178 1183 3249 ecclesiae
1196 3200 1272 3271 per-

131 3287 320 3374 tinentium,
336 3310 424 3356 nunc
438 3285 596 3356 trudendo
611 3288 699 3355 venit
712 3310 838 3355 norma.
853 3287 937 3355 ines
948 3295 1057 3356 eutem
1072 3286 1274 3379 expedienda

131 3394 270 3463 mutum
284 3394 387 3463 multo
400 3393 496 3462 citius
509 3391 732 3485 procedemus,
748 3416 848 3485 quum
859 3393 894 3461 iu
908 3392 1087 3462 criminalis
1101 3415 1271 3484 processus

133 3498 373 3593 disceptatione.
391 3499 476 3570 Num
506 3500 611 3568 multu
637 3508 715 3567 sunt
738 3500 900 3569 criminali
928 3512 960 3567 et
988 3498 1079 3569 civili
1108 3500 1273 3591 processui

131 3608 333 3697 communie,
358 3607 524 3700 quaejam
552 3605 594 3674 de
609 3606 710 3698 priori
735 3607 874 3698 egendo,
904 3605 1101 3676 sufficienter
1128 3607 1274 3698 expositu

132 3725 222 3785 sunt.
238 3714 342 3783 Mulie
356 3715 503 3806 insuper,
519 3712 734 3804 quaecirilem
743 3735 930 3805 processum
940 3713 1070 3805 proprie
1083 3712 1271 3805 respiciunt,

133 3822 178 3892 ob
188 3823 400 3892 meterierum
415 3818 662 3907 connexionem,
680 3819 721 3888 de
734 3820 896 3890 criminali
910 3819 1088 3907 trectundo,
1105 3840 1163 3911 per
1183 3827 1273 3888 trsu-

134 3949 271 3997 scnnsm
285 3927 464 4018 attigimus.

178 4034 261 4117 Qure
286 4044 395 4105 eutem
410 4034 451 4103 de
479 4033 757 4125 expediendsmm
782 4034 929 4104 civilium
958 4056 1132 4103 causarum
1159 4057 1274 4103 norma

133 4141 242 4213 adhuc
256 4141 415 4211 tredeudn
429 4150 610 4228 remanent,
625 4140 776 4210 bifarium
791 4140 943 4211 distribui
958 4150 1109 4232 posseut;
1127 4140 1173 4208 itu
1185 4142 1274 4209 scili-

134 4257 186 4349 cet
201 4258 237 4319 nt
253 4253 285 4316 1⁰
299 4248 482 4319 truderetur
496 4239 688 4317 communis
697 4250 846 4319 omnium
873 4248 1051 4340 generum
1063 4268 1275 4339 processuum
