3050 4984
272 487 311 551 72
646 509 824 556 rmcrnrus
845 509 885 555 on
907 507 1041 556 rourum.

270 627 515 717 instituendam,
534 631 783 723 praerequiritur
804 631 928 722 praevia
940 631 1135 700 diffamatio.
1157 631 1243 700 Nam
1264 655 1284 699 a
1302 633 1411 701 eonci-

270 734 314 802 lio
339 736 528 805 Tridentino
543 737 641 806 datur
655 737 791 830 quidem
805 739 964 830 Episcopo
988 738 1124 807 facultas
1149 747 1261 806 contra
1286 740 1413 807 occuito

271 844 463 912 clericorum
480 845 594 914 delicta
609 847 819 939 procedendi,
846 846 902 916 sed
926 846 1253 938 cetra-judicialiter.
1280 847 1316 915 Si
1331 870 1411 916 vero

270 952 351 1020 velit
374 952 553 1045 Episcopus
569 953 779 1044 judicialiter
793 955 979 1047 procedere,
994 965 1141 1024 remanet
1154 955 1336 1023 etiamnum
1354 955 1413 1046 jus

269 1061 454 1152 antiquum,
469 1063 627 1154 praeviam
641 1063 815 1132 infamiam
828 1065 1011 1156 requirens.
1029 1064 1124 1146 Quod
1131 1063 1186 1155 jus
1202 1064 1324 1132 nedum
1336 1086 1412 1132 sns-

271 1168 392 1257 tulerit,
419 1193 570 1262 expresse
593 1171 805 1240 confirmavit
824 1171 1019 1241 Tridentino
1034 1169 1199 1263 Synodus,
1223 1171 1412 1240 innovando

271 1276 461 1348 decretalem
483 1278 635 1362 Qualiter
649 1292 681 1348 et
695 1278 830 1371 peranda
848 1281 909 1373 (rit.
930 1283 962 1369 t,
979 1279 1038 1348 lib.
1060 1284 1077 1346 t
1093 1279 1234 1369 Deerat.)
1252 1279 1413 1348 Innocen-

270 1383 306 1450 tii
329 1384 387 1469 ΠΙ,
412 1407 477 1475 qua
493 1386 654 1477 praecipue
671 1386 786 1460 nititur
800 1387 936 1478 prefata
948 1387 1033 1478 juris
1048 1385 1160 1477 regula
1187 1413 1195 1454 :
1222 1389 1354 1458 Necnon
1379 1398 1413 1454 ct

268 1490 455 1559 constitutio
471 1493 531 1560 sub
545 1495 732 1562 Innocentio
757 1497 806 1562 111
823 1495 859 1562 iu
882 1495 1017 1562 condlio
1034 1494 1190 1586 pancrati,
1208 1517 1281 1586 quae
1295 1494 1414 1586 incipit

269 1598 414 1680 Qualiter
425 1608 456 1668 et
471 1601 621 1691 quando;
636 1625 737 1692 quum
752 1615 865 1670 sancto
878 1601 1033 1693 Synodus
1046 1602 1082 1669 in
1091 1602 1248 1692 prasenti
1261 1601 1409 1684 innovat,

269 1706 311 1773 ab
327 1707 475 1774 omnibus
489 1709 673 1776 obsonator
698 1711 780 1800 (cap.
808 1714 840 1796 5,
867 1731 946 1777 sess.
970 1710 1037 1800 24).
1056 1709 1228 1778 Concessio
1241 1731 1319 1798 ergo
1334 1709 1413 1777 Tri-

269 1813 394 1882 dentini
408 1815 536 1883 concilii
561 1823 627 1884 tota
645 1824 707 1884 stat
729 1818 764 1883 in
779 1839 817 1885 eo
833 1816 921 1908 qnod
944 1817 1107 1908 Episcopi,
1132 1815 1213 1884 dum
1236 1817 1345 1904 agitur
1370 1817 1413 1885 de

269 1921 462 1991 clericorum
487 1922 624 2012 delictis,
642 1927 816 2014 procedere
830 1925 960 1993 valeant
985 1923 1320 2016 extro-judicialium·
1343 1947 1412 1992 uon

267 2039 377 2097 autem
394 2029 429 2097 in
443 2053 481 2099 ao
496 2031 584 2124 quod
595 2031 803 2122 judicialiter
816 2031 1037 2122 procedentes,
1050 2032 1174 2122 possint
1188 2032 1309 2122 absque
1323 2054 1413 2123 prae-

270 2137 322 2204 via
345 2137 483 2208 infamia
507 2138 541 2206 in
568 2161 773 2230 quemquam
798 2139 963 2230 inquirere
975 2164 984 2223 ;
1009 2139 1154 2228 exeeptis
1180 2147 1290 2206 tamen
1311 2161 1414 2229 supra

272 2245 463 2314 memoratis
474 2247 614 2334 casibus,
625 2270 645 2315 a
655 2247 856 2339 jurisperitis
871 2246 1006 2336 excipio
1020 2247 1133 2335 regula
1146 2246 1260 2314 solitis.
1275 2246 1339 2314 Sed
1352 2270 1413 2314 nc-

269 2375 332 2444 que
346 2361 418 2443 post
432 2353 657 2422 Tridentinam
683 2353 870 2446 Synodum,
889 2353 957 2422 ulla
971 2353 1136 2421 emanavit
1149 2353 1315 2444 pontificia
1327 2376 1414 2421 con-

268 2461 406 2544 stitutio‚
424 2483 487 2552 qua
513 2460 640 2530 decreto
661 2462 891 2529 Innocentiaoo
913 2460 1109 2549 derogatum
1133 2460 1186 2527 sit.
1208 2461 1296 2550 Ergo
1311 2460 1413 2529 etiam

269 2567 364 2634 hodie
377 2577 464 2635 certa
479 2577 526 2634 est
538 2569 623 2658 juris
648 2569 774 2657 regula,
792 2590 858 2635 non
874 2591 968 2659 posse
985 2567 1181 2657 judicialiter
1197 2567 1323 2636 institui
1337 2591 1414 2659 spe·

268 2675 383 2742 cialem
408 2682 439 2742 et
465 2698 505 2743 ex
533 2697 625 2742 mero
638 2675 744 2744 officio
757 2675 1017 2766 inquisitionem,
1046 2675 1110 2742 nisi
1134 2676 1223 2744 fama
1241 2676 1281 2744 de
1295 2675 1414 2746 delicto

270 2782 483 2873 praecesserit.

311 2889 451 2980 Objicies
470 2917 476 2957 :
495 2890 631 2959 Sublata
645 2889 801 2958 indirecte
824 2891 887 2960 init
903 2890 975 2958 haec
993 2891 1119 2980 regula,
1147 2913 1225 2958 cum
1241 2890 1414 2982 Episcopis

264 2999 335 3090 jam
347 2998 488 3066 liberum
500 2999 542 3065 sit
551 3021 624 3066 eam
635 2997 795 3065 declinare
808 3025 817 3084 3
830 2998 973 3066 formam
985 3019 1103 3088 nempe
1114 2997 1411 3089 extrajndicialem,

268 3129 326 3174 seu
340 3128 381 3173 ex
398 3105 573 3174 informata
584 3105 790 3190 conscientia,
808 3106 841 3172 in
854 3104 993 3193 singulis
1007 3105 1137 3173 casibus
1146 3105 1354 3173 assumendo.
1367 3144 1415 3157 -

267 3211 493 3302 Respondetnr
512 3217 556 3302 1⁰,
569 3237 624 3280 eos
640 3236 732 3304 posse
747 3213 831 3280 hanc
846 3212 995 3302 regulam
1012 3212 1173 3280 declinare
1186 3212 1294 3304 quoad
1315 3212 1414 3280 oleri-

268 3341 322 3386 cos
338 3318 521 3405 dumtaxat,
539 3343 603 3388 non
619 3319 724 3411 quoad
738 3334 888 3405 caeteros,
904 3342 979 3387 oum
991 3318 1182 3387 Tridentina
1194 3321 1358 3388 concessio
1370 3322 1414 3388 ad

267 3427 398 3494 clericos
413 3427 640 3517 restringatur.
667 3431 699 3494 2⁰
720 3427 829 3495 Etiam
853 3426 984 3517 quando
1007 3427 1047 3493 de
1073 3426 1268 3494 clericorum
1286 3426 1416 3496 delictis

267 3533 388 3622 agitur,
404 3542 518 3602 utrum
541 3534 649 3602 forma
664 3532 922 3624 extrajudicialis
947 3531 1115 3602 ordinarie
1130 3531 1279 3601 adhiberi
1294 3535 1412 3624 possit,

267 3664 310 3708 au
324 3663 402 3710 vero
418 3641 590 3709 dumtaxat
603 3650 758 3733 tanquam
783 3650 971 3708 extremum
994 3652 1026 3708 et
1041 3640 1342 3708 extraordinarium
1357 3665 1415 3710 re-

269 3748 432 3834 medium,
447 3748 532 3815 intra
546 3749 776 3839 expendimus,
787 3747 827 3816 de
835 3747 966 3838 judiciis
979 3769 1020 3814 ex
1032 3747 1209 3816 informata
1215 3749 1416 3818 conscientia

268 3855 445 3924 tractando.
464 3857 497 3922 3⁰
518 3855 561 3924 Vi
576 3855 745 3946 praedictae
761 3853 976 3922 concessionis
990 3862 1125 3945 possunt
1141 3854 1313 3923 domarat
1327 3855 1415 3946 Epi-

267 3963 354 4053 scopi
366 3961 540 4054 proln'bere
561 3985 728 4030 ascensum
754 3962 801 4030 od
823 3960 963 4042 ordines,
982 3970 1013 4028 et
1036 3983 1055 4028 a
1077 3962 1214 4055 receptis
1237 3961 1414 4033 ordinibus

265 4069 474 4164 suspeudere;
491 4091 557 4137 non
573 4077 685 4138 autem
700 4069 882 4162 quidquam
897 4066 999 4136 alind.
