3050 4984
279 472 341 539 etl
664 494 840 541 merueras
862 494 901 540 ns
923 493 1055 541 eneruis.

280 614 481 684 decernenda
494 622 575 683 esta
592 613 702 707 judice
716 616 890 703 restitutio,
906 617 1006 685 etiem
1021 615 1130 708 quood
1144 616 1266 686 tor'um.
1288 643 1305 682 ι
1320 618 1426 687 Ratio

281 749 299 789 e
322 731 381 810 est,
402 724 479 815 quia
500 745 558 814 per
579 724 825 792 matrimonium
845 732 1106 793 consummatam
1123 724 1303 816 acquiritur
1322 725 1428 817 pleno

282 830 481 923 «possessio
505 830 667 923 conjugis,
691 838 723 899 et
748 840 982 923 consequenter
1000 830 1156 923 spoliatus
1174 831 1268 923 plene
1292 832 1427 900 restitui
1505 826 1506 897 l

282 964 301 1003 ιι
323 937 463 1007 debet.»

325 1043 479 1113 «Addidi
501 1045 567 1113 ηιζιί
583 1045 716 1136 justam
740 1067 877 1113 oensem
896 1066 1079 1137 proponere
1098 1045 1213 1137 possit.
1240 1046 1333 1115 Talis
1358 1047 1427 1115 erit
1505 1076 1506 1107 1

280 1153 395 1220 «1⁰si
404 1151 571 1221 discedens
582 1151 764 1244 praetendat
775 1151 948 1221 interseet
959 1153 1135 1245 conjugem
1147 1152 1346 1223 intercedere
1354 1154 1427 1223 im·

281 1286 299 1327 ι
322 1258 544 1352 pedimentum
567 1258 735 1328 dirimens.
753 1263 787 1327 2ο
804 1259 841 1329 si
858 1268 1000 1352 opponat
1020 1260 1242 1352 exceptionem
1264 1262 1424 1339 soevitiae;

282 1394 300 1434 e
323 1390 401 1435 nam
412 1368 447 1435 in
460 1368 521 1435 hoc
529 1389 608 1436 casu
620 1388 688 1435 non
699 1375 774 1435 ante
788 1367 904 1435 marito
914 1365 1061 1437 faciende
1072 1377 1120 1436 est
1135 1368 1307 1453 restitutio,
1321 1391 1425 1460 quam

282 1502 299 1540 ι
321 1476 350 1543 is
363 1473 404 1542 de
420 1474 506 1544 malo
519 1474 629 1566 aliquo
641 1474 738 1543 uxori
750 1494 817 1542 non
833 1472 1017 1563 inferendo,
1030 1496 1089 1567 per
1099 1474 1249 1566 pignora,
1266 1484 1325 1543 aut
1341 1476 1426 1543 tide-

282 1609 300 1649 a
320 1581 512 1674 jussionem,
535 1581 588 1649 vel
604 1582 846 1672 juramentum,
867 1581 1049 1653 caubonem
1070 1580 1269 1674 praetiterit.
1291 1581 1328 1651 Si
1344 1604 1425 1652 vero

282 1716 299 1754 e
322 1710 409 1756 uxor
426 1687 533 1756 adhuc
547 1686 673 1757 diffidat
687 1687 759 1757 viro
772 1688 815 1758 ob
831 1688 966 1780 capitale
982 1688 1107 1776 odium,
1123 1712 1189 1781 quo
1203 1689 1240 1757 in
1255 1711 1290 1758 se
1303 1690 1423 1777 fertur,

281 1824 300 1864 a
322 1797 409 1888 apud
426 1804 587 1888 parentes,
610 1804 764 1885 cognatos
784 1805 840 1863 aut
855 1796 889 1864 in
905 1796 969 1865 alio
991 1804 1060 1865 tuto
1075 1797 1145 1866 loco
1160 1796 1311 1867 collocari
1327 1805 1426 1889 pote-
1505 1858 1506 1879 ,

281 1932 299 1970 (ι
322 1906 377 1990 rit,
398 1904 477 1972 dum
491 1925 589 1971 censa
602 1903 762 1972 videatur.
779 1904 861 1973 lisa
875 1912 906 1972 et
920 1904 1068 1973 discusse
1088 1925 1196 1989 causa,
1214 1903 1242 1973 si
1257 1911 1327 1974 tute
1342 1926 1424 1973 mn-

282 2012 382 2080 alier
405 2010 589 2079 cohabitare
618 2012 732 2080 merito
759 2021 910 2103 nequeat,
938 2013 980 2080 ad
1004 2012 1195 2080 sententiam
1218 2011 1354 2082 divortii
1374 2022 1425 2081 est

283 2145 300 2184 c
323 2115 579 2209 procedendum,
600 2125 637 2185 ut
659 2118 825 2208 colligitur
845 2140 886 2186 ex
909 2119 1013 2210 eapite
1034 2118 1177 2187 Litteras
1200 2118 1266 2209 (13,
1289 2119 1339 2187 tit.
1365 2124 1421 2207 13,

283 2252 300 2292 ιι
323 2224 398 2293 libri
419 2229 437 2292 2
461 2224 615 2314 Deerat).
637 2228 668 2292 3ο
691 2225 726 2293 Si
746 2246 832 2294 uxor
850 2248 870 2293 a
889 2226 1005 2294 merito
1026 2224 1157 2294 divertit
1178 2234 1311 2317 propter
1330 2225 1423 2295 aliud

282 2358 300 2398 a
323 2353 424 2422 greve
436 2330 581 2423 corporis
601 2331 652 2399 vel
669 2331 791 2399 animae
808 2332 1001 2423 periculum,
1017 2331 1109 2400 vorbi
1128 2332 1243 2421 gretia,
1268 2332 1356 2425 quod
1370 2334 1423 2402 vir
1505 2324 1506 2355 l

283 2467 301 2506 e
323 2439 427 2531 ipsam
443 2437 575 2506 inducat
587 2437 629 2506 ad
647 2437 875 2525 idololatriam,
895 2438 1060 2525 haeresim,
1077 2438 1129 2505 sui
1144 2438 1419 2530 prostitutionem,
1505 2436 1506 2517 ξ

282 2572 300 2611 s
319 2546 372 2614 vel
395 2543 485 2613 aliud
505 2544 678 2635 flagitium,
700 2544 789 2637 quod
810 2544 875 2613 alia
896 2545 951 2613 via
977 2544 1081 2613 averti
1103 2544 1195 2614 laeile
1217 2566 1284 2614 non
1307 2547 1417 2637 possit.

281 2654 392 2721 «Hoc
414 2652 502 2719 enim
527 2672 604 2720 casu
629 2651 767 2721 maritus
787 2652 1022 2742 possessorium
1050 2652 1282 2743 recuperandae
1310 2653 1421 2723 inten-
1505 2724 1506 2731 ,

282 2789 300 2828 a
322 2770 406 2848 tans,
424 2781 490 2828 non
505 2758 668 2845 audietur,
684 2767 859 2851 antequam
875 2759 1066 2850 hujusmodi
1082 2760 1261 2851 periculum
1276 2769 1416 2830 semet.»
1505 2762 1506 2771 ³

279 2867 591 2962 (schmalzgruaber,
608 2866 643 2934 in
653 2868 701 2935 tit.
722 2870 777 2954 ts,
793 2867 869 2936 libri
886 2872 905 2934 2
922 2868 1064 2952 Decret,
1079 2890 1113 2936 n.
1129 2869 1195 2960 61.)

323 2977 468 3059 Qunsno
494 2980 539 3042 5⁸.
562 3012 606 3026 -
628 2974 719 3058 Ouid
740 2975 915 3067 rependum,
938 2975 1082 3067 quando,
1107 2988 1181 3045 reto
1201 2976 1259 3045 sed
1275 2976 1419 3046 nondum

278 3095 501 3153 consummato
524 3082 749 3165 matrimonio,
772 3084 894 3173 conjece
916 3082 1075 3151 discedens
1087 3083 1268 3175 pretendit
1288 3085 1421 3154 eristere

278 3189 547 3283 impedimentum
559 3189 725 3273 dirimens,
743 3203 775 3258 et
794 3191 879 3259 alter
889 3190 974 3282 petit
988 3214 1021 3260 se
1034 3192 1163 3260 restitui
1174 3192 1210 3260 in
1223 3192 1419 3282 possessione

279 3298 452 3389 eonjupis?
465 3335 510 3349 —
522 3296 767 3389 Supponamns,
784 3298 876 3367 verbi
893 3298 1009 3387 gratia,
1033 3298 1200 3368 Βθιῑιωιι
1225 3299 1341 3369 merito
1362 3322 1419 3368 suo

276 3404 362 3477 Titio
373 3404 552 3491 recessisse,
563 3404 796 3496 protendendo
813 3406 1011 3474 matrimonii
1026 3408 1100 3493 rati,
1114 3406 1171 3475 sed
1185 3428 1251 3475 uon
1266 3430 1417 3477 eonsum-

280 3508 360 3580 meti
378 3510 559 3579 nullitatem
574 3533 616 3578 ex
632 3510 866 3602 impedimento
881 3510 1053 3582 dirimente
1072 3539 1079 3580 :
1100 3512 1222 3581 Titium
1242 3534 1320 3582 vcro
1335 3514 1418 3606 apud

279 3618 407 3688 curiam
433 3617 645 3709 episcopalem
673 3618 833 3687 actionem
861 3618 1021 3688 intentare
1050 3618 1252 3711 possessorii,
1285 3618 1419 3711 petendo

279 3748 398 3817 nempe
421 3732 458 3792 ut
478 3745 537 3815 per
556 3724 749 3793 sententiam
763 3724 885 3816 judicis
907 3724 1112 3795 ecclesiastici
1138 3726 1327 3795 restituetur
1349 3736 1419 3795 ente

281 3831 441 3922 omniajn
461 3830 661 3923 possessione
681 3832 794 3901 uxoris
808 3855 887 3902 suae.
905 3834 959 3901 An
974 3842 1052 3901 tuno
1070 3831 1173 3924 judex
1188 3832 1418 3901 ecclesiasticus

280 3940 395 4009 debeat
409 3937 647 4007 restitutionem
670 3938 855 4026 decernere,
872 3940 905 4009 id
922 3948 982 4027 cst,
1003 3940 1134 4008 Bertam
1150 3938 1366 4010 condemnare
1379 3938 1417 4008 ad

281 4044 536 4115 cohabitandum
558 4066 633 4113 cum
654 4044 752 4134 Titio,
774 4045 876 4117 donee
897 4047 1069 4143 probatum
1091 4046 1189 4115 tuerit
1208 4046 1417 4138 impedimen·

282 4161 353 4221 tum
365 4152 542 4220 dirimens‘l
639 4186 660 4210 a

321 4259 374 4328 Ad
398 4260 491 4352 cnjus
516 4258 706 4353 questionis
727 4260 921 4333 solutionem
950 4262 1072 4357 duplex
1098 4284 1191 4335 casus
1217 4260 1416 4353 distinguen-
