3050 4984
557 502 631 551 ries
653 504 799 553 secuml.
1178 484 1236 551 stt

98 630 212 717 utpote
229 644 352 693 meram
367 624 505 715 gretiam
510 676 520 711 ,
535 648 629 716 posse
655 625 778 717 ubsque
792 623 861 695 ullu
874 624 973 693 etiem
989 645 1085 693 causa
1107 624 1149 693 eb
1164 624 1243 717 Epi·

100 754 198 823 scopo
211 731 379 822 denegari,
394 732 474 823 quin
498 732 557 801 ulli
581 734 726 801 recursui
742 734 795 801 vel
808 730 1015 823 appellationi
1031 730 1126 799 detur
1139 731 1239 800 locus.

99 838 279 930 Excipiunt
303 847 412 907 temen
427 861 537 907 casum
555 838 666 907 clerici
681 840 814 908 arctati.
842 837 878 906 Si
904 838 978 929 quis
992 860 1108 928 nempe
1122 839 1245 907 beneti-

99 947 202 1029 cium,
217 947 270 1015 cui
284 946 365 1015 ordo
380 967 528 1014 annexus
542 946 598 1031 sit,
614 946 761 1013 nondum
774 945 944 1014 ordinatus
958 944 1149 1031 obtinuerit,
1169 969 1245 1014 arc-

101 1064 207 1133 tatur,
225 1051 259 1119 id
269 1061 318 1120 est
331 1052 548 1141 adstringitur
558 1050 600 1120 ad
615 1052 858 1143 suscipiendum
871 1050 1064 1141 requisitum
1079 1050 1242 1139 ordinem,

99 1160 189 1227 infra
204 1168 328 1228 certum
353 1168 481 1251 tempus
504 1159 616 1251 ajure
643 1158 914 1244 determinatim
941 1157 1040 1248 idque
1059 1158 1120 1226 sub
1147 1182 1244 1251 piene

100 1266 271 1335 amittendi
292 1266 364 1357 ipso
389 1265 473 1333 lacto
496 1276 527 1335 et
550 1266 673 1355 absque
688 1264 755 1333 ulla
770 1266 946 1334 monitione
971 1264 1131 1351 beneficii,
1149 1275 1246 1358 prout

101 1375 258 1441 statuitur
272 1373 306 1439 in
336 1372 550 1441 decretalibus
568 1372 788 1453 Etodounon,
817 1381 850 1440 et
877 1371 1069 1453 Commissa,
1097 1373 1137 1441 de
1150 1375 1246 1443 Elec·

101 1479 189 1548 tione
215 1492 246 1547 et
270 1479 363 1548 electi
381 1488 557 1569 potestate,
585 1478 619 1547 in
647 1482 678 1545 6.
696 1477 800 1546 Porro
823 1476 960 1545 indicto
973 1498 1049 1545 casu
1065 1478 1245 1547 concedunt

100 1584 248 1676 praelatus
277 1584 446 1676 opinionis
472 1584 613 1675 patroni,
643 1606 707 1653 non
738 1606 831 1675 posse
857 1582 1095 1651 ordinationem
1124 1583 1245 1675 absque

100 1714 201 1761 causa
224 1691 372 1780 legitime
387 1689 560 1780 denegari,
588 1692 666 1782 quia
681 1691 727 1758 sic
749 1698 892 1758 arctatus
901 1689 969 1780 jam
983 1690 1180 1781 acquisitum
1190 1690 1245 1781 jus

102 1799 201 1867 habet
214 1798 256 1867 ad
269 1797 401 1865 ordines
414 1796 456 1865 ob
470 1796 533 1865 sibi
548 1796 701 1865 conatum
714 1795 923 1882 beneficium,
933 1804 966 1864 et
975 1796 1133 1865 recusatio
1145 1819 1246 1886 grave

99 1906 132 1975 ei
146 1904 304 1975 damnum
319 1903 466 1973 interret.

146 2008 331 2081 Fatendum
350 2010 384 2078 in
400 2009 582 2101 expositam
597 2010 786 2101 opinionem
799 2017 909 2101 aperte
923 2010 1042 2078 abiisse
1057 2011 1165 2079 virum
1193 2013 1245 2079 in-

99 2130 151 2186 ter
167 2118 349 2187 canonistas
374 2116 672 2209 praeclarissimum,
700 2117 908 2186 Cerdinalem
933 2116 973 2183 de
988 2118 1087 2186 Luca.
1112 2120 1149 2186 ln
1176 2119 1247 2188 dis-

99 2247 203 2293 cursu
231 2224 318 2293 cnim
346 2228 382 2291 71
412 2222 452 2291 de
477 2224 646 2313 Beneficiis
670 2224 715 2311 (in
742 2224 880 2291 Theatro
905 2224 1062 2305 veritatis,
1079 2223 1162 2294 libro
1189 2230 1243 2312 12,

100 2342 195 2424 parte
214 2335 258 2421 l),
275 2331 437 2400 disserens
452 2330 492 2398 de
508 2352 603 2399 censa
617 2330 789 2421 cujusdam
804 2330 951 2420 Georgii,
967 2331 1024 2421 qui
1038 2332 1190 2422 provisus
1204 2339 1247 2402 de

98 2438 257 2530 perochia
280 2440 464 2507 arctabatur
489 2437 529 2504 ed
557 2436 780 2529 suscipiendos
795 2437 938 2523 ordines,
968 2459 1051 2527 quos
1079 2446 1187 2507 temen
1215 2441 1245 2509 ei

99 2545 251 2614 conferre
267 2545 371 2613 noluit
385 2544 576 2635 Episcopus,
593 2544 639 2611 sic
652 2544 865 2634 questionem
878 2543 963 2635 juris
979 2544 1065 2612 circa
1079 2544 1171 2613 illem
1184 2546 1245 2613 de-

99 2653 309 2741 negationem
326 2650 479 2742 expendit
494 2650 645 2719 leudetus
670 2660 783 2719 auctor
809 2678 816 2719 :
848 2650 917 2717 «ln
932 2648 993 2719 bac
1016 2650 1244 2742 disputatione,

103 2786 121 2825 n
147 2758 328 2827 scribentes
343 2778 403 2849 pro
416 2755 502 2825 dicto
515 2756 655 2845 Georgio
672 2755 896 2848 principaliter
908 2756 1100 2825 insistebant
1118 2758 1151 2825 in
1166 2761 1247 2826 arti·

103 2891 120 2930 a
147 2865 235 2950 culo,
253 2886 295 2933 en
310 2872 342 2932 et
353 2862 484 2955 quando
498 2864 532 2930 in
549 2864 702 2954 Episcopi
714 2863 807 2931 libito
822 2864 999 2953 repositum
1013 2862 1069 2948 sit,
1086 2863 1247 2954 denegare

105 2999 123 3039 e
148 2970 354 3040 collationem
377 2970 557 3054 clericatus,
576 2970 628 3038 vel
643 2970 783 3039 eliorum
812 2969 990 3048 ordinum;
1007 2969 1060 3036 vel
1074 2971 1183 3061 potius
1205 2972 1247 3040 ad

104 3105 122 3145 e
148 3077 198 3163 id,
214 3077 365 3170 quamvis
378 3077 513 3161 invitus,
531 3077 571 3145 de
582 3076 707 3167 justitia
720 3084 895 3145 teneretur.
911 3077 1020 3167 Atque
1027 3077 1061 3142 in
1073 3076 1134 3145 boc
1146 3076 1249 3147 dedu-

104 3212 122 3251 «
149 3185 265 3253 cebant
280 3184 533 3269 distinctionem,
550 3184 584 3251 in
602 3205 674 3251 meo
690 3184 789 3251 etiam
810 3204 907 3251 sensu
921 3204 1047 3269 veram,
1062 3185 1150 3275 qnod
1169 3213 1177 3254 z
1194 3197 1251 3256 eut

104 3320 121 3359 o
147 3291 258 3380 agitur
273 3290 314 3357 de
328 3289 458 3358 volente
473 3312 514 3357 ex
540 3290 725 3377 devotione,
744 3310 802 3357 scu
825 3289 890 3358 alio
912 3289 1097 3359 voluntario
1113 3293 1248 3381 motivo,

106 3428 125 3465 α
150 3400 314 3490 suscipere
327 3398 515 3467 clericatum
536 3398 587 3465 vel
604 3398 685 3466 alios
698 3397 828 3466 ordines
841 3425 849 3473 ;
862 3406 895 3465 et
911 3404 999 3483 tunc,
1015 3400 1094 3488 quie
1104 3407 1252 3469 estmera
1365 3488 1370 3495 Ι

105 3534 125 3573 e
149 3506 269 3594 gratia,
286 3502 407 3573 exinde
420 3503 652 3595 resultatquod
668 3506 703 3571 in
719 3504 824 3572 libere
831 3504 980 3594 Episcopi
994 3503 1143 3573 facultate
1156 3529 1251 3599 repo·

107 3613 253 3681 «situm
280 3619 327 3681 est
352 3611 527 3679 concedere
552 3611 603 3678 vel
631 3610 793 3700 denegare
805 3637 816 3697 ;
845 3619 940 3701 etque
968 3612 1129 3699 negando,
1160 3614 1252 3683 nidla

107 3746 125 3785 e
151 3718 226 3786 fieri
246 3719 365 3786 dicitur
382 3718 506 3808 injuria
529 3717 581 3785 vel
608 3717 722 3785 inlerri
738 3738 937 3807 gravamen,
964 3726 997 3785 et
1019 3730 1253 3811 consequenter

106 3853 124 3893 s
151 3847 220 3893 non
233 3827 334 3893 intret
349 3824 521 3915 appellatio
534 3823 587 3891 vel
601 3846 752 3893 recursus
825 3851 833 3893 :
852 3832 908 3891 aut
920 3825 1118 3913 veroagitur
1129 3826 1169 3894 de
1179 3850 1251 3896 arc·
1343 3832 1348 3844 '

108 3960 126 3997 c
152 3940 219 4001 tato
234 3932 398 4022 suscipere
410 3931 541 3999 ordines
555 3954 674 4016 sacros,
689 3932 814 3998 ratione
824 3930 974 3999 beneficii
986 3931 1054 4021 jem
1066 3932 1187 4001 obtenti
1199 3962 1208 4021 ;
1219 3945 1252 4003 et

107 4068 127 4108 e
151 4048 232 4107 tunc
247 4061 313 4108 non
329 4046 540 4108 concurrente
552 4039 641 4129 justa
654 4060 749 4106 cansa
764 4039 959 4128 denegandi,
976 4038 1155 4129 Episcopus
1170 4064 1250 4131 gra-

110 4171 128 4209 «
156 4169 235 4218 vare
251 4146 368 4214 dicitur
382 4172 391 4232 ;
407 4146 560 4237 quoniam
577 4148 622 4212 ite
648 4154 729 4212 esset
756 4146 908 4213 inducere
933 4166 1064 4236 poenam
1079 4146 1248 4218 formalem

112 4292 130 4331 e
156 4253 350 4355 privationis
365 4252 529 4339 beneficii,
541 4254 629 4343 quod
644 4254 714 4321 sine
726 4252 896 4321 ordinibus
906 4254 1037 4321 retineri
1049 4275 1113 4321 non
1129 4265 1247 4351 potest,
