3050 4984
287 438 348 501 522
656 459 834 506 rmrrsrus
857 459 895 506 os
917 459 1050 508 sununs.

284 577 498 658 comminutio,
523 580 549 641 si
570 579 616 644 its
633 580 733 662 judici
754 581 861 645 visum
880 581 988 658 luerit,
1009 581 1098 645 verbi
1117 579 1233 662 gratia,
1247 577 1309 642 sab
1325 597 1435 662 pem

285 688 641 766 excommunicationis,
661 687 711 752 vol
732 688 759 749 si
781 688 844 752 sint
866 687 986 763 aleria,
1010 689 1069 752 snb
1088 705 1188 769 pana
1208 687 1437 770 mspacsianis

286 792 355 873 ipso
372 795 461 874 facto
474 795 700 877 incurrentia),
717 803 756 858 nt
769 795 822 858 die
884 795 983 878 liujus
996 795 1115 858 mensis
1128 801 1339 877 compareant
1348 812 1436 876 per-

285 899 438 964 sonaliter
452 902 488 964 in
501 902 680 985 episcopali
695 903 802 980 cario,
817 919 928 966 coram
941 921 993 966 me
1013 902 1140 966 Vicario
1154 900 1309 983 pencrali,
1323 905 1436 982 joaa-

285 1008 362 1085 turi,
386 1027 425 1072 ac
446 1008 627 1092 deposituri
645 1028 708 1091 pro
731 1009 942 1092 informanda
964 1011 1068 1087 marra,
1093 1010 1127 1072 in
1146 1026 1245 1072 cansa
1266 1007 1435 1090 quadran,

284 1132 371 1178 nnnc
390 1115 483 1197 apnd
493 1116 616 1180 matam
633 1119 761 1182 curr'am
779 1125 936 1192 vertente·
957 1127 989 1182 ct
1006 1115 1203 1182 maumam
1215 1115 1330 1178 nmtto
1354 1133 1435 1178 nos-

286 1228 335 1284 tro
345 1222 475 1305 publico
489 1225 545 1304 N„
570 1234 607 1289 ut
629 1227 751 1290 dictam
771 1227 958 1290 citationem
976 1225 1114 1308 sinoalis
1130 1242 1230 1308 supro
1249 1223 1438 1287 nominatis

286 1330 416 1394 testibus
436 1332 653 1414 personaliter
678 1333 856 1397 densmtiet.
884 1334 1019 1410 Datum,
1048 1339 1105 1395 etc.
1131 1365 1169 1376 -
1193 1329 1248 1407 N„
1280 1329 1438 1394 Vicarins

284 1437 454 1516 poneretis.
475 1440 780 1519 -N.,actaarins.
799 1465 815 1498 »
1506 1447 1507 1540 p

806 1683 827 1776 g
850 1683 905 1752 m.

479 1845 600 1894 Formuls
610 1843 708 1896 citandi
718 1848 809 1906 testes,
820 1845 875 1910 jem
886 1844 964 1896 citato
979 1847 1004 1896 et
1016 1845 1156 1896 constituto
1171 1856 1228 1894 reo.

324 2013 432 2082 Potest
454 2037 523 2082 esse
549 2015 664 2083 eudem
688 2039 726 2084 ac
750 2015 939 2107 proeredens
961 2039 1065 2108 usqne
1089 2015 1131 2082 ud
1153 2015 1254 2083 verbe
1274 2015 1438 2105 juraturi

283 2143 322 2188 ac
338 2171 391 2203 ...,
410 2144 470 2213 pro
481 2122 602 2213 quibus
616 2123 777 2191 scribatur
793 2124 924 2193 hecout
938 2123 1036 2192 simili
1052 2123 1150 2191 modo
1168 2149 1175 2190 ε

328 2267 529 2342 «iuraturi,
553 2284 592 2328 ac
612 2265 793 2349 deposituri
805 2267 868 2346 (vel
892 2267 918 2328 si
936 2269 1006 2348 jem
1029 2265 1247 2347 deposuerint,
1272 2283 1437 2348 meamque

284 2364 514 2456 depositionem
528 2376 710 2456 repetituri)
724 2377 759 2436 in
782 2393 881 2438 consa
901 2373 1077 2451 criminali,
1099 2390 1173 2456 qna
1191 2373 1285 2456 apud
1306 2373 1436 2437 dictam

283 2483 412 2543 curiam
428 2483 567 2545 vertitur
580 2489 695 2544 contra
712 2481 881 2545 Andream
895 2481 925 2544 N
929 2529 950 2559 .,
965 2490 1065 2564 prout
1076 2481 1111 2543 in
1124 2481 1214 2544 actis.
1231 2479 1278 2545 Et
1295 2483 1438 2544 muricia·
1507 2492 1508 2584 p

283 2606 357 2651 mus
370 2589 485 2650 nuntio
499 2597 608 2652 nostro
618 2588 749 2670 publico
762 2587 804 2650 N.
807 2635 818 2666 ,
835 2597 871 2652 ut
885 2589 1007 2653 dictam
1021 2590 1209 2652 citationem
1221 2589 1365 2670 siupnlis
1380 2609 1436 2652 sn·
1507 2590 1508 2660 l

282 2710 346 2773 pra
359 2695 539 2758 nominatis
551 2695 768 2777 personaliter
782 2697 957 2760 denuntiet.
975 2697 1108 2773 Datum,
1125 2703 1183 2758 etc.
1203 2716 1218 2752 ι
1507 2685 1508 2764 i

805 2937 906 3030 §ru

289 3095 409 3148 Formule
420 3098 558 3175 citctiopim
574 3113 631 3164 quie
642 3099 738 3164 triplici
752 3099 892 3151 monitorio
906 3098 1068 3163 aequiveleot,
1088 3099 1121 3148 ad
1140 3097 1263 3150 ellectum
1281 3102 1377 3149 testem
1391 3113 1438 3164 pu·

544 3188 633 3238 utendi
643 3193 672 3240 ut
683 3191 874 3248 contumacem,
886 3187 908 3237 si
920 3201 1072 3252 comparere
1085 3191 1198 3239 recmet.

333 3383 349 3414 «
372 3358 437 3422 Nos
465 3357 612 3422 Vicarins
631 3358 793 3440 penerolis
874 3357 1063 3439 (etreliqua
1084 3361 1120 3420 ut
1141 3357 1175 3420 in
1197 3358 1358 3440 superiori
1376 3360 1439 3423 for·

291 3465 390 3541 mula,
405 3482 507 3546 iisque
520 3465 560 3527 ud
575 3482 669 3528 voces
682 3463 777 3547 opud
789 3464 910 3528 dictam
924 3465 1054 3526 curiam
1072 3472 1232 3543 uertentc;
1246 3465 1368 3547 quibus
1380 3465 1435 3528 ad-

290 3571 421 3652 detum:
444 3569 586 3636 Volentcs
600 3579 712 3634 antem
730 3579 769 3634 ut
783 3570 880 3652 hujus
902 3578 1021 3634 nostrae
1041 3571 1204 3635 citationis
1223 3571 1351 3636 libellus
1370 3575 1437 3635 uim

291 3678 440 3748 cononici
462 3678 632 3740 monitorii
654 3677 812 3755 obtineat,
834 3677 973 3759 proinde
998 3680 1177 3742 nominatis
1203 3679 1336 3742 testibus
1356 3680 1437 3742 assi-

291 3803 431 3866 pnamus
444 3803 501 3848 sec
515 3785 594 3863 dies,
609 3805 749 3868 qrcornm
764 3785 844 3849 decos
856 3804 917 3868 pro
929 3787 1051 3869 primo,
1071 3786 1153 3850 duos
1164 3806 1226 3871 pro
1241 3787 1393 3862 secmtdo,
1410 3797 1441 3850 et

294 3891 375 3954 duos
394 3910 456 3973 pro
477 3895 570 3955 tertio
588 3902 619 3955 et
633 3895 851 3976 peremptorio
873 3894 1011 3956 termino
1027 3895 1214 3972 stertimus,
1238 3914 1260 3956 a
1283 3893 1337 3958 die
1350 3913 1437 3977 pra·

294 4001 482 4062 sentationis
497 4000 710 4081 presentirom
733 4001 813 4081 r'psis
829 4001 1045 4082 personaliter
1062 4001 1159 4081 sacta
1182 4000 1437 4083 compntamlos;

296 4109 382 4169 intra
394 4125 473 4188 qnos
485 4107 516 4170 si
525 4105 631 4186 (nulla
641 4105 787 4186 lepitim
802 4124 901 4170 cansa
913 4107 1100 4190 prepediti)
1114 4125 1181 4170 non
1196 4106 1438 4190 comparuerutt

295 4231 405 4276 coram
422 4215 525 4293 nolis,
540 4213 691 4279 noverint
709 4213 775 4276 Nos
791 4221 903 4278 contra
922 4215 1006 4299 ipsos
1025 4221 1063 4281 ni
1076 4223 1292 4293 corctnmaces,
1313 4213 1361 4277 acl
1372 4213 1438 4296 {or-
