3050 4984
545 500 619 547 esus
641 500 788 545 sscuuns.
1170 480 1230 543 379

88 620 239 691 notiones
250 621 346 691 Sedis
360 621 561 712 Apostolicoe,
579 612 748 689 obseruare
765 619 943 710 (duretslu
963 624 1026 689 Per
1038 620 1099 689 icoc
1117 622 1170 705 17,
1187 620 1235 687 ti-

89 728 150 795 tuli
168 733 202 813 2,
218 726 295 797 libri
313 733 345 806 5,
361 728 395 796 in
413 730 456 818 6).

135 840 250 927 Ipsum
275 834 507 927 (inquisitionis
522 836 704 924 negotium)
725 846 797 903 tum
809 856 870 925 per
885 832 1081 903 dioecescuos
1094 835 1235 926 Episco-

86 970 160 1032 pos,
180 970 282 1034 quom
292 970 354 1035 per
368 953 573 1035 inquisitores
587 971 609 1015 α
629 951 714 1015 Sede
733 952 918 1033 Apostolico
937 951 1107 1033 deputatos
1125 950 1234 1016 decer·

87 1061 199 1123 nimus
216 1060 369 1123 eruceri.
386 1059 453 1135 Sic,
465 1060 556 1142 quod
567 1060 700 1141 quilibet
717 1060 755 1123 de
773 1058 940 1141 predictis
959 1059 1031 1123 siue
1048 1058 1114 1122 aiio
1134 1062 1235 1121 citare

85 1168 192 1248 possit
203 1174 235 1229 et
248 1174 408 1230 arrestcre
422 1168 491 1231 siue
505 1185 629 1249 cupere,
646 1186 685 1230 oc
699 1174 776 1231 tutu
790 1166 941 1231 custodie
960 1167 1160 1247 mancipare,
1173 1182 1233 1247 po·

87 1272 197 1337 uerrdo
211 1274 309 1337 etiam
332 1274 366 1337 iu
385 1272 591 1356 compedibus
611 1274 662 1337 osi
680 1274 819 1337 manicis
830 1273 957 1353 ferreis,
972 1274 1003 1335 si
1014 1274 1121 1336 cissam
1132 1272 1236 1352 suerit

84 1380 316 1461 faciendum...
332 1383 423 1446 Duro
442 1389 551 1445 tomen
567 1382 697 1445 trudere
710 1381 835 1445 carceri
847 1381 913 1445 siue
927 1389 1028 1456 arcto,
1048 1381 1108 1463 qui
1129 1380 1235 1460 moqis

88 1488 282 1569 adponam
296 1507 396 1571 quum
411 1488 458 1552 ud
467 1488 648 1553 custodiam
658 1488 822 1564 uideatur,
835 1486 887 1551 oei
900 1488 1065 1551 tenueritis
1077 1504 1237 1569 espouue

88 1594 176 1673 iilos,
200 1594 324 1659 autad
341 1596 534 1659 sententium
551 1595 723 1678 procedere
745 1603 860 1659 contro
877 1612 942 1671 ees,
962 1593 1142 1676 Episcopus
1165 1594 1235 1655 sine

89 1701 298 1783 inquisitore,
324 1710 384 1765 out
410 1704 580 1784 inquisitor
608 1703 677 1765 siue
704 1702 865 1783 Episcopo
886 1701 1065 1767 dioecesauo
1084 1708 1144 1763 uui
1165 1699 1235 1781 ejus

88 1807 222 1888 officiati
249 1808 321 1888 (uei,
346 1808 519 1891 episcopati
533 1808 607 1873 sede
630 1816 777 1883 ccccmo,
798 1808 935 1889 capituli
955 1825 1053 1890 super
1071 1804 1131 1871 icoc
1149 1805 1203 1870 del
1218 1841 1233 1855 ·

88 1917 193 1997 quio),
209 1916 239 1978 si
250 1918 304 1979 sui
320 1916 368 1979 cd
384 1918 523 1981 inuicem
545 1917 672 2001 copiam
688 1916 807 1980 tatere
821 1914 961 1991 ualeant,
977 1915 1065 1977 intra
1082 1921 1152 1979 octo
1166 1914 1232 1979 die·

89 2040 169 2085 rum
186 2025 341 2105 spatium,
361 2032 535 2107 postquam
548 2040 582 2085 se
602 2024 740 2087 inuicem
758 2022 998 2104 requisiveriut,
1019 2019 1234 2085 convalebit.

89 2128 138 2193 Et
151 2130 182 2192 si
192 2147 282 2193 sectis
290 2139 527 2211 presumptum
538 2130 652 2210 suerit,
668 2129 796 2193 uultum
809 2130 853 2192 sit
865 2136 898 2192 et
914 2129 1045 2191 irritum
1059 2128 1128 2209 ipso
1141 2132 1233 2210 jure.

92 2226 311 2315 (Clementins
325 2228 507 2297 Multorum
524 2230 556 2313 1,
574 2227 660 2297 tituli
672 2230 705 2313 3,
721 2227 797 2295 libri
811 2227 856 2316 5.)

140 2338 172 2402 6.
192 2333 228 2402 Si
246 2332 360 2403 eodem
382 2342 526 2424 tempore
547 2334 621 2425 quis
646 2334 761 2402 citetur
783 2333 826 2403 cb
844 2333 1003 2424 Episcopo
1020 2342 1053 2400 et
1068 2332 1110 2399 nh
1123 2331 1234 2421 inqui-

90 2442 205 2526 sitore,
228 2440 496 2531 distinguendum
517 2463 559 2507 an
576 2440 754 2531 Episcopus
768 2447 844 2528 ngat
857 2447 1014 2530 tanquam
1027 2437 1232 2522 Ordinsrius,

89 2572 134 2617 un
165 2558 318 2639 tunquam
348 2546 513 2635 delegatus
543 2570 563 2615 s
591 2546 675 2615 Sede
705 2546 891 2637 Apostolica
921 2544 1023 2634 (verbi
1052 2544 1169 2634 gratis,
1196 2566 1235 2613 co

89 2654 181 2747 quod
205 2656 319 2722 citatus
341 2655 383 2722 sit
406 2656 588 2745 exemptus)
617 2654 674 2721 :si
699 2653 871 2744 posterius,
898 2653 1013 2720 citutus
1037 2672 1147 2719 coruus
1168 2672 1234 2740 quo

88 2762 245 2831 maluerit
264 2782 450 2852 comparere
471 2762 586 2851 poterit
609 2762 662 2828 :si
685 2760 778 2852 prius
800 2781 987 2850 comparere
1010 2758 1119 2849 potius
1141 2757 1236 2825 debet

89 2892 204 2939 coram
221 2867 424 2959 inquisitore.
450 2866 544 2957 (Vide
559 2868 771 2953 Leurenium,
792 2866 827 2934 in
849 2865 897 2935 tit.
918 2870 950 2952 7,
966 2865 1042 2935 libri
1060 2869 1077 2931 5
1093 2866 1235 2949 neerei,

87 2976 275 3070 quaestione
292 2975 382 3066 185.)

139 3086 171 3149 7.
202 3080 329 3150 cidem
356 3081 395 3148 de
422 3082 570 3172 pluribus
596 3081 848 3173 inquisitoribus
872 3081 907 3146 in
930 3081 1042 3148 eodem
1069 3078 1237 3171 provincis

91 3220 110 3258 c
135 3190 325 3277 dicendum,
343 3192 429 3282 quod
446 3190 569 3259 dictum
585 3189 625 3257 de
643 3190 799 3281 Episcopo
813 3203 844 3256 et
863 3189 1054 3279 inquisitore
1069 3190 1103 3255 in
1122 3186 1236 3255 eadem

93 3328 114 3365 u
136 3299 283 3385 dioecesi,
299 3299 394 3389 juxta
409 3307 505 3389 caput
523 3300 564 3365 Ut
578 3298 734 3389 officium,
753 3296 793 3366 de
806 3295 985 3376 Haereticis,
1002 3295 1036 3362 in
1054 3299 1085 3363 6.
1104 3322 1121 3359 u
1139 3295 1235 3383 (Leu-

89 3406 219 3491 renius,
232 3406 303 3475 loco
318 3406 440 3493 citato.)

611 3613 631 3704 q
658 3613 716 3681 iv.

89 3790 129 3837 De
148 3785 255 3849 objecto
272 3782 454 3847 inquisitionis,
468 3796 514 3833 seu
526 3796 646 3849 quaensm
664 3794 748 3832 cursis
761 3782 910 3832 criminatos
923 3794 1048 3845 processu
1062 3778 1235 3844 inquisitionis

380 3862 553 3915 tribunatibus
569 3862 676 3929 proprio
694 3860 812 3927 expediri
828 3862 949 3913 dement.

138 4036 364 4108 imisdicuoni
379 4036 611 4127 inquisitorum
626 4034 843 4125 subjiciuntur
861 4038 893 4100 1⁰
907 4032 1053 4103 haeretici
1062 4058 1071 4120 ;
1086 4036 1120 4099 2ο
1135 4052 1235 4123 spos-

91 4154 173 4217 tntae
189 4167 209 4211 a
224 4142 304 4231 iide3
322 4146 355 4210 3⁰
371 4142 599 4211 haereticorum
613 4140 787 4222 credentes,
805 4140 838 4208 id
857 4149 917 4226 est,
939 4140 1008 4231 qui,
1034 4137 1085 4206 vei
1100 4137 1237 4206 creduut

90 4252 329 4325 hereticorum
372 4250 537 4319 erroribus
579 4252 729 4345 (suntque
767 4246 906 4343 proinde
942 4255 973 4313 et
1009 4246 1070 4339 ipsi
1107 4245 1235 4342 proprie
