3050 4984
264 435 326 500 3⁰2
633 456 811 514 mortuns
832 454 872 501 nr
893 455 1026 501 runicus.

266 602 283 640 «
306 575 340 642 ff.
359 577 504 666 Repuod.
516 601 529 656 ‚·
543 615 588 629 -
602 576 674 666 lege
689 577 799 646 Minor
815 581 870 662 32,
893 576 927 644 ll.
947 576 987 645 dc
1001 576 1151 667 Μίνωι).
1170 575 1218 644 Ne
1236 584 1359 659 maren,
1377 576 1405 641 si

264 710 282 747 «
306 692 413 775 postes
432 685 466 750 in
480 684 649 774 syndicatn
670 693 844 773 negaretur
861 686 1111 753 condemnatum
1130 682 1333 752 commisisse
1346 682 1407 750 de-

265 816 282 855 «
305 790 417 857 lictum
438 791 472 857 in
494 788 564 880 ejus
582 791 767 881 praesentia,
786 790 890 882 judex
911 790 1091 882 periculum
1115 810 1222 879 poence
1244 788 1406 871 incurrat,

265 922 283 961 «
305 898 407 965 tutius
419 905 493 986 aget
504 898 545 982 si,
560 898 656 965 etiam
671 898 732 965 hoc
748 920 837 983 casu,
855 897 990 988 recipiat
1004 897 1209 988 probationes
1224 894 1333 964 delicti
1342 922 1352 981 ;
1373 903 1409 963 ιιι

266 1030 283 1067 ιι
307 1003 352 1071 sic
366 1026 406 1071 ex
427 1004 506 1071 actis
520 1004 657 1095 probare
671 1004 773 1095 possit
787 1004 997 1072 commissum
1016 1004 1051 1070 in
1073 1026 1133 1072 sua
1150 1004 1323 1094 praesentia
1336 1024 1410 1070 esse

264 1137 281 1175 «
304 1110 469 1180 delictum.
500 1110 648 1179 Follcrus
671 1114 793 1201 (Proct.
819 1112 927 1193 crim„
953 1133 988 1178 n.
1011 1114 1064 1200 27)
1089 1110 1203 1178 suadet
1225 1119 1263 1178 ut
1287 1109 1408 1201 judex,

266 1245 282 1283 ι
305 1218 476 1286 commisso
494 1216 623 1302 delicto,
645 1240 737 1286 reum
755 1219 967 1287 incontinenti
981 1217 1148 1286 examinet
1166 1243 1175 1283 t
1195 1226 1227 1284 et
1240 1216 1409 1307 siquidem

264 1351 282 1391 «
304 1324 456 1393 delictum
479 1326 686 1409 confiteatur,
707 1324 879 1393 decernere
899 1326 969 1393 sine
990 1325 1054 1393 alia
1071 1323 1260 1414 probatione
1280 1324 1334 1391 vel
1355 1347 1410 1391 so·

265 1461 282 1497 ι
306 1434 469 1502 lemnitate
494 1456 622 1524 poenam
648 1432 752 1501 eidem
779 1433 912 1525 poterit.
938 1432 973 1501 Si
1002 1456 1080 1501 vero
1106 1441 1218 1521 neget,
1245 1454 1346 1522 super
1372 1455 1410 1499 eo

266 1568 281 1606 «
306 1541 437 1631 recipiat
460 1548 577 1607 testes:
597 1548 628 1605 et
644 1540 805 1630 siquidem
822 1541 856 1607 in
875 1542 921 1607 rei
939 1542 987 1622 (ut
1001 1539 1194 1631 loquuntur)
1209 1538 1411 1608 confrontati

265 1675 281 1713 «
305 1648 398 1732 facie,
416 1646 572 1715 adversus
587 1648 695 1736 ipsum
712 1647 935 1737 deposuerint,
950 1646 990 1714 ad
1008 1646 1212 1737 punitionem
1225 1645 1314 1713 illius
1329 1668 1411 1737 pro·

265 1780 281 1818 ιι
306 1752 407 1821 cedet.

311 1888 327 1924 ιι
341 1860 376 1929 Si
389 1860 575 1943 senodum,
594 1860 699 1947 idest,
715 1863 744 1930 si
758 1885 834 1931 reus
848 1862 882 1930 in
898 1862 1049 1951 flagranti
1070 1862 1291 1952 deprehensus
1305 1871 1339 1930 et
1350 1885 1410 1953 ap-

266 1996 283 2033 «
308 1967 499 2058 prehensus,
522 1968 660 2036 ducatur
678 1969 717 2036 ad
736 1968 894 2061 judicem,
913 1970 1075 2060 imprimis
1090 1991 1110 2036 a
1126 1971 1252 2038 nommo
1274 1971 1308 2037 in
1330 1971 1413 2038 actis

269 2102 285 2139 «
306 2073 515 2165 judicialibus
536 2073 746 2143 describenda
766 2088 815 2143 est
838 2075 950 2143 relatio
975 2098 1089 2143 eorum
1112 2076 1170 2166 qni
1194 2098 1287 2143 reum
1305 2072 1413 2166 judici

269 2210 285 2247 ιι
309 2182 438 2267 sistunt,
455 2190 486 2247 et
505 2181 681 2272 recipiendi
696 2191 792 2249 testes
806 2204 904 2272 super
918 2182 1034 2251 delicto
1054 2195 1085 2250 ct
1100 2182 1360 2274 deprehensione
1377 2185 1413 2251 in

270 2319 285 2355 ιι
310 2289 471 2378 flagranti.
487 2287 609 2357 Deinde
621 2289 859 2357 examinandus
870 2290 939 2379 ipse
950 2312 1025 2357 reus
1037 2316 1045 2356 ε
1058 2290 1114 2357 ubi
1125 2291 1268 2376 interest,
1279 2314 1322 2360 an
1332 2314 1414 2359 exa-

270 2424 287 2463 «
311 2398 452 2465 minatus
472 2396 612 2464 fateatur
629 2395 783 2463 delictum
805 2395 1018 2488 simpliciter:
1037 2420 1078 2464 an
1102 2420 1177 2465 cum
1201 2399 1413 2467 excusatione

259 2524 285 2569 ἰι
309 2526 382 2596 quae
397 2524 524 2593 poensm
541 2502 692 2571 excludat
706 2502 759 2570 vel
774 2502 957 2582 diminuat;
976 2505 1066 2572 verbi
1082 2505 1199 2594 gratia,
1217 2506 1306 2596 quod
1320 2508 1414 2575 occi—

269 2637 285 2673 «
309 2610 395 2678 derit
405 2609 503 2700 justae
519 2608 715 2677 defensionis
731 2609 850 2698 gratia,
865 2610 955 2700 quod
968 2612 1125 2703 acceperit
1141 2634 1212 2679 rem
1228 2612 1365 2679 alterius
1376 2613 1415 2680 in

269 2743 286 2781 ιι
310 2716 604 2807 compensationem
623 2714 748 2801 crediti,
767 2723 842 2802 etc.;
863 2739 905 2784 an
926 2739 1004 2786 vero
1024 2718 1178 2786 delictum
1194 2720 1330 2787 omnino
1353 2744 1416 2789 ne-

269 2853 285 2889 ιι
311 2809 375 2913 gel.
393 2822 429 2891 Si
437 2822 603 2913 primum,
620 2844 715 2913 paena
731 2823 792 2913 ipsi
808 2824 986 2892 secundum
1003 2826 1078 2891 lacti
1094 2834 1126 2893 et
1141 2847 1289 2916 personae
1305 2827 1418 2917 quali-

270 2958 287 2995 «
310 2939 406 2998 tatem
425 2938 473 2997 est
489 2929 701 2997 decernenda.
728 2930 764 2997 si
780 2930 968 3013 secundum,
987 2932 1016 2998 ei
1031 2934 1220 3001 statuendus
1235 2943 1282 3000 cst
1297 2934 1419 3001 termi-

270 3060 373 3105 «nus
397 3036 435 3104 ad
463 3036 663 3125 allegationis
690 3059 745 3104 seu
770 3038 969 3130 exceptionis
992 3060 1060 3107 sure
1083 3040 1325 3129 probationem3
1355 3064 1419 3109 nec

270 3171 286 3209 ιι
310 3154 403 3211 antea
416 3143 680 3211 condemnandus
694 3166 782 3231 reus,
798 3168 897 3235 quam
912 3168 954 3212 ex
965 3145 1111 3234 allegatis
1124 3156 1156 3213 et
1172 3146 1317 3237 probatis
1333 3170 1417 3215 con-

271 3280 287 3316 «
311 3259 382 3333 stet,
399 3250 485 3341 quod
496 3251 564 3340 ipse
581 3250 662 3318 nihil
679 3251 827 3319 revelans
841 3251 966 3339 afferat,
978 3254 1029 3319 vel
1045 3251 1160 3321 afferre
1171 3253 1281 3344 possit.
1295 3252 1331 3321 Si
1348 3267 1419 3322 ter·

271 3386 288 3423 ιι
311 3358 406 3437 tisim,
433 3356 597 3447 repetendi
613 3365 689 3424 sunt
705 3366 799 3425 testes
816 3381 914 3449 super
928 3358 1044 3428 delicto
1059 3371 1090 3427 et
1105 3358 1363 3450 deprehensione
1381 3363 1417 3428 'm

271 3494 288 3530 «
311 3464 461 3554 flagranti
474 3464 541 3554 jam
566 3465 684 3553 recepti
703 3492 710 3531 ε
728 3487 869 3555 quorum
885 3466 1075 3534 testimoniis
1090 3466 1117 3532 si
1132 3466 1299 3534 convictus
1310 3490 1420 3559 appa-

272 3601 288 3638 «
312 3581 391 3657 reat,
403 3580 433 3639 et
448 3580 518 3660 post
538 3571 714 3637 terminum
731 3574 793 3663 ipsi
809 3572 918 3639 datum
936 3573 1082 3643 relevans
1098 3573 1180 3641 nihil
1194 3573 1318 3660 afferat,
1337 3597 1421 3665 pro-

273 3706 288 3749 «
315 3680 428 3748 merita
446 3678 507 3769 ipsi
524 3700 619 3768 prena
635 3686 683 3746 est
696 3678 883 3767 infligenda.
902 3706 920 3745 ιι
