3050 4984
545 504 621 551 rans
647 504 794 552 smenon.
1158 478 1235 549 ’389

94 623 217 696 simum
223 624 309 718 juris
317 624 476 695 naturalis
487 623 694 717 principium,
703 626 795 694 solus
802 625 1085 717 populisupremo
1095 626 1147 695 lea
1155 638 1233 707 suo,

96 756 242 825 aequnmss
259 742 355 825 atque
384 738 605 824 opportunum
633 730 734 801 Sedes
763 732 953 823 Apostolius
980 731 1239 818 existimauit,a

95 839 367 933 publicandornm
390 837 561 908 nominum
582 838 714 907 testium
736 837 923 907 necessitate
946 838 1164 930 inquisitionis
1179 840 1241 908 tri-

95 946 231 1016 bunalia
244 946 399 1015 eximere.
417 946 525 1028 Quam
540 953 649 1014 umen
663 944 876 1014 necessariam
895 946 1098 1015 severitatem
1113 946 1240 1039 eliqua-

95 1062 193 1123 tenns
205 1052 413 1145 temperavit3
429 1050 633 1144 injungendo
656 1051 776 1121 scilieet
796 1059 833 1120 ut
848 1052 981 1137 nomina
994 1065 1110 1122 secrete
1128 1076 1242 1122 coram

95 1159 261 1253 aliquibus
270 1159 420 1252 pesona
430 1157 579 1251 providis
593 1170 623 1226 et
638 1158 790 1240 honestis,
808 1158 976 1250 redipioris,
993 1171 1024 1228 et
1039 1159 1113 1229 olir'e
1128 1160 1174 1229 ad
1181 1161 1242 1230 boc

95 1266 230 1348 vocatis
248 1267 511 1358 exprimerentur
529 1264 728 1357 (constitutio
742 1264 832 1334 Licet
843 1264 968 1335 Urbani
987 1266 1081 1359 lV,§
1097 1268 1142 1356 9).
1155 1267 1241 1336 Vide

96 1372 159 1442 bac
172 1372 214 1443 de
235 1395 272 1441 re
291 1371 498 1442 cardinalem
514 1371 611 1440 Petra
627 1373 718 1464 (tom.
738 1376 770 1459 3,
790 1369 831 1441 ed
850 1372 980 1441 constit.
999 1375 1019 1439 2
1036 1371 1159 1442 Urbani
1179 1372 1238 1460 tv,

96 1504 132 1549 n.
152 1484 188 1547 11
208 1489 240 1549 et
252 1501 336 1572 seq„
354 1501 430 1571 pag.
445 1482 522 1565 309,
539 1477 617 1547 edit.
636 1478 753 1547 Roma
774 1480 886 1569 1708).

143 1587 202 1656 IV.
229 1588 296 1657 Nec
309 1586 385 1655 iude
399 1586 500 1678 arqui
506 1596 616 1677 potest
631 1584 813 1678 injustitiis,
835 1584 925 1677 quod
937 1583 1113 1678 dmeqetur
1126 1588 1242 1679 appel·

97 1693 192 1761 lotio.
208 1730 254 1745 -
267 1691 355 1762 Vide
369 1693 510 1761 rationes
522 1690 685 1782 expositas
702 1712 803 1782 supra
818 1690 839 1782 ξ
856 1694 887 1759 9.

141 1800 186 1869 V.
209 1800 277 1869 Neo
288 1821 330 1867 esc
348 1820 386 1867 eo
406 1796 497 1890 quod
514 1796 664 1867 adhibita
687 1797 767 1866 olim
779 1796 881 1889 riserit
901 1808 1043 1867 tuturo.
1068 1799 1241 1869 -Solent

95 1907 269 1998 scriptores
295 1905 482 1992 acatholici,
512 1906 592 1974 dum
616 1904 838 1996 inquisitionis
862 1904 1096 1975 institutionem
1117 1906 1241 1975 descri-

96 2015 195 2100 bunt,
207 2013 344 2081 incautis
355 2012 530 2081 lectoribus
541 2011 784 2103 persuasionem
800 2010 960 2100 ingerere,
976 2012 1145 2105 proprium
1161 2014 1240 2107 quid

94 2120 199 2189 fuisse
216 2118 377 2212 ejusmodi
397 2118 617 2187 tribunalibus
639 2126 773 2186 torturas
795 2140 904 2187 usum.
929 2118 966 2188 ld
986 2142 1083 2211 porro
1106 2122 1240 2191 mende-

96 2228 187 2296 cinm
206 2235 264 2295 est.
282 2226 445 2295 Omnibus
464 2224 637 2318 siqnidem,
655 2233 727 2293 tum
747 2224 970 2311 sacularibus,
989 2235 1058 2294 tum
1074 2226 1241 2297 ecclesias-

95 2333 172 2401 ticis
195 2332 361 2425 jndicibus
385 2332 569 2401 communis
595 2330 791 2423 procedendi
814 2331 868 2399 lex
892 2340 973 2417 erat,
999 2341 1035 2400 ut
1057 2333 1241 2403 criminales

96 2462 213 2509 causas
233 2438 447 2532 expediendo,
468 2438 564 2507 certis
584 2438 619 2506 in
639 2438 770 2507 casibus
788 2438 899 2529 ajune
917 2438 1151 2527 determinatis,
1171 2451 1241 2511 tor-

97 2555 209 2615 turam
223 2546 425 2616 adhiberent.
448 2546 486 2615 ld
505 2554 582 2615 tnnc
602 2545 637 2613 in
656 2544 808 2614 omnium
827 2545 1022 2637 populorum
1044 2547 1190 2616 moribus
1208 2557 1241 2617 et

95 2653 227 2745 legibus
248 2652 409 2746 positnm3
431 2675 490 2721 nec
509 2652 603 2720 aliter
617 2658 704 2721 reete
724 2650 948 2721 administrari
969 2673 1061 2743 posse
1080 2652 1239 2745 justitiam

96 2759 357 2831 existimabatur.
381 2760 444 2831 Cui
468 2758 647 2829 universali
669 2757 873 2849 persuasioni
893 2780 962 2827 sese
982 2760 1238 2849 accommodare,

95 2866 251 2938 Ecclesiae
271 2866 368 2936 etiem
383 2864 528 2958 prudens
540 2874 574 2934 et
588 2864 715 2933 licitum
736 2864 845 2933 visum
863 2872 923 2933 est.
943 2864 1038 2935 Unde
1057 2866 1084 2934 si
1106 2874 1239 2937 torturae

95 2997 179 3045 usus
209 2973 351 3066 injustos
371 2972 489 3059 fuerit,
509 2993 576 3041 non
594 2971 726 3041 deberet
747 2970 908 3063 injustitie
931 2971 1000 3041 haee
1021 2972 1240 3065 inquisitionis

96 3080 269 3150 dumtaxat
289 3079 508 3150 tribunalibus
533 3077 737 3171 exprobrari,
765 3076 820 3146 sed
837 3078 962 3147 ceteris
982 3079 1079 3148 etiam
1103 3082 1241 3151 sacula-

95 3190 192 3258 ribus
208 3196 241 3257 et
255 3187 476 3257 emlesiasticis
491 3187 639 3256 omnium
660 3186 832 3276 regionum
848 3184 1043 3275 dicasteriis3
1064 3210 1122 3255 nec
1143 3189 1239 3281 probi

97 3294 267 3386 scriptoris
289 3301 337 3364 est
364 3293 534 3386 proprium
559 3293 656 3362 alieni
684 3291 880 3360 institutioni
909 3290 1034 3382 lingere
1064 3292 1238 3386 detectum,

97 3402 157 3496 qui
172 3400 355 3471 communis
368 3401 490 3471 extitit.
732 3417 736 3423 ·

141 3506 223 3578 ltem
238 3506 370 3597 fingunt
387 3506 466 3576 dicti
480 3505 651 3598 scriptores
664 3504 806 3598 potuisse
823 3504 1033 3597 inquisitores
1052 3530 1112 3599 pro
1132 3509 1238 3600 libitu,

97 3625 128 3684 et
157 3614 250 3683 nulla
270 3621 462 3706 praestatuta
483 3634 611 3700 norma,
634 3622 797 3681 torturam
815 3609 969 3681 adhihere
987 3640 994 3680 :
1009 3616 1097 3707 quod
1119 3620 1240 3709 pariter

96 3722 219 3791 ldsnm
233 3728 293 3790 est.
313 3719 480 3790 Genmdis
498 3718 658 3811 siquidem
677 3717 791 3808 regula
808 3715 915 3808 quoad
936 3726 1112 3813 utrumque
1130 3723 1238 3796 iorum

97 3837 181 3915 eret,
206 3833 243 3896 nt
259 3826 408 3897 adbiberi
434 3833 559 3895 tortura
583 3847 650 3894 non
674 3832 783 3917 posset
804 3824 846 3893 ad
869 3824 1076 3902 obtinendam
1094 3830 1142 3898 rei
1162 3852 1238 3901 con-

96 3935 285 4023 fessionem,
306 3932 371 4003 nisi
389 3932 457 4025 jam
474 3932 606 4002 obtenta
626 3940 739 4001 contra
768 3931 876 4023 ipsum
903 3932 1096 4024 semi-plena
1120 3937 1240 4027 proba·

97 4043 202 4128 tione,
216 4062 274 4133 per
288 4048 402 4109 testem
422 4039 526 4131 (verbi
541 4038 657 4130 gratio)
671 4038 762 4107 omni
776 4038 964 4131 exceptione
981 4040 1147 4131 majorem.

142 4147 345 4219 Jemdndum
361 4147 527 4216 snblntnm
542 4168 612 4215 esse
630 4167 673 4214 ex
688 4145 833 4236 genardi
851 4144 1084 4215 consuetudine
1104 4156 1238 4221 torturae

101 4278 213 4342 nsum,
233 4275 299 4324 non
316 4252 425 4324 minus
442 4252 550 4347 quoad
568 4252 679 4323 omnia
699 4251 914 4321 eduinum
934 4250 1120 4343 tribunalia,
1143 4279 1241 4350 quam
