3050 4984
669 493 846 544 mertias
869 495 908 544 DE
930 495 1066 544 semime.

847 707 889 776 11.

636 858 757 910 Famula
771 859 871 911 decreti
887 857 1091 925 compeditionis.

332 1000 500 1066 «Atnntis
512 1003 699 1067 rnnrssione
709 1004 828 1086 portis,
844 1021 968 1068 nenton
981 1003 1142 1086 qualitate
1156 1000 1266 1066 delicti
1283 1008 1318 1064 et
1335 999 1435 1064 detin

288 1109 426 1190 quentis,
441 1126 480 1171 oc
493 1109 566 1173 otiis
579 1111 682 1192 justis
691 1110 731 1174 de
744 1111 852 1175 causis
867 1112 1018 1175 animum
1031 1117 1182 1174 nostrum
1195 1107 1296 1190 dipne
1309 1125 1438 1170 moven-

246 1251 249 1256 -
288 1213 384 1292 tibus,
400 1233 502 1297 supro
520 1216 646 1280 dictum
664 1216 707 1284 N.
724 1217 920 1300 inquisitum
938 1235 1001 1301 pro
1081 1224 1113 1281 et
1132 1233 1245 1294 cocao,
1260 1213 1302 1278 de
1321 1213 1437 1297 quinos
1503 1251 1504 1302 3

288 1322 323 1384 in
333 1339 496 1404 processu,
511 1322 559 1386 od
569 1325 833 1406 compositionem
847 1343 951 1408 quom
966 1325 1068 1388 curiae
1082 1330 1113 1388 et
1124 1325 1202 1404 fisco
1216 1329 1332 1405 sponte
1346 1320 1435 1384 obtu-

288 1427 336 1506 tit,
356 1437 389 1492 et
403 1428 451 1494 od
465 1447 567 1512 quom
588 1431 723 1495 admitti
739 1431 930 1514 postulavit,
953 1431 1179 1511 admittimns;
1198 1437 1231 1494 et
1248 1428 1364 1494 sonita
1379 1445 1437 1510 per

288 1553 364 1599 enm
378 1537 415 1602 in
427 1537 578 1602 monibus
592 1538 784 1622 depositorii
799 1557 978 1624 poenorum
997 1547 1116 1604 nostrae
1135 1539 1235 1602 corice
1255 1537 1356 1601 scutis
1377 1583 1435 1600 .....

288 1645 396 1726 ipsum
415 1643 613 1708 absolvimus
631 1653 663 1709 et
681 1646 788 1710 toliter
810 1646 987 1711 liberamus
993 1663 1006 1726 ;
1017 1647 1094 1724 fisco
1114 1645 1278 1708 silentiam
1297 1644 1436 1726 imponi-
1503 1631 1504 1722 ἶ

287 1769 373 1829 mers,
387 1760 420 1815 et
435 1752 644 1831 mandamns,
659 1755 761 1831 omni,
778 1761 837 1818 etc.
852 1787 891 1802 -
905 1753 938 1818 N
940 1801 961 1832 .,
978 1753 1159 1836 Episcopus
1173 1751 1215 1816 N.
1231 1786 1272 1799 —
1286 1751 1345 1828 N„
1360 1768 1435 1814 can·

287 1857 447 1923 cellarios.
461 1882 476 1920 c

330 1994 420 2064 Reus
439 2002 547 2064 autem
570 1993 665 2064 debet
685 1994 851 2066 decretum
875 2004 1040 2088 acceptare
1060 2002 1093 2064 et
1114 1993 1331 2078 subscribere,
1350 1993 1436 2087 quod

288 2101 336 2170 sic
350 2101 455 2171 facere
470 2101 589 2194 poterit
607 2129 614 2170 :

332 2235 436 2319 «Epo
453 2237 510 2314 N„
531 2235 628 2300 libere
649 2245 778 2321 accepto
797 2237 1024 2320 supradictum
1045 2237 1210 2302 demetam
1233 2239 1436 2321 compositio-

287 2343 349 2407 nis.
367 2341 405 2408 Et
427 2343 637 2408 cancellarius
657 2345 775 2409 addet:
792 2345 852 2410 Die
929 2347 1048 2410 mernt's
1113 2363 1199 2409 onno
1224 2391 1273 2422 ...,
1289 2353 1435 2429 eccepto·

221 2489 226 2496 ·
288 2457 358 2514 tum
380 2459 412 2514 et
435 2450 640 2533 publicatum
660 2451 729 2532 fnit
746 2452 973 2536 supradictum
995 2451 1160 2518 decretum
1184 2453 1435 2535 compositionis,
1503 2489 1504 2512 t

284 2559 497 2641 praesentibus
514 2559 557 2629 N.
577 2567 608 2622 et
628 2559 685 2637 N„
702 2559 846 2624 testibus.
868 2595 908 2606 -
928 2559 1000 2642 Epo
1022 2559 1077 2637 N.,
1101 2560 1199 2624 testis.
1219 2597 1258 2606 —
1281 2559 1358 2642 Epo
1381 2561 1436 2638 N„

289 2667 387 2730 testis.
403 2701 442 2711 —
457 2665 531 2749 Epo
545 2666 602 2744 N„
625 2667 849 2732 concellarius.
869 2691 883 2726 s

729 2929 874 2998 CAPUT
896 2928 987 2998 XIX.

331 3273 490 3343 Absoluto
513 3271 741 3342 informatorio
768 3293 933 3364 processu,
958 3272 1011 3342 vel
1037 3271 1170 3364 exurgit
1193 3269 1312 3340 saltem
1336 3272 1438 3340 semi-

286 3379 384 3474 plena
398 3380 559 3473 probatio,
575 3379 629 3450 vel
644 3402 711 3449 non
729 3406 736 3448 :
754 3381 782 3448 si
797 3380 893 3472 prius
913 3379 1159 3450 constituendus
1173 3387 1222 3450 est
1235 3401 1332 3467 reus;
1348 3379 1438 3474 quod

288 3488 362 3558 fieri
375 3495 481 3581 potest
492 3487 585 3580 juxta
597 3487 681 3557 hane
694 3487 876 3557 formulam
888 3486 930 3557 ab
945 3487 1088 3557 actuario
1100 3486 1320 3558 adhibendam
1337 3515 1346 3557 ε

332 3660 348 3694 a
362 3633 448 3702 Onm
462 3651 503 3699 ee
516 3632 658 3698 actitatis
671 3632 837 3712 coenans,
854 3631 902 3697 od
912 3633 1090 3698 minimum
1101 3631 1293 3716 semi-pleno
1314 3633 1436 3698 habeo·

290 3751 345 3808 tor
359 3740 523 3826 probatio,
537 3739 577 3804 de
591 3739 705 3805 delicto
721 3739 785 3820 (vel
797 3739 930 3822 delictis)
943 3739 1073 3805 domino
1087 3741 1229 3807 Acone
1239 3739 1283 3810 N.
1299 3740 1435 3823 objecto,

289 3867 404 3934 nempe
418 3847 509 3933 qnod
523 3848 567 3930 (et
584 3847 629 3912 ibi
651 3847 803 3913 delictum
823 3848 875 3913 val
895 3847 1008 3912 delicia
1026 3847 1279 3931 exprimentur);
1297 3865 1436 3932 cumque

289 3961 389 4024 sicce
411 3957 641 4038 informatione
660 3957 846 4021 summario
868 3955 1058 4020 emerserint
1078 3974 1100 4020 α
1121 3959 1202 4039 jure
1225 3957 1388 4038 requisito
1402 3963 1436 4019 nt

291 4068 395 4133 diones
416 4065 565 4130 Andreas
585 4065 627 4134 N.
640 4066 743 4147 possit
762 4083 837 4128 reus
853 4065 1015 4145 constitui,
1030 4073 1061 4129 et
1080 4065 1272 4129 constitutos
1294 4064 1434 4147 tepitime

292 4173 494 4249 edominari·
522 4172 664 4237 decrevit
692 4171 888 4236 reverendos
916 4172 972 4250 N„
1000 4171 1120 4256 judex,
1143 4171 1330 4255 prasonem
1367 4173 1432 4233 An·

289 4283 403 4347 dream
419 4281 474 4357 N„
484 4299 577 4344 reum
592 4279 782 4344 constituere
796 4287 829 4342 et
841 4280 1042 4357 examinare,
1053 4278 1183 4363 clicone
1187 4279 1344 4361 prontde
1357 4283 1432 4362 jose

624 3105 728 3152 FORMA
751 3103 968 3153 consummat
991 3105 1086 3154 REUU·
