<?xml version="1.0" encoding="UTF-8"?>
<!DOCTYPE html PUBLIC "-//W3C//DTD XHTML 1.0 Transitional//EN"
    "http://www.w3.org/TR/xhtml1/DTD/xhtml1-transitional.dtd">
<html xmlns="http://www.w3.org/1999/xhtml" xml:lang="en" lang="en">
 <head>
  <title>
</title>
<meta http-equiv="Content-Type" content="text/html;charset=utf-8" />
  <meta name='ocr-system' content='tesseract 3.04.00' />
  <meta name='ocr-capabilities' content='ocr_page ocr_carea ocr_par ocr_line ocrx_word'/>
</head>
<body>
  <div class='ocr_page' id='page_1' title='image "./tractatusdejudi00goog_0517.png"; bbox 0 0 3050 4984; ppageno 0'>
   <div class='ocr_carea' id='block_1_1' title="bbox 553 441 1244 507">
    <p class='ocr_par' dir='ltr' id='par_1_1' title="bbox 553 441 1244 507">
     <span class='ocr_line' id='line_1_1' title="bbox 553 441 1244 507; baseline -0.001 -1"><span class='ocrx_word' id='word_1_1' title='bbox 553 459 627 506; x_wconf 77' lang='lat' dir='ltr'>rsus</span> <span class='ocrx_word' id='word_1_2' title='bbox 655 459 800 507; x_wconf 79' lang='lat' dir='ltr'>smenon.</span> <span class='ocrx_word' id='word_1_3' title='bbox 1184 441 1244 505; x_wconf 82' lang='lat'>509</span> 
     </span>
    </p>
   </div>
   <div class='ocr_carea' id='block_1_2' title="bbox 104 579 1248 757">
    <p class='ocr_par' dir='ltr' id='par_1_2' title="bbox 104 579 1248 757">
     <span class='ocr_line' id='line_1_2' title="bbox 150 579 1248 668; baseline 0 -21"><span class='ocrx_word' id='word_1_4' title='bbox 150 579 190 648; x_wconf 88' lang='lat'>11.</span> <span class='ocrx_word' id='word_1_5' title='bbox 215 580 337 649; x_wconf 86' lang='lat' dir='ltr'>Poterit</span> <span class='ocrx_word' id='word_1_6' title='bbox 358 580 544 650; x_wconf 76' lang='lat' dir='ltr'>commissio</span> <span class='ocrx_word' id='word_1_7' title='bbox 569 581 610 650; x_wconf 86' lang='lat' dir='ltr'>od</span> <span class='ocrx_word' id='word_1_8' title='bbox 636 581 863 650; x_wconf 79' lang='lat' dir='ltr'>executionem</span> <span class='ocrx_word' id='word_1_9' title='bbox 880 579 1009 668; x_wconf 80' lang='lat' dir='ltr'>deduci,</span> <span class='ocrx_word' id='word_1_10' title='bbox 1035 588 1067 649; x_wconf 90' lang='lat' dir='ltr'>et</span> <span class='ocrx_word' id='word_1_11' title='bbox 1093 587 1183 650; x_wconf 85' lang='lat' dir='ltr'>nctus</span> <span class='ocrx_word' id='word_1_12' title='bbox 1207 579 1248 648; x_wconf 89' lang='lat' dir='ltr'>de</span> 
     </span>
     <span class='ocr_line' id='line_1_3' title="bbox 104 687 715 757; baseline 0 -1"><span class='ocrx_word' id='word_1_13' title='bbox 104 689 294 757; x_wconf 83' lang='lat' dir='ltr'>executione</span> <span class='ocrx_word' id='word_1_14' title='bbox 307 690 379 757; x_wconf 86' lang='lat' dir='ltr'>iieri</span> <span class='ocrx_word' id='word_1_15' title='bbox 395 688 429 757; x_wconf 92' lang='lat' dir='ltr'>in</span> <span class='ocrx_word' id='word_1_16' title='bbox 452 688 540 757; x_wconf 90' lang='lat' dir='ltr'>hunc</span> <span class='ocrx_word' id='word_1_17' title='bbox 556 687 690 757; x_wconf 86' lang='lat' dir='ltr'>modum</span> <span class='ocrx_word' id='word_1_18' title='bbox 707 717 715 756; x_wconf 91' lang='lat'><strong>:</strong></span> 
     </span>
    </p>
   </div>
   <div class='ocr_carea' id='block_1_3' title="bbox 102 821 1255 2601">
    <p class='ocr_par' dir='ltr' id='par_1_3' title="bbox 102 821 1253 1876">
     <span class='ocr_line' id='line_1_4' title="bbox 156 821 1250 913; baseline 0.003 -26"><span class='ocrx_word' id='word_1_19' title='bbox 156 824 226 890; x_wconf 72' lang='lat' dir='ltr'>«In</span> <span class='ocrx_word' id='word_1_20' title='bbox 240 821 373 890; x_wconf 87' lang='lat' dir='ltr'>nomine</span> <span class='ocrx_word' id='word_1_21' title='bbox 385 822 532 891; x_wconf 83' lang='lat' dir='ltr'><strong><em>Domini.</em></strong></span> <span class='ocrx_word' id='word_1_22' title='bbox 552 823 665 892; x_wconf 84' lang='lat' dir='ltr'>Arnen.</span> <span class='ocrx_word' id='word_1_23' title='bbox 694 861 738 874; x_wconf 95' lang='lat'>—</span> <span class='ocrx_word' id='word_1_24' title='bbox 754 824 842 892; x_wconf 85' lang='lat' dir='ltr'>Cum</span> <span class='ocrx_word' id='word_1_25' title='bbox 857 821 1009 891; x_wconf 87' lang='lat' dir='ltr'>dominus</span> <span class='ocrx_word' id='word_1_26' title='bbox 1023 825 1066 892; x_wconf 91' lang='lat' dir='ltr'>N.</span> <span class='ocrx_word' id='word_1_27' title='bbox 1084 822 1250 913; x_wconf 78' lang='lat' dir='ltr'>recepisset</span> 
     </span>
     <span class='ocr_line' id='line_1_5' title="bbox 104 929 1251 1022; baseline -0.001 -25"><span class='ocrx_word' id='word_1_28' title='bbox 104 951 129 997; x_wconf 91' lang='lat' dir='ltr'>a</span> <span class='ocrx_word' id='word_1_29' title='bbox 155 929 419 998; x_wconf 83' lang='lat' dir='ltr'>reverendissimo</span> <span class='ocrx_word' id='word_1_30' title='bbox 434 930 598 1022; x_wconf 76' lang='lat' dir='ltr'>Episcopo</span> <span class='ocrx_word' id='word_1_31' title='bbox 614 931 673 1011; x_wconf 80' lang='lat' dir='ltr'>N..</span> <span class='ocrx_word' id='word_1_32' title='bbox 699 929 862 1021; x_wconf 82' lang='lat' dir='ltr'>quasdam</span> <span class='ocrx_word' id='word_1_33' title='bbox 876 929 1144 998; x_wconf 88' lang='lat' dir='ltr'>commissorialcs</span> <span class='ocrx_word' id='word_1_34' title='bbox 1165 929 1251 998; x_wconf 88' lang='lat' dir='ltr'>litte·</span> 
     </span>
     <span class='ocr_line' id='line_1_6' title="bbox 104 1035 1252 1129; baseline 0 -26"><span class='ocrx_word' id='word_1_35' title='bbox 104 1058 163 1104; x_wconf 86' lang='lat' dir='ltr'>ros</span> <span class='ocrx_word' id='word_1_36' title='bbox 176 1057 251 1128; x_wconf 77' lang='lat' dir='ltr'>que</span> <span class='ocrx_word' id='word_1_37' title='bbox 273 1035 435 1106; x_wconf 75' lang='lat' dir='ltr'>debentur</span> <span class='ocrx_word' id='word_1_38' title='bbox 449 1036 507 1105; x_wconf 81' lang='lat' dir='ltr'>sub</span> <span class='ocrx_word' id='word_1_39' title='bbox 513 1036 715 1129; x_wconf 70' lang='lat' dir='ltr'>precedenti</span> <span class='ocrx_word' id='word_1_40' title='bbox 727 1058 875 1118; x_wconf 90' lang='lat' dir='ltr'>numero,</span> <span class='ocrx_word' id='word_1_41' title='bbox 894 1036 1032 1105; x_wconf 86' lang='lat' dir='ltr'>decreuit</span> <span class='ocrx_word' id='word_1_42' title='bbox 1047 1059 1086 1104; x_wconf 91' lang='lat' dir='ltr'>ea</span> <span class='ocrx_word' id='word_1_43' title='bbox 1109 1059 1175 1127; x_wconf 86' lang='lat' dir='ltr'>qua</span> <span class='ocrx_word' id='word_1_44' title='bbox 1182 1058 1252 1127; x_wconf 91' lang='lat' dir='ltr'>por</span> 
     </span>
     <span class='ocr_line' id='line_1_7' title="bbox 105 1143 1251 1238; baseline -0.002 -26"><span class='ocrx_word' id='word_1_45' title='bbox 105 1154 155 1212; x_wconf 82' lang='lat' dir='ltr'>est</span> <span class='ocrx_word' id='word_1_46' title='bbox 164 1143 490 1238; x_wconf 71' lang='lat' dir='ltr'>promptitudinem</span> <span class='ocrx_word' id='word_1_47' title='bbox 501 1143 627 1236; x_wconf 73' lang='lat' dir='ltr'>exequi.</span> <span class='ocrx_word' id='word_1_48' title='bbox 649 1146 858 1237; x_wconf 78' lang='lat' dir='ltr'>Quapropter</span> <span class='ocrx_word' id='word_1_49' title='bbox 872 1166 924 1212; x_wconf 90' lang='lat' dir='ltr'>me</span> <span class='ocrx_word' id='word_1_50' title='bbox 935 1143 1183 1236; x_wconf 71' lang='lat' dir='ltr'>infrascriptum</span> <span class='ocrx_word' id='word_1_51' title='bbox 1192 1166 1251 1212; x_wconf 89' lang='lat' dir='ltr'>vo-</span> 
     </span>
     <span class='ocr_line' id='line_1_8' title="bbox 103 1249 1252 1343; baseline -0.003 -23"><span class='ocrx_word' id='word_1_52' title='bbox 103 1251 195 1320; x_wconf 83' lang='lat' dir='ltr'>cavit</span> <span class='ocrx_word' id='word_1_53' title='bbox 209 1251 244 1318; x_wconf 82' lang='lat' dir='ltr'>in</span> <span class='ocrx_word' id='word_1_54' title='bbox 259 1249 397 1320; x_wconf 89' lang='lat' dir='ltr'>domum</span> <span class='ocrx_word' id='word_1_55' title='bbox 423 1272 531 1332; x_wconf 87' lang='lat' dir='ltr'>suom,</span> <span class='ocrx_word' id='word_1_56' title='bbox 561 1263 593 1318; x_wconf 88' lang='lat' dir='ltr'>et</span> <span class='ocrx_word' id='word_1_57' title='bbox 615 1271 728 1319; x_wconf 89' lang='lat' dir='ltr'>coram</span> <span class='ocrx_word' id='word_1_58' title='bbox 750 1249 979 1343; x_wconf 75' lang='lat' dir='ltr'>infrascriptis,</span> <span class='ocrx_word' id='word_1_59' title='bbox 1004 1272 1057 1317; x_wconf 89' lang='lat' dir='ltr'>mc</span> <span class='ocrx_word' id='word_1_60' title='bbox 1082 1249 1252 1318; x_wconf 87' lang='lat' dir='ltr'>notarium</span> 
     </span>
     <span class='ocr_line' id='line_1_9' title="bbox 104 1355 1252 1450; baseline -0.001 -27"><span class='ocrx_word' id='word_1_61' title='bbox 104 1356 305 1424; x_wconf 86' lang='lat' dir='ltr'>auctoritate</span> <span class='ocrx_word' id='word_1_62' title='bbox 325 1357 500 1450; x_wconf 85' lang='lat' dir='ltr'>episcopali</span> <span class='ocrx_word' id='word_1_63' title='bbox 513 1368 661 1425; x_wconf 87' lang='lat' dir='ltr'>creatum</span> <span class='ocrx_word' id='word_1_64' title='bbox 674 1355 888 1441; x_wconf 79' lang='lat' dir='ltr'>rcnmttiovit,</span> <span class='ocrx_word' id='word_1_65' title='bbox 902 1357 1197 1446; x_wconf 79' lang='lat' dir='ltr'>juramentumque</span> <span class='ocrx_word' id='word_1_66' title='bbox 1207 1356 1252 1446; x_wconf 77' lang='lat' dir='ltr'>fi-</span> 
     </span>
     <span class='ocr_line' id='line_1_10' title="bbox 104 1459 1253 1554; baseline 0 -22"><span class='ocrx_word' id='word_1_67' title='bbox 104 1459 252 1532; x_wconf 86' lang='lat' dir='ltr'>delitotis</span> <span class='ocrx_word' id='word_1_68' title='bbox 264 1463 350 1530; x_wconf 74' lang='lat' dir='ltr'>nutri</span> <span class='ocrx_word' id='word_1_69' title='bbox 370 1461 499 1542; x_wconf 80' lang='lat' dir='ltr'>detulit,</span> <span class='ocrx_word' id='word_1_70' title='bbox 514 1462 644 1554; x_wconf 75' lang='lat' dir='ltr'>prodet</span> <span class='ocrx_word' id='word_1_71' title='bbox 666 1463 821 1553; x_wconf 74' lang='lat' dir='ltr'>prestiti,</span> <span class='ocrx_word' id='word_1_72' title='bbox 838 1461 885 1530; x_wconf 89' lang='lat' dir='ltr'>od</span> <span class='ocrx_word' id='word_1_73' title='bbox 896 1463 958 1530; x_wconf 75' lang='lat' dir='ltr'>troc</span> <span class='ocrx_word' id='word_1_74' title='bbox 972 1474 1012 1530; x_wconf 87' lang='lat' dir='ltr'>ut</span> <span class='ocrx_word' id='word_1_75' title='bbox 1025 1461 1062 1529; x_wconf 88' lang='lat' dir='ltr'>in</span> <span class='ocrx_word' id='word_1_76' title='bbox 1076 1463 1139 1530; x_wconf 74' lang='lat' dir='ltr'>trac</span> <span class='ocrx_word' id='word_1_77' title='bbox 1153 1484 1253 1532; x_wconf 84' lang='lat' dir='ltr'>sousa</span> 
     </span>
     <span class='ocr_line' id='line_1_11' title="bbox 105 1569 1253 1661; baseline 0.002 -24"><span class='ocrx_word' id='word_1_78' title='bbox 105 1582 146 1637; x_wconf 88' lang='lat' dir='ltr'>ut</span> <span class='ocrx_word' id='word_1_79' title='bbox 161 1569 325 1661; x_wconf 80' lang='lat' dir='ltr'>lepitimus</span> <span class='ocrx_word' id='word_1_80' title='bbox 343 1570 513 1638; x_wconf 84' lang='lat' dir='ltr'>actuarius</span> <span class='ocrx_word' id='word_1_81' title='bbox 534 1570 564 1638; x_wconf 92' lang='lat' dir='ltr'>ei</span> <span class='ocrx_word' id='word_1_82' title='bbox 578 1569 779 1637; x_wconf 83' lang='lat' dir='ltr'>imeruirem.</span> <span class='ocrx_word' id='word_1_83' title='bbox 803 1573 884 1638; x_wconf 84' lang='lat' dir='ltr'>Acta</span> <span class='ocrx_word' id='word_1_84' title='bbox 900 1582 977 1638; x_wconf 89' lang='lat' dir='ltr'>sunt</span> <span class='ocrx_word' id='word_1_85' title='bbox 991 1569 1099 1639; x_wconf 75' lang='lat' dir='ltr'>dec...</span> <span class='ocrx_word' id='word_1_86' title='bbox 1116 1608 1160 1621; x_wconf 95' lang='lat'>—</span> <span class='ocrx_word' id='word_1_87' title='bbox 1179 1573 1253 1660; x_wconf 75' lang='lat' dir='ltr'>Epo</span> 
     </span>
     <span class='ocr_line' id='line_1_12' title="bbox 104 1676 1248 1767; baseline 0.001 -21"><span class='ocrx_word' id='word_1_88' title='bbox 104 1678 167 1756; x_wconf 87' lang='grc' dir='ltr'>Ν.,</span> <span class='ocrx_word' id='word_1_89' title='bbox 183 1677 426 1746; x_wconf 83' lang='lat' dir='ltr'>commissarius</span> <span class='ocrx_word' id='word_1_90' title='bbox 442 1676 619 1767; x_wconf 82' lang='lat' dir='ltr'>delepatus.</span> <span class='ocrx_word' id='word_1_91' title='bbox 649 1716 694 1729; x_wconf 94' lang='lat'><em>-</em></span> <span class='ocrx_word' id='word_1_92' title='bbox 710 1679 783 1767; x_wconf 79' lang='lat' dir='ltr'>Epo</span> <span class='ocrx_word' id='word_1_93' title='bbox 804 1679 846 1746; x_wconf 90' lang='lat' dir='ltr'>N.</span> <span class='ocrx_word' id='word_1_94' title='bbox 870 1677 926 1766; x_wconf 81' lang='lat' dir='ltr'>firi</span> <span class='ocrx_word' id='word_1_95' title='bbox 946 1677 1044 1746; x_wconf 83' lang='lat' dir='ltr'>testis.</span> <span class='ocrx_word' id='word_1_96' title='bbox 1061 1717 1105 1730; x_wconf 89' lang='lat'>—</span> <span class='ocrx_word' id='word_1_97' title='bbox 1117 1681 1190 1767; x_wconf 76' lang='lat' dir='ltr'>Epo</span> <span class='ocrx_word' id='word_1_98' title='bbox 1205 1679 1248 1748; x_wconf 91' lang='lat' dir='ltr'>N.</span> 
     </span>
     <span class='ocr_line' id='line_1_13' title="bbox 102 1785 692 1876; baseline 0.002 -24"><span class='ocrx_word' id='word_1_99' title='bbox 102 1785 160 1874; x_wconf 77' lang='lat' dir='ltr'>fici</span> <span class='ocrx_word' id='word_1_100' title='bbox 173 1785 273 1854; x_wconf 84' lang='lat' dir='ltr'>testis.</span> <span class='ocrx_word' id='word_1_101' title='bbox 290 1823 336 1838; x_wconf 90' lang='lat'><em>-</em></span> <span class='ocrx_word' id='word_1_102' title='bbox 350 1789 423 1876; x_wconf 80' lang='lat' dir='ltr'>Epo</span> <span class='ocrx_word' id='word_1_103' title='bbox 438 1788 474 1855; x_wconf 99' lang='lat' dir='ltr'><em>N</em></span> <span class='ocrx_word' id='word_1_104' title='bbox 474 1839 497 1866; x_wconf 91' lang='lat'>.,</span> <span class='ocrx_word' id='word_1_105' title='bbox 510 1787 692 1854; x_wconf 76' lang='lat' dir='ltr'>ectum-ius.</span> 
     </span>
    </p>

    <p class='ocr_par' dir='ltr' id='par_1_4' title="bbox 104 1891 1255 2601">
     <span class='ocr_line' id='line_1_14' title="bbox 158 1891 1252 1984; baseline 0.005 -28"><span class='ocrx_word' id='word_1_106' title='bbox 158 1919 174 1956; x_wconf 78' lang='lat' dir='ltr'><em>o</em></span> <span class='ocrx_word' id='word_1_107' title='bbox 191 1894 439 1984; x_wconf 67' lang='lat' dir='ltr'>consequenter,</span> <span class='ocrx_word' id='word_1_108' title='bbox 455 1893 632 1960; x_wconf 76' lang='lat' dir='ltr'>associante</span> <span class='ocrx_word' id='word_1_109' title='bbox 653 1913 716 1974; x_wconf 88' lang='lat' dir='ltr'>me,</span> <span class='ocrx_word' id='word_1_110' title='bbox 743 1891 850 1960; x_wconf 85' lang='lat' dir='ltr'>adicit</span> <span class='ocrx_word' id='word_1_111' title='bbox 862 1895 1023 1984; x_wconf 77' lang='lat' dir='ltr'>prelatus</span> <span class='ocrx_word' id='word_1_112' title='bbox 1039 1896 1080 1964; x_wconf 89' lang='lat' dir='ltr'>N.</span> <span class='ocrx_word' id='word_1_113' title='bbox 1098 1893 1252 1962; x_wconf 86' lang='lat' dir='ltr'>commis-</span> 
     </span>
     <span class='ocr_line' id='line_1_15' title="bbox 104 1997 1252 2090; baseline 0.001 -24"><span class='ocrx_word' id='word_1_114' title='bbox 104 1999 216 2067; x_wconf 83' lang='lat' dir='ltr'>sarius</span> <span class='ocrx_word' id='word_1_115' title='bbox 229 1998 401 2068; x_wconf 87' lang='lat' dir='ltr'>dominum</span> <span class='ocrx_word' id='word_1_116' title='bbox 415 2000 457 2069; x_wconf 92' lang='lat' dir='ltr'>N.</span> <span class='ocrx_word' id='word_1_117' title='bbox 468 2024 483 2082; x_wconf 90' lang='lat'>‚·</span> <span class='ocrx_word' id='word_1_118' title='bbox 496 1999 554 2090; x_wconf 84' lang='lat' dir='ltr'>qui</span> <span class='ocrx_word' id='word_1_119' title='bbox 568 2001 686 2070; x_wconf 84' lang='lat' dir='ltr'>certior</span> <span class='ocrx_word' id='word_1_120' title='bbox 693 2001 803 2089; x_wconf 70' lang='lat' dir='ltr'>sactus</span> <span class='ocrx_word' id='word_1_121' title='bbox 819 1997 858 2066; x_wconf 91' lang='lat' dir='ltr'>de</span> <span class='ocrx_word' id='word_1_122' title='bbox 872 2000 1180 2070; x_wconf 83' lang='lat' dir='ltr'>commissorialibus</span> <span class='ocrx_word' id='word_1_123' title='bbox 1195 2001 1252 2070; x_wconf 88' lang='lat' dir='ltr'>lit·</span> 
     </span>
     <span class='ocr_line' id='line_1_16' title="bbox 108 2105 1251 2197; baseline -0.001 -22"><span class='ocrx_word' id='word_1_124' title='bbox 108 2107 187 2175; x_wconf 83' lang='lat' dir='ltr'>teris</span> <span class='ocrx_word' id='word_1_125' title='bbox 200 2118 365 2197; x_wconf 84' lang='lat' dir='ltr'>utsupra,</span> <span class='ocrx_word' id='word_1_126' title='bbox 380 2106 448 2195; x_wconf 71' lang='lat' dir='ltr'>suit</span> <span class='ocrx_word' id='word_1_127' title='bbox 463 2106 696 2194; x_wconf 75' lang='lat' dir='ltr'>interropatus,</span> <span class='ocrx_word' id='word_1_128' title='bbox 711 2118 742 2173; x_wconf 91' lang='lat' dir='ltr'>et</span> <span class='ocrx_word' id='word_1_129' title='bbox 756 2105 922 2195; x_wconf 87' lang='lat' dir='ltr'>respondit</span> <span class='ocrx_word' id='word_1_130' title='bbox 937 2107 973 2174; x_wconf 86' lang='lat' dir='ltr'>in</span> <span class='ocrx_word' id='word_1_131' title='bbox 987 2107 1075 2174; x_wconf 74' lang='lat' dir='ltr'>tunc</span> <span class='ocrx_word' id='word_1_132' title='bbox 1088 2107 1226 2176; x_wconf 87' lang='lat' dir='ltr'>modum</span> <span class='ocrx_word' id='word_1_133' title='bbox 1240 2134 1251 2174; x_wconf 94' lang='lat'>.·</span> 
     </span>
     <span class='ocr_line' id='line_1_17' title="bbox 111 2211 1254 2304; baseline 0.001 -25"><span class='ocrx_word' id='word_1_134' title='bbox 111 2216 145 2279; x_wconf 79' lang='lat'>1⁰</span> <span class='ocrx_word' id='word_1_135' title='bbox 165 2212 396 2303; x_wconf 82' lang='lat' dir='ltr'>interropotus,</span> <span class='ocrx_word' id='word_1_136' title='bbox 411 2233 455 2279; x_wconf 89' lang='lat' dir='ltr'>on</span> <span class='ocrx_word' id='word_1_137' title='bbox 477 2213 606 2303; x_wconf 78' lang='lat' dir='ltr'>aliquos</span> <span class='ocrx_word' id='word_1_138' title='bbox 627 2211 673 2279; x_wconf 89' lang='lat' dir='ltr'>od</span> <span class='ocrx_word' id='word_1_139' title='bbox 694 2211 825 2278; x_wconf 87' lang='lat' dir='ltr'>curiam</span> <span class='ocrx_word' id='word_1_140' title='bbox 850 2212 1063 2304; x_wconf 85' lang='lat' dir='ltr'>episcopalem</span> <span class='ocrx_word' id='word_1_141' title='bbox 1087 2211 1254 2282; x_wconf 67' lang='lat' dir='ltr'>diremisset</span> 
     </span>
     <span class='ocr_line' id='line_1_18' title="bbox 108 2317 1196 2410; baseline 0 -24"><span class='ocrx_word' id='word_1_142' title='bbox 108 2320 257 2387; x_wconf 82' lang='lat' dir='ltr'>litteras?</span> <span class='ocrx_word' id='word_1_143' title='bbox 281 2317 497 2410; x_wconf 72' lang='lat' dir='ltr'>Respondit...</span> <span class='ocrx_word' id='word_1_144' title='bbox 515 2323 549 2385; x_wconf 76' lang='lat'>2⁰</span> <span class='ocrx_word' id='word_1_145' title='bbox 569 2329 629 2385; x_wconf 87' lang='lat' dir='ltr'>etc.</span> <span class='ocrx_word' id='word_1_146' title='bbox 652 2321 733 2384; x_wconf 84' lang='lat' dir='ltr'>Acta</span> <span class='ocrx_word' id='word_1_147' title='bbox 756 2329 833 2385; x_wconf 74' lang='lat' dir='ltr'>stent</span> <span class='ocrx_word' id='word_1_148' title='bbox 857 2317 926 2386; x_wconf 81' lang='lat' dir='ltr'>hoec</span> <span class='ocrx_word' id='word_1_149' title='bbox 948 2317 1000 2386; x_wconf 88' lang='lat' dir='ltr'>die</span> <span class='ocrx_word' id='word_1_150' title='bbox 1081 2319 1196 2386; x_wconf 82' lang='lat' dir='ltr'>mcrrsis</span> 
     </span>
     <span class='ocr_line' id='line_1_19' title="bbox 109 2423 1255 2516; baseline -0.001 -21"><span class='ocrx_word' id='word_1_151' title='bbox 109 2449 242 2495; x_wconf 90' lang='lat' dir='ltr'>anno...</span> <span class='ocrx_word' id='word_1_152' title='bbox 253 2465 297 2478; x_wconf 93' lang='lat'><em>-</em></span> <span class='ocrx_word' id='word_1_153' title='bbox 310 2428 383 2516; x_wconf 79' lang='lat' dir='ltr'>Epo</span> <span class='ocrx_word' id='word_1_154' title='bbox 402 2427 460 2507; x_wconf 87' lang='grc' dir='ltr'>Ν.,</span> <span class='ocrx_word' id='word_1_155' title='bbox 476 2425 719 2493; x_wconf 88' lang='lat' dir='ltr'>commissarius</span> <span class='ocrx_word' id='word_1_156' title='bbox 733 2423 911 2515; x_wconf 82' lang='lat' dir='ltr'>delepatus.</span> <span class='ocrx_word' id='word_1_157' title='bbox 921 2462 965 2475; x_wconf 96' lang='lat'>—</span> <span class='ocrx_word' id='word_1_158' title='bbox 981 2424 1053 2515; x_wconf 83' lang='lat' dir='ltr'>Epo</span> <span class='ocrx_word' id='word_1_159' title='bbox 1066 2428 1123 2507; x_wconf 86' lang='grc' dir='ltr'>Ν.,</span> <span class='ocrx_word' id='word_1_160' title='bbox 1137 2438 1255 2494; x_wconf 87' lang='lat' dir='ltr'>actua·</span> 
     </span>
     <span class='ocr_line' id='line_1_20' title="bbox 110 2555 234 2601; baseline -0.024 0"><span class='ocrx_word' id='word_1_161' title='bbox 110 2555 192 2601; x_wconf 80' lang='lat' dir='ltr'>rsus.</span> <span class='ocrx_word' id='word_1_162' title='bbox 217 2559 234 2598; x_wconf 76' lang='lat' dir='ltr'>s</span> 
     </span>
    </p>
   </div>
   <div class='ocr_carea' id='block_1_4' title="bbox 109 2675 1255 2979">
    <p class='ocr_par' dir='ltr' id='par_1_5' title="bbox 109 2675 1255 2979">
     <span class='ocr_line' id='line_1_21' title="bbox 156 2675 1253 2772; baseline 0.002 -27"><span class='ocrx_word' id='word_1_163' title='bbox 156 2677 213 2745; x_wconf 84' lang='lat' dir='ltr'>lii.</span> <span class='ocrx_word' id='word_1_164' title='bbox 229 2677 346 2748; x_wconf 85' lang='lat' dir='ltr'>Modus</span> <span class='ocrx_word' id='word_1_165' title='bbox 359 2675 538 2771; x_wconf 90' lang='lat' dir='ltr'>incipiendi</span> <span class='ocrx_word' id='word_1_166' title='bbox 558 2675 765 2772; x_wconf 82' lang='lat' dir='ltr'>scriptionem</span> <span class='ocrx_word' id='word_1_167' title='bbox 781 2686 915 2748; x_wconf 79' lang='lat' dir='ltr'>actuum</span> <span class='ocrx_word' id='word_1_168' title='bbox 931 2675 965 2746; x_wconf 90' lang='lat' dir='ltr'>in</span> <span class='ocrx_word' id='word_1_169' title='bbox 981 2676 1134 2770; x_wconf 81' lang='lat' dir='ltr'>ptaesenti</span> <span class='ocrx_word' id='word_1_170' title='bbox 1149 2700 1224 2747; x_wconf 84' lang='lat' dir='ltr'>casu</span> <span class='ocrx_word' id='word_1_171' title='bbox 1245 2705 1253 2746; x_wconf 91' lang='lat'>:</span> 
     </span>
     <span class='ocr_line' id='line_1_22' title="bbox 109 2783 1255 2878; baseline 0.001 -27"><span class='ocrx_word' id='word_1_172' title='bbox 109 2785 243 2876; x_wconf 73' lang='lat' dir='ltr'>quomo</span> <span class='ocrx_word' id='word_1_173' title='bbox 259 2807 375 2877; x_wconf 87' lang='lat' dir='ltr'>nempe</span> <span class='ocrx_word' id='word_1_174' title='bbox 389 2786 590 2855; x_wconf 82' lang='lat' dir='ltr'>denuntiatio</span> <span class='ocrx_word' id='word_1_175' title='bbox 606 2788 690 2854; x_wconf 83' lang='lat' dir='ltr'>tuctu</span> <span class='ocrx_word' id='word_1_176' title='bbox 710 2796 758 2854; x_wconf 87' lang='lat' dir='ltr'>cst</span> <span class='ocrx_word' id='word_1_177' title='bbox 780 2787 988 2878; x_wconf 66' lang='lat' dir='ltr'>pertineres,</span> <span class='ocrx_word' id='word_1_178' title='bbox 1004 2793 1037 2853; x_wconf 90' lang='lat' dir='ltr'>et</span> <span class='ocrx_word' id='word_1_179' title='bbox 1058 2783 1255 2854; x_wconf 79' lang='lat' dir='ltr'>denuntians</span> 
     </span>
     <span class='ocr_line' id='line_1_23' title="bbox 110 2891 900 2979; baseline 0.004 -21"><span class='ocrx_word' id='word_1_180' title='bbox 110 2895 148 2958; x_wconf 90' lang='lat' dir='ltr'>in</span> <span class='ocrx_word' id='word_1_181' title='bbox 163 2891 292 2960; x_wconf 87' lang='lat' dir='ltr'>dioecesi</span> <span class='ocrx_word' id='word_1_182' title='bbox 305 2894 459 2979; x_wconf 81' lang='lat' dir='ltr'>existens,</span> <span class='ocrx_word' id='word_1_183' title='bbox 476 2894 518 2961; x_wconf 85' lang='lat' dir='ltr'>sd</span> <span class='ocrx_word' id='word_1_184' title='bbox 533 2893 659 2962; x_wconf 82' lang='lat' dir='ltr'>curism</span> <span class='ocrx_word' id='word_1_185' title='bbox 674 2914 739 2962; x_wconf 92' lang='lat' dir='ltr'>non</span> <span class='ocrx_word' id='word_1_186' title='bbox 756 2905 900 2962; x_wconf 84' lang='lat' dir='ltr'>vocatur.</span> 
     </span>
    </p>
   </div>
   <div class='ocr_carea' id='block_1_5' title="bbox 108 3032 1265 4310">
    <p class='ocr_par' dir='ltr' id='par_1_6' title="bbox 108 3032 1265 4310">
     <span class='ocr_line' id='line_1_24' title="bbox 160 3032 1257 3128; baseline 0.001 -27"><span class='ocrx_word' id='word_1_187' title='bbox 160 3037 232 3102; x_wconf 75' lang='lat' dir='ltr'>«In</span> <span class='ocrx_word' id='word_1_188' title='bbox 249 3035 381 3103; x_wconf 76' lang='lat' dir='ltr'>nominee</span> <span class='ocrx_word' id='word_1_189' title='bbox 403 3035 537 3104; x_wconf 84' lang='lat' dir='ltr'>Domini</span> <span class='ocrx_word' id='word_1_190' title='bbox 553 3087 605 3117; x_wconf 86' lang='lat'>...,</span> <span class='ocrx_word' id='word_1_191' title='bbox 624 3047 683 3104; x_wconf 87' lang='lat' dir='ltr'>etc.</span> <span class='ocrx_word' id='word_1_192' title='bbox 701 3037 751 3128; x_wconf 84' lang='lat' dir='ltr'>(ut</span> <span class='ocrx_word' id='word_1_193' title='bbox 767 3035 802 3102; x_wconf 95' lang='lat' dir='ltr'>in</span> <span class='ocrx_word' id='word_1_194' title='bbox 822 3035 843 3126; x_wconf 77' lang='lat'><strong>§</strong></span> <span class='ocrx_word' id='word_1_195' title='bbox 863 3039 875 3102; x_wconf 86' lang='lat'>1</span> <span class='ocrx_word' id='word_1_196' title='bbox 897 3033 995 3125; x_wconf 84' lang='lat' dir='ltr'>hujus</span> <span class='ocrx_word' id='word_1_197' title='bbox 1010 3033 1153 3124; x_wconf 81' lang='lat' dir='ltr'>cepitis).</span> <span class='ocrx_word' id='word_1_198' title='bbox 1175 3032 1257 3104; x_wconf 86' lang='lat' dir='ltr'>Cum</span> 
     </span>
     <span class='ocr_line' id='line_1_25' title="bbox 110 3140 1259 3233; baseline -0.002 -22"><span class='ocrx_word' id='word_1_199' title='bbox 110 3142 200 3211; x_wconf 88' lang='lat' dir='ltr'>enim</span> <span class='ocrx_word' id='word_1_200' title='bbox 224 3141 332 3210; x_wconf 87' lang='lat' dir='ltr'>dictus</span> <span class='ocrx_word' id='word_1_201' title='bbox 350 3142 542 3211; x_wconf 87' lang='lat' dir='ltr'>Franciscus</span> <span class='ocrx_word' id='word_1_202' title='bbox 568 3144 685 3211; x_wconf 87' lang='lat' dir='ltr'>Zelato</span> <span class='ocrx_word' id='word_1_203' title='bbox 698 3163 762 3233; x_wconf 91' lang='lat' dir='ltr'>per</span> <span class='ocrx_word' id='word_1_204' title='bbox 777 3142 902 3210; x_wconf 86' lang='lat' dir='ltr'>litteras</span> <span class='ocrx_word' id='word_1_205' title='bbox 916 3140 1083 3210; x_wconf 71' lang='lat' dir='ltr'>direxisset</span> <span class='ocrx_word' id='word_1_206' title='bbox 1103 3140 1150 3210; x_wconf 91' lang='lat' dir='ltr'>ad</span> <span class='ocrx_word' id='word_1_207' title='bbox 1166 3164 1259 3209; x_wconf 88' lang='lat' dir='ltr'>reue-</span> 
     </span>
     <span class='ocr_line' id='line_1_26' title="bbox 110 3246 1259 3340; baseline -0.001 -23"><span class='ocrx_word' id='word_1_208' title='bbox 110 3247 340 3318; x_wconf 88' lang='lat' dir='ltr'>rendissimum</span> <span class='ocrx_word' id='word_1_209' title='bbox 369 3249 567 3339; x_wconf 84' lang='lat' dir='ltr'>Episcopum</span> <span class='ocrx_word' id='word_1_210' title='bbox 594 3252 637 3319; x_wconf 94' lang='lat' dir='ltr'>N.</span> <span class='ocrx_word' id='word_1_211' title='bbox 661 3254 844 3340; x_wconf 84' lang='lat' dir='ltr'>quamdam</span> <span class='ocrx_word' id='word_1_212' title='bbox 870 3246 1164 3329; x_wconf 80' lang='lat' dir='ltr'>denuntiationem,</span> <span class='ocrx_word' id='word_1_213' title='bbox 1188 3271 1259 3340; x_wconf 74' lang='lat' dir='ltr'>que</span> 
     </span>
     <span class='ocr_line' id='line_1_27' title="bbox 111 3353 1259 3445; baseline 0 -22"><span class='ocrx_word' id='word_1_214' title='bbox 111 3356 279 3445; x_wconf 85' lang='lat' dir='ltr'>incipit</span> <span class='ocrx_word' id='word_1_215' title='bbox 294 3366 325 3423; x_wconf 90' lang='lat' dir='ltr'>et</span> <span class='ocrx_word' id='word_1_216' title='bbox 336 3354 450 3423; x_wconf 78' lang='lat' dir='ltr'>desimt</span> <span class='ocrx_word' id='word_1_217' title='bbox 466 3407 518 3436; x_wconf 89' lang='lat'>...,</span> <span class='ocrx_word' id='word_1_218' title='bbox 531 3369 561 3423; x_wconf 93' lang='lat' dir='ltr'>et</span> <span class='ocrx_word' id='word_1_219' title='bbox 573 3354 713 3424; x_wconf 76' lang='lat' dir='ltr'>habetur</span> <span class='ocrx_word' id='word_1_220' title='bbox 725 3355 815 3445; x_wconf 79' lang='lat' dir='ltr'>infra</span> <span class='ocrx_word' id='word_1_221' title='bbox 826 3353 985 3444; x_wconf 78' lang='lat' dir='ltr'>descripta</span> <span class='ocrx_word' id='word_1_222' title='bbox 997 3354 1058 3422; x_wconf 85' lang='lat' dir='ltr'>sub</span> <span class='ocrx_word' id='word_1_223' title='bbox 1072 3354 1167 3423; x_wconf 89' lang='lat' dir='ltr'>titulo</span> <span class='ocrx_word' id='word_1_224' title='bbox 1180 3359 1259 3424; x_wconf 88' lang='lat' dir='ltr'>DO—</span> 
     </span>
     <span class='ocr_line' id='line_1_28' title="bbox 115 3460 1260 3544; baseline 0.001 -15"><span class='ocrx_word' id='word_1_225' title='bbox 115 3463 439 3543; x_wconf 71' lang='lat' dir='ltr'>consutorum,</span> <span class='ocrx_word' id='word_1_226' title='bbox 464 3484 599 3531; x_wconf 87' lang='lat' dir='ltr'>numero</span> <span class='ocrx_word' id='word_1_227' title='bbox 616 3487 676 3544; x_wconf 89' lang='lat'>...,·</span> <span class='ocrx_word' id='word_1_228' title='bbox 699 3462 806 3529; x_wconf 83' lang='lat' dir='ltr'>volem</span> <span class='ocrx_word' id='word_1_229' title='bbox 833 3460 1022 3529; x_wconf 87' lang='lat' dir='ltr'>reverendus</span> <span class='ocrx_word' id='word_1_230' title='bbox 1044 3462 1087 3531; x_wconf 95' lang='lat' dir='ltr'>N.</span> <span class='ocrx_word' id='word_1_231' title='bbox 1112 3462 1260 3530; x_wconf 84' lang='lat' dir='ltr'>Vicorius</span> 
     </span>
     <span class='ocr_line' id='line_1_29' title="bbox 111 3567 1260 3660; baseline 0.002 -24"><span class='ocrx_word' id='word_1_232' title='bbox 111 3569 285 3660; x_wconf 77' lang='lat' dir='ltr'>poneretis,</span> <span class='ocrx_word' id='word_1_233' title='bbox 303 3581 381 3636; x_wconf 89' lang='lat' dir='ltr'>onte</span> <span class='ocrx_word' id='word_1_234' title='bbox 398 3569 511 3636; x_wconf 80' lang='lat' dir='ltr'>omrsio</span> <span class='ocrx_word' id='word_1_235' title='bbox 536 3569 655 3636; x_wconf 89' lang='lat' dir='ltr'>certior</span> <span class='ocrx_word' id='word_1_236' title='bbox 676 3569 763 3659; x_wconf 75' lang='lat' dir='ltr'>fieri,</span> <span class='ocrx_word' id='word_1_237' title='bbox 781 3590 864 3635; x_wconf 87' lang='lat' dir='ltr'>num</span> <span class='ocrx_word' id='word_1_238' title='bbox 887 3567 983 3637; x_wconf 77' lang='lat' dir='ltr'>dictu</span> <span class='ocrx_word' id='word_1_239' title='bbox 1004 3567 1260 3638; x_wconf 82' lang='lat' dir='ltr'>denuntiationis</span> 
     </span>
     <span class='ocr_line' id='line_1_30' title="bbox 108 3675 1261 3768; baseline 0 -25"><span class='ocrx_word' id='word_1_240' title='bbox 108 3677 274 3768; x_wconf 68' lang='lat' dir='ltr'>prefatus</span> <span class='ocrx_word' id='word_1_241' title='bbox 287 3676 474 3744; x_wconf 86' lang='lat' dir='ltr'>Franciscus</span> <span class='ocrx_word' id='word_1_242' title='bbox 490 3676 606 3744; x_wconf 88' lang='lat' dir='ltr'>Zelata</span> <span class='ocrx_word' id='word_1_243' title='bbox 622 3698 694 3744; x_wconf 87' lang='lat' dir='ltr'>vere</span> <span class='ocrx_word' id='word_1_244' title='bbox 716 3675 979 3756; x_wconf 74' lang='lat' dir='ltr'>oecumenium,</span> <span class='ocrx_word' id='word_1_245' title='bbox 996 3697 1051 3742; x_wconf 89' lang='lat' dir='ltr'>nec</span> <span class='ocrx_word' id='word_1_246' title='bbox 1074 3687 1185 3742; x_wconf 86' lang='lat' dir='ltr'>tamen</span> <span class='ocrx_word' id='word_1_247' title='bbox 1199 3699 1261 3767; x_wconf 92' lang='lat' dir='ltr'>op·</span> 
     </span>
     <span class='ocr_line' id='line_1_31' title="bbox 108 3781 1260 3874; baseline 0.001 -24"><span class='ocrx_word' id='word_1_248' title='bbox 108 3795 296 3874; x_wconf 86' lang='lat' dir='ltr'>portunnm</span> <span class='ocrx_word' id='word_1_249' title='bbox 307 3783 477 3873; x_wconf 87' lang='lat' dir='ltr'>judicans,</span> <span class='ocrx_word' id='word_1_250' title='bbox 494 3783 601 3873; x_wconf 83' lang='lat' dir='ltr'>dipnis</span> <span class='ocrx_word' id='word_1_251' title='bbox 615 3781 654 3851; x_wconf 88' lang='lat' dir='ltr'>de</span> <span class='ocrx_word' id='word_1_252' title='bbox 668 3781 774 3851; x_wconf 83' lang='lat' dir='ltr'>causis</span> <span class='ocrx_word' id='word_1_253' title='bbox 788 3782 859 3872; x_wconf 88' lang='lat' dir='ltr'>ejus</span> <span class='ocrx_word' id='word_1_254' title='bbox 875 3782 1026 3850; x_wconf 86' lang='lat' dir='ltr'>animum</span> <span class='ocrx_word' id='word_1_255' title='bbox 1042 3782 1260 3874; x_wconf 86' lang='lat' dir='ltr'>mouentibus,</span> 
     </span>
     <span class='ocr_line' id='line_1_32' title="bbox 114 3877 1262 3980; baseline 0.001 -23"><span class='ocrx_word' id='word_1_256' title='bbox 114 3889 268 3958; x_wconf 86' lang='lat' dir='ltr'>eumdem</span> <span class='ocrx_word' id='word_1_257' title='bbox 290 3890 337 3958; x_wconf 88' lang='lat' dir='ltr'>ad</span> <span class='ocrx_word' id='word_1_258' title='bbox 354 3892 484 3959; x_wconf 87' lang='lat' dir='ltr'>curiam</span> <span class='ocrx_word' id='word_1_259' title='bbox 506 3913 640 3974; x_wconf 88' lang='lat' dir='ltr'>uocare,·</span> <span class='ocrx_word' id='word_1_260' title='bbox 656 3888 924 3959; x_wconf 86' lang='lat' dir='ltr'>commissoriolcs</span> <span class='ocrx_word' id='word_1_261' title='bbox 946 3877 1074 3957; x_wconf 86' lang='lat' dir='ltr'>litteras</span> <span class='ocrx_word' id='word_1_262' title='bbox 1094 3887 1182 3957; x_wconf 88' lang='lat' dir='ltr'>dedit</span> <span class='ocrx_word' id='word_1_263' title='bbox 1198 3891 1262 3980; x_wconf 80' lang='lat' dir='ltr'>(vel</span> 
     </span>
     <span class='ocr_line' id='line_1_33' title="bbox 115 3994 1265 4089; baseline 0.002 -27"><span class='ocrx_word' id='word_1_264' title='bbox 115 4020 138 4062; x_wconf 89' lang='lat' dir='ltr'>a</span> <span class='ocrx_word' id='word_1_265' title='bbox 167 3997 430 4065; x_wconf 81' lang='lat' dir='ltr'>reverendissimo</span> <span class='ocrx_word' id='word_1_266' title='bbox 456 3999 618 4089; x_wconf 83' lang='lat' dir='ltr'>Episcopo</span> <span class='ocrx_word' id='word_1_267' title='bbox 643 3997 720 4066; x_wconf 90' lang='lat' dir='ltr'>dori</span> <span class='ocrx_word' id='word_1_268' title='bbox 744 3996 948 4088; x_wconf 79' lang='lat' dir='ltr'>procuravit)</span> <span class='ocrx_word' id='word_1_269' title='bbox 977 3995 1110 4063; x_wconf 90' lang='lat' dir='ltr'>domino</span> <span class='ocrx_word' id='word_1_270' title='bbox 1134 3996 1191 4078; x_wconf 86' lang='grc' dir='ltr'>Ν.,</span> <span class='ocrx_word' id='word_1_271' title='bbox 1218 3994 1265 4064; x_wconf 92' lang='lat' dir='ltr'>ad</span> 
     </span>
     <span class='ocr_line' id='line_1_34' title="bbox 116 4101 1263 4195; baseline 0.001 -25"><span class='ocrx_word' id='word_1_272' title='bbox 116 4104 205 4171; x_wconf 74' lang='lat' dir='ltr'>hunc</span> <span class='ocrx_word' id='word_1_273' title='bbox 219 4105 366 4194; x_wconf 75' lang='lat' dir='ltr'>effectum</span> <span class='ocrx_word' id='word_1_274' title='bbox 385 4118 423 4172; x_wconf 90' lang='lat' dir='ltr'>ut</span> <span class='ocrx_word' id='word_1_275' title='bbox 446 4105 473 4172; x_wconf 89' lang='lat' dir='ltr'>is</span> <span class='ocrx_word' id='word_1_276' title='bbox 493 4105 760 4195; x_wconf 72' lang='lat' dir='ltr'>informationem</span> <span class='ocrx_word' id='word_1_277' title='bbox 785 4101 948 4194; x_wconf 86' lang='lat' dir='ltr'>ejusmodi</span> <span class='ocrx_word' id='word_1_278' title='bbox 969 4101 1160 4170; x_wconf 88' lang='lat' dir='ltr'>desumeret.</span> <span class='ocrx_word' id='word_1_279' title='bbox 1181 4106 1263 4186; x_wconf 71' lang='lat' dir='ltr'>Ques</span> 
     </span>
     <span class='ocr_line' id='line_1_35' title="bbox 118 4207 1264 4310; baseline 0.001 -30"><span class='ocrx_word' id='word_1_280' title='bbox 118 4211 387 4280; x_wconf 88' lang='lat' dir='ltr'>commissorioles</span> <span class='ocrx_word' id='word_1_281' title='bbox 412 4212 540 4294; x_wconf 80' lang='lat' dir='ltr'>littera,</span> <span class='ocrx_word' id='word_1_282' title='bbox 561 4234 631 4280; x_wconf 88' lang='lat' dir='ltr'>una</span> <span class='ocrx_word' id='word_1_283' title='bbox 652 4233 728 4278; x_wconf 88' lang='lat' dir='ltr'>cum</span> <span class='ocrx_word' id='word_1_284' title='bbox 748 4209 931 4278; x_wconf 90' lang='lat' dir='ltr'>testimonio</span> <span class='ocrx_word' id='word_1_285' title='bbox 949 4207 989 4275; x_wconf 89' lang='lat' dir='ltr'>de</span> <span class='ocrx_word' id='word_1_286' title='bbox 1009 4231 1125 4276; x_wconf 88' lang='lat' dir='ltr'>earum</span> <span class='ocrx_word' id='word_1_287' title='bbox 1149 4231 1264 4310; x_wconf 62' lang='grc' dir='ltr'>σπαι-Ι</span> 
     </span>
    </p>
   </div>
   <div class='ocr_carea' id='block_1_6' title="bbox 0 0 1543 4984">
    <p class='ocr_par' dir='ltr' id='par_1_7' title="bbox 0 0 1543 4984">
     <span class='ocr_line' id='line_1_36' title="bbox 0 0 1543 4984; baseline 0 0"><span class='ocrx_word' id='word_1_288' title='bbox 0 0 1543 4984; x_wconf 95' lang='lat' dir='ltr'> </span> 
     </span>
    </p>
   </div>
  </div>
 </body>
</html>
