3050 4984
301 472 362 537 ttt
674 494 849 541 mesenus
869 496 909 542 us
930 494 1064 543 tumens.

297 638 370 681 cros
392 614 524 683 ordines
546 618 727 707 promotio;
749 620 807 685 sed
832 620 946 710 utique
969 619 1148 687 votuerunt
1168 615 1204 684 id
1225 614 1439 708 pronuntiare

298 722 494 814 Episcopum
531 746 573 791 ex
607 725 728 793 motivo
766 748 825 794 seu
858 748 956 794 eausa
991 724 1189 809 rationabili,
1227 746 1293 791 non
1329 730 1439 790 numm

298 852 385 897 creso
401 839 503 916 motu,
525 853 581 899 seu
602 853 662 922 pro
681 853 773 900 mero
794 831 901 900 libitu.
926 832 968 900 Et
991 853 1066 900 cnm
1085 831 1231 899 absolute
1251 828 1439 917 contingere

297 936 491 1027 quandoque
507 937 618 1027 possit,
635 946 673 1005 nt
686 937 868 1030 episcopale
881 939 921 1007 de
933 939 994 1007 hac
1007 962 1045 1006 re
1059 936 1220 1029 judicium
1235 937 1345 1004 minus
1363 956 1440 1002 rec·

296 1052 366 1110 tum
389 1044 442 1128 sit,
467 1043 541 1111 ideo
561 1052 660 1135 patet,
685 1054 843 1137 utsupra
864 1046 1088 1137 probavimus,
1111 1044 1154 1113 ad
1183 1043 1301 1112 Sedem
1326 1045 1441 1133 Apos-

296 1150 425 1219 tolieam
451 1172 613 1219 recursus.
642 1151 808 1220 Ceterum
828 1152 905 1221 inde
924 1153 1022 1221 etiam
1043 1152 1185 1244 perspici
1204 1159 1310 1243 potest
1328 1149 1442 1240 objec-

296 1255 394 1325 tionis
416 1256 568 1341 inanitus,
594 1258 682 1349 quod
708 1259 808 1327 nimis
830 1260 955 1351 probet.
978 1260 1063 1330 Nam
1088 1260 1321 1350 Episcoporum
1342 1256 1441 1323 etiam

292 1360 418 1451 judicio
431 1363 642 1453 relinquitur,
657 1375 695 1431 ut
708 1366 1054 1434 excommnuicationis
1068 1363 1191 1453 gladio,
1208 1370 1307 1453 prout
1318 1382 1442 1452 oppor-

296 1476 414 1536 tunum
437 1468 603 1556 duxerint,
627 1470 744 1539 delicta
769 1480 948 1539 coerceant.
973 1471 1056 1552 Quis
1077 1479 1187 1540 anum
1210 1479 1318 1536 mente
1340 1490 1442 1535 sanus

298 1574 374 1643 iude
398 1576 580 1661 concludat,
606 1598 698 1668 posse
722 1577 899 1669 Episcopus
926 1578 1049 1669 absque
1071 1578 1161 1668 justa
1187 1598 1286 1644 cansa
1306 1597 1444 1643 menm-

297 1683 531 1751 muuicstioues
554 1682 742 1770 fulminare,
771 1694 828 1753 aut
855 1686 899 1753 ab
921 1684 1254 1753 excommunicatoria
1282 1683 1445 1750 sententia

299 1811 366 1857 non
377 1788 448 1857 dari
460 1789 733 1881 appellationem?

345 1949 485 2040 Objt'cies
522 1954 568 2019 2⁰.
598 1951 769 2022 Ordinatio
804 1963 853 2022 est
880 1962 971 2023 actus
1001 1954 1151 2043 gratiose
1180 1949 1441 2043 jurisdictionis,

298 2054 355 2123 sed
368 2056 455 2147 quod
472 2058 625 2146 gratiosas
643 2058 881 2149 jurisdictionis
904 2069 965 2148 est,
991 2068 1095 2152 potest
1115 2082 1175 2152 pro
1191 2058 1287 2126 libitu
1309 2058 1444 2150 Episco-

297 2184 360 2253 pus
395 2162 570 2233 concedere
602 2166 654 2234 vel
692 2164 865 2256 denegare,
905 2190 1025 2257 ergo...
1055 2207 1100 2219 -
1127 2162 1322 2256 Respondeo
1361 2164 1445 2231 nihil

297 2377 476 2445 notionem.
495 2379 531 2445 ln
547 2402 646 2471 quem
658 2379 892 2449 dissensionem
908 2405 948 2449 ue
959 2381 1013 2449 hic
1025 2380 1263 2469 ingrediemur,
1275 2378 1442 2447 dicimus:

298 2484 325 2550 si
340 2485 481 2573 gratiosa
495 2483 677 2575 jurisdictio
689 2489 722 2555 in
738 2488 778 2556 iis
794 2497 983 2581 reponatur,
998 2511 1072 2579 quae
1086 2488 1264 2580 Episcopus
1276 2508 1336 2577 pro
1349 2486 1446 2553 libitu

300 2600 331 2659 et
351 2590 472 2682 absque
491 2615 587 2661 causa
605 2592 751 2683 legitima
771 2617 908 2663 renuere
929 2595 982 2663 vel
1004 2593 1178 2663 concedere
1199 2601 1315 2684 potest,
1342 2615 1446 2681 nega-

301 2720 374 2765 mus
389 2700 563 2789 majorcm,
589 2720 705 2793 nempe
725 2701 962 2770 ordinationem
984 2700 1024 2769 ud
1047 2701 1221 2790 gratiosam
1239 2700 1447 2790 jurisdictio-

300 2826 376 2872 nem
401 2806 572 2895 pertinere.
599 2804 647 2893 Si,
673 2817 709 2875 ut
736 2808 851 2877 volunt
874 2808 942 2894 alii,
971 2808 1005 2875 id
1030 2808 1265 2900 jurisdictionis
1291 2809 1446 2898 gratiosae

301 2914 471 3002 proprium
495 2914 547 3000 sit,
573 2924 609 2981 ut
624 2915 725 3005 possit
741 2916 920 3009 Episcopus
939 2915 1009 3007 ejus
1024 2926 1115 2985 actus
1138 2915 1448 3007 extra-judicialiter

302 3020 476 3109 explicare.
501 3020 662 3089 ordinatio
687 3022 820 3111 quidem
848 3030 880 3090 et
901 3022 1114 3092 ordinationis
1139 3022 1297 3092 recusatio
1322 3022 1365 3089 ad
1391 3022 1449 3112 ju-

303 3126 524 3195 risdictionem
550 3128 725 3217 gratiosam
751 3128 924 3219 pertinebit
931 3158 940 3215 ;
967 3130 1023 3198 sed
1045 3130 1081 3197 in
1106 3130 1167 3199 hoc
1186 3152 1284 3198 sensu
1308 3138 1449 3219 negetur

304 3236 423 3316 minor,
446 3258 576 3327 nempe,
602 3235 762 3328 quidquid
786 3236 937 3325 gratiosae
960 3236 1198 3328 jurisdictionis
1221 3245 1270 3305 est
1291 3259 1386 3327 posse
1406 3238 1449 3304 ab

305 3344 463 3435 Episcopo
478 3366 537 3434 pro
553 3343 648 3411 libitu
663 3342 795 3412 concedi
811 3354 843 3411 et
859 3345 985 3434 negari.
1005 3344 1101 3413 Unde
1119 3344 1254 3435 objectio
1270 3344 1341 3412 hmo
1357 3368 1450 3413 mero

306 3451 502 3542 sophismate
516 3458 581 3519 tote
597 3451 722 3518 nititur.

350 3614 515 3682 Lurrrsrro
534 3610 606 3681 Vr.
623 3650 668 3662 -
683 3615 830 3682 Potestas
850 3614 1040 3705 episcopalis
1059 3614 1188 3683 clericos
1206 3636 1248 3681 es
1266 3614 1452 3703 irrsmmata

305 3720 500 3789 conscientes
515 3718 740 3809 suspendendi,
756 3720 972 3811 probabiliter
986 3744 1053 3788 non
1068 3720 1255 3789 ostenditur
1268 3720 1316 3787 od
1330 3722 1452 3811 prion-

306 3832 426 3897 tionem
442 3825 587 3916 beneficii
595 3826 826 3916 nelfiuctuom
841 3828 996 3918 beneficii,
1010 3828 1067 3895 sed
1078 3839 1213 3895 tanetum
1226 3826 1274 3894 ad
1283 3827 1452 3916 priuatio-

305 3958 379 4005 nem
390 3932 488 4026 officii
503 3932 558 4000 cui
572 3932 758 4000 annectitur
769 3934 972 4024 benficium.
986 3935 1065 4001 -Ι,
1077 3934 1211 4003 Putavit
1224 3934 1398 4003 adnotator
1408 3936 1451 4004 ad

305 4040 495 4113 Ferrarium
524 4036 672 4106 nondum
700 4060 760 4106 sno
787 4048 930 4130 tempore
958 4041 1101 4109 decisum
1126 4040 1236 4129 inisse,
1267 4063 1311 4108 au
1342 4052 1454 4131 posset

307 4150 442 4217 clericus
469 4170 509 4213 ex
540 4145 715 4213 informata
743 4146 938 4214 conscientia
960 4147 1116 4239 suspendi
1143 4171 1163 4214 a
1187 4147 1363 4233 beneficio,
1392 4149 1452 4216 sed

306 4264 433 4329 tentum
458 4253 599 4321 decisum
626 4252 738 4345 fuisse,
757 4254 912 4346 suspendi
933 4276 1027 4343 posse
1048 4254 1089 4321 ab
1109 4254 1263 4322 exercitio
1280 4254 1451 4346 beneficii,
