3050 4984
305 446 368 513 256
676 468 851 515 amerinus
874 470 912 515 ne
934 469 1067 516 inerms.

304 609 404 679 supra
430 588 554 678 positus
578 612 724 659 censurae
751 600 823 681 post
850 591 1099 681 appellationem
1125 590 1319 659 fulminata.
1348 590 1433 679 (Vide

305 698 427 762 Forum
453 696 701 765 ecclesiasticum
728 698 899 781 Laurenii,
924 700 1032 765 13111.
1062 699 1122 782 28,
1150 697 1225 765 libri
1252 698 1431 780 21133331,

303 802 443 889 quaestio
460 806 559 889 1089,
577 826 610 871 n.
632 804 699 889 11.)

345 906 486 987 Quaene
510 913 556 975 6².
579 946 624 960 —
648 913 699 977 Aa
725 909 889 1000 appeltam·
904 912 1052 1000 possita
1068 909 1293 1000 publicatione
1310 932 1367 977 sea
1387 909 1433 977 ‹te-

301 1014 505 1082 nuntiatioae
519 1022 753 1084 censurarum?
766 1055 811 1068 -
828 1022 859 1084 1·
870 1016 1003 1085 Certum
1019 1027 1067 1085 331
1081 1039 1174 1107 posse
1186 1016 1330 1107 judicem
1346 1040 1369 1085 a
1380 1039 1433 1107 quo

301 1117 453 1188 devenire
473 1122 513 1188 31
534 1122 786 1213 publicationem
805 1147 863 1192 seu
881 1124 1159 1193 denuntiationem
1179 1125 1434 1193 excommunica·

302 1226 410 1313 tionis,
427 1229 578 1318 quamvis
594 1232 899 1299 excommunicatus
914 1255 934 1299 a
947 1232 1104 1299 sententia
1119 1240 1233 1299 contra
1248 1253 1283 1298 33
1297 1231 1364 1299 1313
1375 1232 1434 1322 jam

301 1334 522 1424 appellaverit.
541 1336 576 1402 ld
593 1338 726 1405 omnino
740 1346 866 1406 constat
878 1361 920 1406 ex
934 1338 1038 1427 capite
1056 1337 1248 1419 Pastoralis,
1271 1337 1312 1405 de
1325 1340 1435 1429 Appel-

300 1440 487 1509 latiom'bus.
506 1442 572 1509 Nec
592 1443 709 1511 inutile
729 1454 776 1511 est
798 1453 844 1529 ut,
869 1444 1077 1535 pronuntiata
1095 1445 1433 1528 excommunicatione,

300 1548 340 1613 31
376 1547 522 1636 ejusdem
559 1549 810 1638 publicationem
847 1550 1055 1629 deveniatur;
1084 1573 1161 1619 333
1198 1573 1256 1642 per
1284 1550 1435 1641 adjectam

299 1653 460 1744 ejusmodi
495 1655 749 1745 publicationem
787 1660 1087 1726 excommunicatus
1123 1658 1232 1726 evadit
1267 1657 1431 1737 vitandas,

297 1760 331 1826 id
355 1768 415 1846 est,
432 1769 584 1829 tenentur
606 1761 716 1831 fideles
738 1786 814 1831 eum
836 1764 1000 1844 devitare;
1022 1765 1080 1856 qui
1102 1764 1235 1832 effectus
1253 1763 1362 1833 locum
1376 1785 1434 1831 noo

296 1867 393 1935 habet
408 1868 538 1958 quando
555 1869 785 1960 pronuntiatur
800 1871 970 1939 dumtaxat
981 1871 1287 1958 excommunicatio,
1304 1894 1370 1940 333
1381 1894 1434 1939 33-

299 1982 367 2042 133
382 1974 576 2065 publicatur.

342 2084 375 2147 2⁰
390 2080 488 2149 Posse
502 2082 657 2173 appellari
670 2108 690 2151 a
704 2085 921 2174 publicatione
935 2106 1161 2171 censurarum,
1177 2096 1209 2152 et
1224 2107 1282 2176 per
1297 2085 1434 2178 appella-

298 2188 417 2255 tionem
433 2188 588 2279 suspendi
600 2191 748 2281 effectnm
760 2191 854 2260 133133
867 2191 1114 2283 publicationes,
1130 2201 1241 2259 133331
1255 2192 1435 2260 communi-

298 2304 346 2361 ter
365 2293 521 2363 doctores.
545 2296 644 2386 (Vide
662 2299 787 2365 Forum
808 2299 1056 2367 ecclesiasticum
1070 2298 1238 2383 Leurenii,
1260 2300 1297 2365 in
1317 2300 1367 2366 tit.
1384 2303 1433 2384 28,

183 2436 184 2441 1
293 2400 371 2468 libri
387 2405 406 2467 2
422 2401 565 2487 Decret,
584 2426 616 2493 q.
637 2404 747 2491 1090.)

340 2512 372 2572 3⁰
388 2508 458 2574 lmo
470 2507 626 2598 appellari
640 2518 744 2598 potest
758 2511 910 2599 afutura
927 2510 1143 2601 publicatione
1153 2532 1211 2579 seu
1225 2510 1433 2579 declaratione

294 2635 451 2681 censura.
471 2613 621 2700 Quando,
639 2616 732 2682 verbi
745 2618 862 2705 gratia,
878 2619 995 2684 citatur
1010 2618 1312 2686 excommunicatus
1331 2618 1373 2685 31
1388 2618 1435 2684 vi·

293 2719 437 2788 dandum
454 2722 610 2788 declarari
624 2722 731 2813 ipsum
746 2722 924 2791 incurrisse
938 2724 1320 2810 excommunicationem,
1337 2732 1435 2815 potest

294 2828 321 2893 is
336 2849 356 2894 a
372 2827 427 2894 1311
443 2828 640 2895 comminata
653 2828 873 2918 publicatione
888 2827 1062 2918 appellare.
1081 2827 1122 2895 Et
1141 2835 1313 2918 postquam
1328 2828 1434 2918 appel-

292 2934 384 3019 lavit,
398 2935 467 3024 jam
486 2936 597 3025 nequit
610 2934 713 3025 judex
729 2936 962 3003 ecclesiasticus
977 2936 1019 3003 ad
1033 2934 1287 3026 publicationem
1305 2956 1432 3003 excom-

294 3040 525 3109 municationis
540 3042 715 3127 devenire,
734 3042 786 3111 vel
803 3042 901 3109 sitiat
917 3051 994 3109 1333
1013 3041 1084 3109 haec
1099 3042 1289 3131 publicatio,
1304 3053 1353 3109 est
1367 3064 1434 3109 33-

294 3149 371 3215 3133
387 3149 491 3215 irrita.
511 3147 608 3237 (Vide
622 3149 834 3235 Leurenium,
851 3148 948 3215 citato
960 3147 1058 3237 laco.)

335 3256 478 3334 Quasrm
507 3260 550 3320 7⁶.
574 3292 618 3305 -
637 3259 686 3322 Art
710 3254 804 3323 detur
826 3255 1005 3346 appellatio
1030 3255 1073 3321 ob
1098 3255 1224 3323 actibus
1248 3256 1432 3346 superioris,

294 3363 351 3453 qni
373 3362 538 3451 pertinent
565 3361 611 3431 od
640 3363 860 3430 visitationem
890 3376 921 3430 et
951 3362 1181 3431 correctionem
1212 3368 1366 3430 morum?
1394 3400 1433 3411 -

292 3467 515 3549 Quaestionem
539 3469 623 3535 hanc
638 3468 829 3559 expendunt
848 3470 1037 3553 canonista,
1056 3482 1126 3536 tum
1142 3468 1249 3560 quoad
1269 3468 1433 3558 religiosos

292 3576 434 3662 ordines,
452 3585 521 3643 tum
534 3576 641 3665 quoad
653 3576 826 3644 seculares
839 3577 1046 3667 superiorum
1058 3576 1350 3644 ecclesiasticorum
1359 3577 1435 3644 sub-

292 3684 387 3751 ditos.
401 3682 468 3751 Nos
479 3705 570 3767 vero,
582 3706 619 3750 ea
628 3706 702 3773 qriae
713 3684 880 3771 regulares
889 3684 1079 3775 respiciunt,
1093 3706 1271 3775 eorumque
1283 3705 1341 3774 per
1352 3706 1434 3775 prae-

291 3792 372 3859 latos
388 3812 464 3857 suos
479 3789 694 3857 visitationem
712 3798 743 3856 et
755 3791 998 3877 correctionem,
1013 3790 1054 3857 31
1069 3799 1239 3858 tractatum
1249 3790 1289 3858 de
1301 3791 1434 3859 0311ιί-

294 3898 350 3965 bns
363 3896 520 3985 sclipiosis
536 3896 746 3983 remittentes,
757 3895 812 3985 jus
823 3896 1057 3987 appellandiab
1068 3898 1192 3966 actibus
1204 3897 1240 3964 ia
1251 3898 1434 3966 visitatione
1492 3877 1493 3948 i

292 4005 345 4072 vel
353 4027 415 4094 pro
432 4024 564 4070 morum
576 4003 773 4069 correctione
787 4004 897 4091 gestis,
913 4004 1135 4094 expendemus
1147 4006 1317 4074 dumtaxat
1328 4005 1432 4097 quoad

293 4112 482 4178 saecularem
501 4110 638 4194 clerum,
655 4110 800 4200 aliosque
815 4111 987 4179 seculares
1001 4110 1252 4179 Ordinariorum
1271 4113 1429 4181 subditos.

294 4222 373 4299 Quae
394 4240 445 4286 res
467 4227 502 4284 31
522 4215 639 4284 331133
659 4217 861 4303 enucleetur,
884 4218 1121 4307 premittemus
1138 4218 1223 4309 juris
1246 4228 1355 4289 textus
1376 4221 1431 4313 qni
