3050 4984
559 480 634 528 rans
657 479 803 528 securius.
1208 465 1244 528 61

113 628 130 664 c
151 601 296 693 suspicio
312 601 449 694 alicujus
463 602 622 672 criminis.
640 604 709 672 Hac
725 610 864 672 utuntur
877 601 1007 671 Praelati
1022 610 1054 671 et
1069 604 1251 694 superiores

114 707 188 776 cin
210 709 393 779 visitatione
416 710 593 802 provincias
620 719 651 780 et
677 711 824 780 locorum
847 709 1081 800 subjectorum.
1103 709 1252 780 Secunda

114 837 131 876 c
152 819 201 880 est
214 813 348 882 amnuo
362 814 520 906 madalis,
535 837 600 907 qua
614 813 654 883 de
667 823 754 883 certa
767 837 907 906 persona
917 825 949 884 et
959 814 999 884 de
1014 825 1101 885 certo
1115 815 1252 885 crimine

115 920 331 1010 «quaeritun
359 922 451 991 verbi
480 923 597 1012 gratia,
623 945 665 990 an
690 921 807 990 Petrus
832 922 1033 990 commiserit
1056 922 1249 1009 simoniam,

116 1055 131 1092 c
153 1027 293 1114 lurtum,
309 1037 369 1097 etc.
387 1028 496 1098 Tertia
511 1038 559 1098 est
575 1029 694 1110 mista,
712 1028 844 1121 quando
859 1029 912 1098 vel
933 1029 1041 1097 solum
1059 1029 1182 1099 crimen
1203 1037 1252 1097 est

116 1161 132 1198 a
153 1134 303 1224 speciale,
318 1135 372 1203 vel
385 1135 452 1204 sola
468 1159 605 1228 persona
617 1164 625 1204 :
636 1144 685 1222 ut,
701 1135 776 1227 quis
791 1135 901 1205 iecerit
914 1135 1002 1204 istud
1016 1134 1247 1206 homicidium:

116 1267 132 1304 a
153 1263 197 1308 an
211 1241 329 1310 Petrus
344 1251 450 1310 servet
471 1250 590 1312 statuta
606 1242 657 1310 vel
681 1240 902 1310 ordinationes
924 1242 1140 1335 synodales.»
1160 1243 1251 1334 (Les-

113 1347 191 1434 sius,
206 1347 246 1415 de
260 1351 342 1416 lure
364 1360 394 1416 et
409 1349 555 1431 lustitia,
573 1349 658 1418 libro
685 1353 718 1435 2,
733 1371 805 1440 cap.
823 1353 879 1436 29,
894 1372 929 1417 n.
951 1349 1039 1438 107.)
1060 1349 1121 1418 llis
1142 1356 1251 1418 autem

113 1454 215 1522 tribus
235 1455 454 1548 inquisitionis
474 1456 640 1548 speciebus
660 1456 814 1526 convenit
836 1456 932 1525 modo
948 1455 1067 1524 tradita
1082 1454 1251 1535 definitio;

113 1561 137 1628 si
152 1560 286 1652 quidem
301 1562 336 1629 in
353 1585 561 1655 unaquaque,
575 1562 679 1653 judex
694 1564 762 1654 egit
777 1562 818 1631 ad
834 1561 1064 1653 detegendum,
1080 1585 1121 1630 an
1142 1563 1252 1654 aliqua

113 1691 249 1758 persona
261 1669 400 1761 alicujus
415 1669 523 1738 delicti
537 1677 650 1738 auctor
664 1670 717 1739 sit.

153 1773 315 1857 Qualibet
328 1798 405 1845 vero
424 1775 587 1844 extribus
611 1775 760 1844 indicatis
785 1774 975 1868 inquirendi
989 1775 1116 1864 formis,
1133 1776 1252 1844 iterum

113 1882 269 1972 distingui
294 1891 397 1974 potest
412 1883 446 1953 in
468 1891 638 1976 paternam
653 1897 685 1952 ct
696 1882 884 1974 judicialem
899 1910 908 1949 ε
922 1895 1065 1975 poterim
1084 1882 1126 1951 ad
1146 1881 1253 1952 delin-

113 1989 282 2080 quentium
303 1989 561 2058 emendationem
588 1990 785 2076 instituitur;
808 1989 981 2080 judicialis
1001 1998 1110 2058 antem
1129 1987 1170 2057 ad
1189 2013 1253 2082 pu-

112 2095 228 2164 blicam
244 2095 351 2164 delicti
365 2095 554 2183 vindiotam‚
572 2105 604 2166 et
621 2097 656 2164 in
679 2095 867 2187 exemplum
883 2097 1009 2164 cremus
1030 2096 1247 2188 profuturam.

111 2203 192 2285 Qua
216 2226 333 2272 norma
360 2204 395 2273 in
421 2205 560 2295 singulis
587 2201 745 2296 ejusmodi
778 2202 967 2296 inquirendi
994 2202 1099 2271 modis
1126 2205 1250 2272 servari

112 2307 237 2398 debeat,
257 2333 347 2380 nunc
367 2313 456 2380 venit
477 2310 740 2402 expendendum.
768 2309 834 2379 Sed
858 2333 933 2378 cum
959 2308 1030 2377 baec
1057 2309 1252 2400 procedendi

112 2439 227 2484 norma
244 2417 409 2509 praecipue
426 2417 564 2510 pendeat
583 2439 602 2485 a
618 2415 853 2485 fundamentali
869 2414 1060 2506 quaestione,
1078 2437 1124 2483 cn
1138 2429 1252 2484 contra

18 2611 19 2622 ,
112 2545 310 2615 quenquam
323 2524 444 2615 absque
457 2523 661 2616 precedente
675 2523 818 2614 iufamia
827 2522 934 2613 possit
948 2521 1152 2614 inperatorio
1165 2545 1251 2614 pro.

112 2627 191 2710 cedi,
208 2629 282 2697 ideo
296 2631 511 2722 quaestionem
531 2629 615 2699 hunc
629 2629 664 2697 in
679 2638 881 2697 antecessum
897 2626 1010 2697 scdulo
1025 2628 1251 2698 excutiendam

113 2734 279 2804 duximus.

640 2977 727 3072 511.

18 3231 19 3234 ,
115 3177 323 3230 Fundamentsiis
343 3177 460 3244 questio,
477 3180 565 3228 utrum
587 3177 683 3242 sbsqns
705 3175 802 3241 pravis
822 3176 928 3228 intumis
949 3177 1030 3242 possit
1049 3177 1078 3228 in
1098 3162 1253 3244 memqusm

18 3857 21 3932 l

18 4139 20 4230 t

18 4457 22 4712 i

18 4749 20 4870 t

532 3266 696 3331 inquisitoris
718 3265 836 3331 procedi.

158 3493 329 3586 Multiplex
349 3515 443 3562 casus
463 3490 715 3581 distinguendus
734 3499 783 3559 est
799 3517 807 3558 ι
825 3511 914 3577 nam,
929 3491 982 3560 vel
1002 3490 1112 3581 agitur
1132 3491 1173 3560 de
1197 3493 1253 3561 in-

18 3611 20 3672 l
117 3602 287 3693 quisitione
311 3600 468 3691 generali,
493 3599 545 3667 vel
569 3597 609 3666 de
638 3599 753 3686 mixtu,
781 3597 834 3666 vel
857 3596 897 3666 de
923 3598 1055 3689 speciali
1085 3625 1092 3666 ε
1119 3599 1251 3686 iterum,

18 3743 20 3798 3
119 3711 165 3776 vei
179 3708 283 3800 judex
306 3705 536 3776 ecclesiasticus
560 3705 707 3796 procedit
726 3727 768 3773 ex
782 3726 872 3772 mero
889 3705 997 3796 officio
1014 3706 1081 3794 (seu
1096 3706 1188 3774 nullo
1203 3707 1254 3773 in·

18 3801 20 3820 '
117 3817 244 3904 stante),
275 3813 328 3884 vel
353 3814 395 3881 ad
426 3813 613 3881 instantiam
642 3811 838 3902 promotoris
866 3810 1100 3899 denuntiantis,
1133 3812 1185 3880 vel
1214 3809 1255 3878 ad

117 3922 302 3990 instantiam
329 3919 562 3988 denuntiatoris
591 3917 742 4009 privati:
769 3918 887 3985 iterum
913 3917 1067 4010 quaelibet
1099 3940 1141 3986 ex
1168 3940 1256 4008 prae-

118 4029 304 4097 cedentibus
344 4025 625 4119 inquisitionibus,
656 4024 707 4092 vel
743 4023 907 4114 judicialis
942 4033 1007 4112 est,
1038 4025 1090 4092 vel
1125 4034 1259 4116 paterne

118 4133 299 4204 dumtaxat.
326 4134 471 4204 Relative
495 4132 538 4202 ad
565 4133 624 4202 hos
648 4153 760 4200 omncs
782 4153 878 4200 casus
906 4131 1098 4202 resolvenda
1119 4133 1259 4222 quaestio

118 4251 175 4312 est.
