3050 4984
318 461 378 528 sot
689 475 867 524 cnicsnos
889 477 929 522 os
950 475 1085 523 muccis.

315 601 456 679 duceret,
468 598 585 683 quibus
605 599 764 664 intentum
781 597 949 682 probaret,
963 605 1001 661 nt
1019 593 1174 661 intibeito
1193 611 1228 659 sc
1247 592 1457 674 musticoni

313 710 464 774 dominns
483 708 524 778 N.
536 708 748 790 presentavit
767 706 818 771 iiii
833 707 963 790 copiam
985 707 1151 769 sententis
1176 703 1250 768 tatas
1268 701 1337 780 dic,
1351 710 1457 778 etc.‚o

307 814 514 897 judeccae,
529 823 641 880 contra
653 815 779 879 dictam
790 812 1013 878 dominnmN.
1025 810 1323 893 accusatoremne!
1336 813 1456 889 testem)

312 923 497 1008 repntsnm;
509 941 550 988 ec
563 941 630 1006 qua
644 929 783 1006 apparet
796 922 905 1004 ipsum
918 920 1171 985 condemnatam
1182 919 1285 999 fsssssc
1300 927 1457 1000 tanqmm

306 1007 589 1112 perjurumque
609 1030 725 1112 incipit
789 1036 821 1092 et
844 1027 1014 1093 desinit
1030 1027 1149 1109 :(sive)
1163 1026 1251 1090 deicit
1266 1023 1372 1088 talem
1391 1042 1457 1087 sen·

309 1139 446 1220 tentiam
455 1137 619 1202 assemani
632 1138 667 1201 in
678 1135 851 1200 taoamriis
862 1134 1066 1200 cancellarios
1076 1133 1280 1217 episcopatis,
1295 1140 1331 1194 et
1344 1132 1458 1196 instit

308 1245 373 1326 sibi
388 1246 518 1328 copiam
528 1245 613 1324 fieri,
628 1251 666 1306 ut
675 1241 788 1326 judici
798 1241 979 1306 ostenderet
992 1263 1003 1302 :
1015 1241 1108 1324 (sive)
1123 1239 1346 1304 dicitdictnm
1361 1239 1460 1302 doni

307 1371 390 1418 nnm
404 1353 461 1431 N.‚
477 1352 561 1416 otios
569 1350 673 1432 fnisse
686 1351 728 1418 ab
744 1349 960 1434 eorepntsam
972 1356 1134 1432 tanquam
1148 1349 1333 1426 inimicum,
1348 1356 1385 1411 et
1396 1357 1458 1412 tan

306 1478 411 1547 qaam
425 1459 523 1524 tatem
533 1468 607 1542 post
620 1458 784 1540 tepitimcs
794 1457 1002 1543 probationes
1013 1457 1117 1537 peine
1128 1455 1296 1540 repntsnm
1311 1474 1335 1519 a
1346 1456 1456 1538 judice

309 1568 342 1630 N
344 1615 365 1648 .,
381 1569 416 1632 in
435 1585 587 1650 processu
598 1565 687 1647 sacto
701 1583 788 1629 anno
808 1612 856 1645 ...,
868 1584 966 1649 snper
985 1563 1101 1629 delicto
1118 1611 1166 1642 ...,
1181 1573 1220 1627 nt
1231 1572 1279 1627 est
1290 1565 1456 1627 notoriam

309 1684 341 1763 ct
356 1675 549 1758 pubiicum:
565 1673 657 1756 (sive)
671 1674 855 1755 assipnaoit
876 1674 912 1736 in
932 1680 1024 1737 testes
1045 1672 1195 1735 dominos
1217 1671 1258 1738 Ν.
1282 1679 1316 1734 et
1338 1672 1399 1749 N.,
1416 1670 1458 1733 ai

306 1782 514 1866 probandam
537 1781 746 1845 inimicitiam
768 1781 852 1844 inter
875 1779 998 1844 dictitm
1022 1777 1194 1842 dominnm
1213 1777 1255 1842 N.
1271 1787 1304 1842 et
1323 1797 1360 1842 se
1378 1779 1455 1842 esci-

308 1890 462 1974 picntem.
479 1888 562 1954 Acta
575 1896 652 1953 sant
664 1886 731 1952 isc
746 1886 799 1951 die
865 1887 985 1950 mensis
1052 1903 1176 1950 asmo...
1187 1884 1312 1968 -Epo
1325 1885 1386 1965 N.,
1408 1883 1454 1952 ts·-

309 1998 418 2061 carius
432 1995 603 2079 poneretis.
620 2029 659 2042 —
673 1994 748 2076 Epo
763 1993 819 2073 N.,
835 1995 1017 2059 actuarias.
1033 2015 1049 2053 o

841 2263 918 2354 en·
1011 2223 1015 2228 ’

372 2437 466 2488 Forms
478 2433 635 2487 terminandi
648 2447 786 2500 processus
798 2433 930 2499 exceptivi
941 2437 1034 2484 contre
1045 2437 1224 2484 accusatorem
1236 2434 1279 2484 vet
1292 2437 1399 2486 testem.

354 2644 530 2736 Postquam
547 2641 651 2734 judex
673 2663 733 2734 pro
752 2664 812 2712 sus
828 2640 1004 2734 prudentis
1022 2639 1231 2734 perpenderit
1249 2641 1455 2734 probationes

309 2753 351 2822 ab
375 2752 555 2844 excipiente
579 2749 770 2843 productos,
792 2749 821 2816 si
844 2771 977 2817 causam
1001 2749 1200 2840 exceptionis
1220 2748 1407 2839 legitimam
1428 2759 1455 2817 et

309 2859 507 2930 sufficienter
522 2859 691 2951 probatam
706 2857 858 2951 reperiat,
876 2857 1026 2926 decernet
1039 2856 1253 2947 rejiciendum
1270 2879 1344 2926 csse
1360 2881 1455 2926 accu-

310 2975 449 3036 satorem
464 2965 518 3034 vel
532 2973 658 3052 testem,
675 2979 789 3033 contro
807 2985 908 3055 quem
932 2963 995 3031 fuit
1015 2962 1162 3054 exceptio
1185 2965 1367 3055 proposito„
1396 2965 1455 3032 Pro

310 3095 377 3165 quo
393 3071 584 3163 exequendo
596 3072 673 3140 satis
688 3071 750 3140 erit
761 3071 860 3140 scribi
874 3071 910 3139 in
927 3071 1007 3139 actis
1022 3068 1057 3138 in
1069 3070 1157 3139 hunc
1171 3069 1311 3139 modum
1328 3098 1337 3138 ι

354 3250 370 3283 «
385 3222 509 3305 Qnt'bus
523 3222 641 3288 habitis
656 3231 688 3287 et
697 3223 877 3307 perpensis,
887 3223 1056 3306 judicavit
1069 3222 1264 3288 reverendas
1284 3223 1343 3303 N..
1368 3223 1454 3289 Vica-

312 3333 382 3397 n'us
402 3330 574 3414 pancratis,
589 3349 705 3395 causas
720 3331 917 3414 ecceptionis
932 3351 954 3395 a
968 3331 1100 3396 domino
1119 3331 1161 3400 N.
1184 3349 1252 3409 reo,
1269 3339 1391 3395 contra
1408 3330 1455 3394 do·

311 3439 441 3506 minum
465 3438 509 3506 N.
533 3446 753 3504 acaesatorcm
781 3456 878 3502 snam
901 3439 966 3520 (vel
992 3447 1105 3503 canoa
1126 3439 1274 3503 dominos
1294 3438 1340 3502 N.
1363 3447 1398 3502 et
1417 3438 1454 3503 N.

314 3547 427 3630 testes),
448 3565 514 3611 esse
537 3544 699 3629 lepitimas
719 3553 750 3610 ct
768 3545 962 3629 sufficienter
984 3547 1162 3631 probatas:
1178 3553 1384 3631 quapropter
1406 3545 1454 3610 ae·

312 3656 422 3736 mevit,
444 3663 545 3738 prout
568 3655 724 3738 presente·
751 3655 876 3719 decreto
905 3655 1057 3735 deconit,
1083 3654 1261 3740 pressatum
1284 3654 1454 3719 dominam

313 3742 346 3828 N
348 3812 355 3827 .
376 3770 608 3842 accusatorem,
626 3763 667 3827 ab
688 3762 872 3828 accusando
890 3780 957 3828 csse
977 3763 1198 3845 repellendum
1218 3762 1280 3842 (vel
1300 3765 1454 3846 praefatos

314 3875 356 3944 N.
374 3882 404 3938 et
422 3870 465 3940 N.
482 3874 517 3937 in
536 3879 627 3935 testes
643 3889 709 3934 non
729 3889 795 3936 csse
816 3870 1056 3954 admittendos).
1073 3871 1156 3937 Acta
1172 3879 1250 3935 sunt
1270 3870 1340 3936 noc
1355 3871 1409 3936 die

313 3982 434 4047 mensis
512 3995 636 4044 anno...
659 3977 790 4062 -Epo
810 3979 866 4058 N„
895 3977 1042 4045 Vicarius
1060 3977 1231 4061 pecoralis.
1246 4013 1286 4025 -
1305 3978 1382 4061 Epo
1403 3977 1450 4052 N..

313 4090 493 4154 actuarius.
510 4113 538 4152 n,

358 4243 395 4312 Si
408 4264 427 4310 e
442 4248 554 4310 contos
568 4240 732 4312 existimet
742 4238 846 4332 judex
859 4263 972 4311 cousss
989 4240 1193 4333 exceptionis
1209 4262 1278 4310 non
1288 4263 1360 4310 esse
1374 4237 1448 4329 legi-
