3050 4984
552 516 626 561 ress
653 516 798 563 secorius.
1179 499 1244 564 tot

106 649 177 703 tam
191 636 377 705 dominibus
391 638 522 746 (tumori
540 638 674 705 Bufferii
691 637 754 723 sui,
770 661 803 705 n.
824 642 878 722 tr,
896 658 970 729 pag.
991 642 1067 724 393,
1081 636 1158 707 edit.
1174 640 1238 709 Ro·

107 766 170 811 ruse
188 748 271 812 1749
292 796 299 811 .

152 745 336 941 Praeoipiuas
351 852 411 919 heo
439 848 478 919 de
503 872 539 919 re
567 850 794 941 dispositiones
808 850 1028 920 describemus
1047 853 1108 921 sub
1122 852 1243 945 duplici

105 958 326 1049 paragraph03
345 966 440 1049 prout
456 980 573 1047 nempe
599 957 788 1027 reclamatio
813 969 925 1027 contre
951 958 1094 1027 valorem
1118 960 1243 1049 profes-

104 1062 206 1131 sionis
219 1064 306 1132 intra
320 1065 580 1154 quinquennium
596 1066 801 1155 proponitur,
817 1064 868 1132 rel
885 1075 956 1156 post
980 1066 1125 1156 elapsum
1144 1069 1243 1157 quin-

105 1171 287 1261 quennium
302 1193 323 1237 s
336 1170 388 1239 die
403 1171 531 1239 emisse
547 1170 770 1261 professionis.

636 1448 694 1539 §1

104 1620 199 1671 Normu
213 1620 371 1685 procedendi
383 1621 410 1669 in
424 1616 639 1669 cuusisnullitutis
652 1616 821 1681 professionis
831 1617 970 1681 religiosos,
981 1619 1085 1682 quondo
1093 1618 1162 1669 intre
1167 1620 1243 1683 quin-

359 1700 504 1765 quennium
520 1702 611 1749 contre
625 1696 815 1763 professionem
829 1699 996 1749 reclametur.

151 1916 175 1987 t.
193 1916 325 1997 Quoties
339 1917 458 2007 uliquis
471 1915 644 2005 religiosus
658 1913 745 1982 intro
767 1914 1030 2005 quinquennium
1046 1938 1066 1982 s
1090 1915 1141 1982 die
1166 1939 1244 2007 pro·

103 2023 252 2091 fessionis
265 2046 334 2091 sum
361 2022 533 2113 praeteudit
545 2020 691 2112 ejusdem
706 2020 918 2109 professionis
935 2020 1128 2104 nuditatem,
1143 2044 1242 2113 ¹censo

96 2127 276 2217 judicanda
288 2138 337 2197 est
351 2128 545 2218 osuperiore
557 2148 615 2195 suo
628 2138 656 2194 et
675 2125 865 2195 Ordinarr‘o.
881 2126 1015 2195 Constet
1026 2150 1068 2194 ex
1080 2127 1184 2218 capite
1201 2132 1240 2195 to

103 2234 256 2303 sessionis
271 2238 313 2301 25
329 2234 531 2303 Tridentium
547 2232 676 2322 synodi,
699 2232 821 2323 inquo
846 2232 893 2299 sic
918 2232 1101 2301 decernitur
1123 2260 1131 2300 ι
1161 2235 1253 2316 (ΜΖ,

101 2362 242 2431 cumque
256 2342 417 2432 repuleris
428 2339 615 2433 protendor
641 2360 746 2429 seper
771 2338 839 2405 vim
865 2351 898 2406 et
923 2352 1047 2407 metum
1062 2340 1243 2431 inpressum

104 2468 168 2515 esse
180 2447 383 2537 redipioriem,
394 2448 567 2515 autetiam
581 2444 670 2513 dicat
681 2455 896 2514 onteaetotem
906 2444 1051 2513 deditam
1058 2448 1243 2538 professum

99 2554 210 2645 fidisse,
229 2567 291 2621 out
306 2554 388 2645 quid
399 2554 516 2633 simile,
541 2553 681 2643 velitque
694 2552 846 2620 debitum
859 2551 1025 2620 dimittere
1036 2576 1258 2648 quacumque·

103 2660 267 2743 derauso,
287 2673 347 2729 aot
361 2660 462 2728 etiam
476 2682 551 2728 eum
562 2660 679 2729 dedito
695 2658 855 2727 discedere
868 2660 938 2726 sine
953 2659 1083 2728 licentio
1095 2664 1242 2752 superio-

103 2790 199 2849 rum;
223 2789 289 2835 nort
315 2766 487 2849 audietur,
504 2766 567 2834 m'si
591 2767 682 2835 intro
705 2766 964 2857 quinquennium
985 2778 1118 2834 tontum
1142 2792 1164 2836 a
1191 2770 1244 2837 die

95 2875 304 2965 professionis
310 2899 323 2955 ;
351 2887 382 2941 et
406 2886 484 2941 tirno
499 2896 564 2941 noo
579 2872 687 2952 aliter,
708 2872 774 2941 nisi
787 2894 902 2940 cousus
932 2896 1014 2963 quos
1030 2875 1242 2963 protenderit

103 2980 273 3049 deduxerit
281 3002 392 3049 coram
407 2980 572 3071 superiore
582 3001 640 3047 suo
653 2992 684 3046 et
698 2976 887 3047 Ordioorio.

147 3088 187 3155 Η.
209 3087 350 3156 Praefuts
365 3087 534 3178 dispositio
548 3084 758 3175 intelligendo
771 3098 821 3155 est
839 3088 938 3155 etiam
951 3088 1057 3177 quood
1073 3090 1240 3179 religiosos

101 3195 314 3264 freminarum
328 3194 469 3263 ordines.
487 3194 535 3261 fta
549 3214 701 3282 expresse
725 3192 868 3261 declaret
888 3193 1082 3263 Benedictus
1104 3196 1183 3267 XfV
1204 3199 1239 3267 in

101 3302 199 3371 cituts
211 3300 302 3369 bullo
316 3302 358 3369 Si
369 3300 497 3369 dotem.

146 3408 199 3476 111.
228 3410 309 3475 item
326 3404 533 3497 intelligendo
558 3414 618 3491 est,
636 3429 703 3475 non
725 3415 853 3474 tontum
870 3408 905 3474 in
930 3430 1006 3477 cusu
1022 3432 1087 3500 quo
1105 3412 1237 3503 religio·
1271 3444 1274 3449 ⁴

100 3539 157 3585 sus
172 3516 224 3583 vel
247 3515 399 3604 religiose
423 3514 606 3581 nullitatem
632 3514 818 3604 pretendit,
836 3513 891 3581 sed
916 3518 1014 3583 etiem
1040 3520 1172 3609 quondo
1198 3522 1239 3589 ab

99 3626 171 3713 ipso
195 3622 310 3690 ordine
337 3621 488 3709 religioso
514 3620 721 3687 contenditur
750 3619 875 3687 nullom
897 3621 998 3689 fuisse
1021 3622 1159 3715 alicujus
1184 3628 1237 3694 sui

96 3729 236 3799 membri
262 3726 504 3817 professionem.
533 3727 594 3817 (ltu
618 3748 771 3817 expresse
796 3728 832 3793 in
853 3726 939 3795 dicto
965 3729 1130 3799 Benedicti
1157 3731 1238 3802 xlv

97 3836 213 3926 bulla.)

142 3943 201 4013 IV.
218 3942 486 4034 Quinquenuium
510 3942 750 4011 numerandum
775 3950 824 4011 est
848 3965 869 4010 c
894 3942 947 4010 die
964 3943 1093 4010 emisse
1109 3946 1238 4033 profes-

94 4052 209 4136 sionis,
226 4049 352 4118 etismsi
369 4049 626 4139 praetenderetur
641 4058 764 4117 metum
781 4049 916 4118 durasse
929 4049 1017 4117 uftrs
1041 4049 1123 4117 illud
1137 4053 1237 4141 qnin-

92 4158 292 4250 queunium,
310 4166 341 4223 et
366 4156 508 4223 defuisse
532 4156 712 4224 libertatem
739 4148 836 4223 intru¹
852 4156 1114 4247 quinquennium
1134 4160 1239 4231 recle·

93 4264 223 4335 mandi.
241 4264 357 4354 (Citste
372 4262 486 4353 buflo.)
