3050 4984
549 496 625 542 raas
646 495 794 543 suranna,
1176 477 1238 542 525

96 624 131 680 at
153 617 315 699 incipit
340 624 372 681 et
393 615 511 682 desinit
585 625 617 681 et
638 617 727 698 infra
753 617 915 700 descripta
940 615 1087 696 habetur,
1109 619 1239 702 siqnata

96 743 272 788 numero...
287 725 372 790 Acta
384 733 460 789 sant
477 725 546 789 hac
559 725 594 788 in
612 723 809 789 cancellaria
826 725 1003 807 episcopati
1021 725 1073 789 die
1150 743 1240 790 men-

96 831 144 894 sis
210 849 334 895 mmo...
349 867 391 879 -
402 832 476 914 Epo
497 831 553 910 N,
568 831 758 915 episcopalis
772 833 871 896 carisa
889 833 1037 909 nuntias,
1059 831 1185 913 affirmo
1206 841 1242 898 ut

97 955 213 1020 supra.
227 973 268 986 -
279 939 354 1022 Epo
366 940 422 1016 N,
439 940 619 1003 armarius.
636 961 651 998 s

144 1076 245 1144 Nota.
263 1073 399 1143 Necesse
412 1096 478 1141 non
493 1082 541 1141 eat
558 1072 684 1163 dejure
709 1073 877 1142 communi
891 1081 928 1140 ut
942 1073 1076 1142 nuntius
1090 1073 1240 1165 publicus

97 1187 197 1247 testes
209 1179 359 1249 adhibeat
374 1180 409 1248 in
422 1179 585 1272 ejusmodi
599 1179 804 1248 intimatione
819 1176 976 1265 iacienda,
993 1179 1071 1272 quia
1084 1179 1145 1247 soli
1155 1201 1242 1249 nun·

97 1287 146 1354 tio
161 1286 291 1378 publico
306 1288 342 1354 in
355 1287 417 1356 boc
430 1285 586 1373 creditur,
602 1285 645 1355 ob
659 1307 780 1354 munus
795 1285 965 1376 publicum
988 1285 1076 1378 quod
1090 1286 1185 1376 gerit.
1204 1287 1243 1354 ln

99 1392 214 1461 multia
227 1403 335 1462 tamen
360 1394 453 1480 locis,
478 1416 521 1462 ex
546 1393 632 1484 stylo
647 1392 835 1484 particulari
864 1393 1043 1482 curiarum,
1064 1393 1244 1462 formalitas

98 1501 174 1568 baec
186 1500 228 1568 ad
243 1501 387 1570 valorem
403 1509 535 1571 actuum
551 1501 741 1592 mquiritur.

147 1661 188 1729 11.
210 1659 419 1729 Observanda
432 1661 611 1729 sinantias
618 1660 775 1751 publicas
799 1683 864 1730 non
883 1661 1031 1752 potuerit
1056 1661 1245 1730 citationem

99 1768 326 1858 personaliter,
336 1779 439 1860 proto
452 1753 550 1836 habat
563 1767 600 1835 in
613 1766 771 1835 mandata
799 1767 926 1860 exequi.
942 1807 987 1820 -
1006 1768 1098 1837 Tunc
1117 1768 1245 1838 debebit

100 1875 240 1944 nuntius
254 1872 404 1965 publicus
418 1875 563 1943 actuario
577 1873 700 1942 referre
714 1873 777 1942 sibi
792 1897 857 1943 non
869 1875 1012 1966 patuisse
1026 1897 1191 1945 accessum
1205 1874 1245 1944 ad

100 1987 228 2068 testem,
246 1988 278 2049 et
294 1980 368 2049 ideo
392 1981 577 2050 citationem
602 2003 668 2049 non
683 1981 827 2073 potuisse
850 1981 1063 2072 personaliter
1086 1983 1241 2051 intimari.

100 2088 176 2169 Quo
189 2087 362 2173 declarato,
384 2088 415 2155 ei
429 2086 524 2156 detur
538 2088 620 2155 alter
634 2087 796 2156 citationis
811 2087 954 2174 libellus,
971 2088 1004 2155 in
1031 2110 1097 2181 quo
1110 2089 1245 2158 mande-

101 2202 159 2263 tur
174 2193 245 2262 fieri
258 2195 443 2264 citationem
460 2193 551 2263 domi
563 2194 668 2263 solita
678 2193 903 2262 habitationis.
920 2197 1027 2286 Atque
1037 2194 1108 2263 baec
1118 2197 1151 2263 in
1167 2200 1246 2266 actis

102 2301 288 2370 referantur
302 2301 362 2370 hac
378 2301 430 2369 vel
443 2301 543 2380 simili
557 2301 699 2370 formula
718 2328 726 2366 ι

146 2443 231 2510 Cam
249 2443 389 2508 ioannes
406 2444 448 2512 Ν.
464 2443 654 2527 episcopalis
668 2444 769 2508 caria
782 2444 916 2506 nuntias
927 2442 1119 2526 publicas...
1137 2445 1180 2526 (at
1192 2465 1244 2511 re·

103 2552 193 2632 lique
213 2557 249 2616 ut
271 2551 462 2634 precedenti
484 2550 624 2614 formula
649 2568 753 2632 osque
776 2549 816 2613 ad
840 2567 950 2614 vocam
972 2550 1109 2632 retulit),
1137 2552 1247 2616 retulit

99 2659 229 2740 fnestra
242 2677 264 2720 a
277 2677 310 2722 se
330 2659 473 2741 repetitis
492 2658 616 2722 vicibus
635 2659 809 2740 quasinim
821 2656 922 2737 saissa
933 2657 1127 2741 pradictum
1140 2659 1245 2724 domi-

103 2784 186 2828 nam
204 2767 260 2844 N,
281 2767 439 2830 undenae
453 2767 595 2849 potuisse
609 2767 641 2828 ei
657 2765 843 2828 citationem
858 2764 1072 2846 personaliter
1086 2767 1244 2831 intimari.

104 2874 155 2938 De
167 2892 231 2956 quo
251 2874 368 2937 certior
379 2873 487 2953 saetas
500 2871 695 2935 reverendas
710 2871 745 2938 N
746 2917 766 2948 .,
791 2869 936 2934 Vicorins
950 2871 1120 2952 personatis,
1142 2873 1247 2938 cidem

103 2983 219 3043 nanno
238 2979 378 3043 aiteram
395 2980 558 3042 citationis
578 2978 722 3042 libatiam
744 2978 958 3059 concionavit,
980 2980 1013 3042 in
1029 2998 1093 3062 qao
1112 2983 1249 3046 manda-

105 3097 161 3151 tur
182 3089 280 3150 citari
298 3087 421 3150 dictam
440 3094 550 3149 testem
568 3085 660 3149 domi
676 3084 779 3149 salita
800 3085 900 3168 ipsias
919 3085 1140 3152 habitationis.
1164 3091 1247 3154 Acta

104 3203 183 3257 sunt
199 3194 266 3258 hac
285 3195 319 3256 in
339 3193 534 3258 caracellaria
547 3191 731 3275 episcopati,
751 3192 804 3255 die
878 3193 996 3255 mensis
1066 3199 1183 3260 anni...
1206 3199 1246 3262 In

101 3302 204 3382 fidem
223 3320 281 3384 eqo
298 3302 355 3380 N,
369 3302 549 3364 actuarias.
567 3323 582 3358 a

152 3445 196 3514 Ut
210 3454 320 3514 autem
332 3445 452 3538 vitetur
465 3443 650 3512 istiusmodi
665 3439 908 3512 incommodum
924 3445 1135 3535 expediendae
1151 3471 1245 3518 nove

106 3552 282 3638 citationis,
306 3553 407 3620 satius
430 3552 493 3620 crit
515 3552 549 3617 in
565 3551 675 3642 prima
698 3549 849 3618 citatione
869 3552 984 3620 nuntio
1009 3551 1191 3644 injungere,
1210 3567 1245 3627 ut

106 3660 194 3748 citet,
211 3661 263 3728 vei
272 3659 497 3751 personaliter,
515 3657 568 3725 vel
575 3657 667 3726 domi
680 3657 785 3726 solita
797 3655 1024 3729 habitationis.

152 3823 207 3890 lll.
228 3819 436 3891 observanda
451 3817 562 3910 qaoad
575 3818 764 3887 citationem
776 3819 903 3908 [actam
923 3819 1015 3889 domi
1025 3822 1135 3891 solita
1150 3825 1245 3894 hobi·

107 3929 255 3998 tatianis.
271 3965 316 3980 -
330 3926 469 4009 Quando
490 3927 628 3994 babetur
651 3927 686 3993 iu
714 3926 867 3994 mandato
889 3935 926 3996 ut
949 3929 1065 3998 citetur
1091 3933 1181 4000 testis
1209 3935 1245 4003 in

107 4036 207 4105 domo
220 4037 322 4105 aolitae
337 4035 442 4126 ipsius
467 4033 687 4121 habitationis,
702 4054 769 4101 non
795 4043 899 4126 potest
919 4033 991 4104 lieri
1004 4035 1041 4102 in
1055 4035 1119 4104 alia
1133 4038 1243 4133 domo,

108 4167 170 4213 nec
183 4145 218 4211 in
231 4143 295 4210 alio
311 4143 393 4230 loco,
408 4141 535 4210 etiamsi
560 4140 606 4209 ibi
627 4147 710 4207 esset
724 4142 833 4220 testis;
851 4143 928 4234 quia
944 4142 1004 4210 hoc
1021 4145 1112 4211 flerat
1126 4158 1245 4237 prater

109 4250 313 4321 mandatum.
331 4251 368 4316 ln
383 4249 481 4318 domo
495 4255 602 4317 autem
618 4246 722 4315 solitae
739 4247 958 4335 habitationis,
970 4249 999 4316 si
1009 4261 1148 4340 nequeat
1156 4255 1248 4326 libel-
