3050 4984
537 478 612 526 ems
634 477 779 526 smnnns.
1163 459 1224 526 tlt

86 593 291 684 abecpensis
308 599 581 666 clamatoribus
605 601 778 681 redimam,
800 608 831 665 et
851 600 898 665 ad
914 617 1043 666 omnem
1061 601 1227 667 meliorem

85 707 184 784 finem
210 717 240 773 et
267 708 427 791 effectum,
455 708 644 792 suppliciter
670 727 769 775 cnoro
798 708 1052 774 iltustn'ssimum
1078 718 1110 774 et
1134 727 1224 774 reoc-

85 815 316 880 rendissimum
328 816 500 882 dominum
514 818 715 900 Episcopum
730 817 767 886 N
767 864 788 896 .,
802 826 840 882 ut
851 817 931 881 velit
949 815 1136 898 supradicto
1147 835 1225 900 pra-

84 925 189 986 ccssui
198 925 309 1004 finem,
330 926 449 1006 etfisca
468 923 632 989 silentium
651 926 829 1006 imponere,
844 932 955 1008 sponte
975 931 1007 988 et
1019 924 1160 988 totaliter
1175 944 1228 990 me

84 1028 276 1095 submittens
295 1031 343 1096 ad
358 1050 493 1114 pomam
513 1040 544 1097 et
566 1032 793 1115 poenitentiam
811 1050 912 1114 quam
936 1030 1127 1114 dipnabitur
1145 1031 1231 1095 milei

85 1137 252 1221 imponere
265 1147 297 1202 et
312 1141 493 1222 ossipnare,
509 1140 664 1222 illamque
682 1157 744 1221 pro
757 1141 867 1222 pratia
879 1141 1033 1221 profiteor
1050 1157 1102 1203 me
1120 1157 1228 1222 recep·

86 1251 211 1310 turam
226 1247 281 1311 lto
294 1246 441 1330 supplico
455 1255 488 1312 et
500 1249 593 1312 insto.
610 1282 649 1296 -
663 1247 736 1331 Epo
751 1248 795 1312 N.
807 1271 822 1308 s

130 1381 212 1450 Eam
225 1383 404 1450 formulam
419 1380 519 1451 tradit
533 1382 704 1452 Monaoelli
721 1382 823 1474 (parts
837 1387 870 1470 2,
882 1383 933 1454 tit.
954 1386 1005 1470 15,
1024 1381 1166 1451 lormula
1181 1381 1228 1471 3);

83 1487 143 1557 sed
166 1511 245 1580 pace
267 1489 440 1558 clarissimi
466 1489 534 1558 viri
561 1489 718 1574 dixerim,
749 1491 859 1558 minus
885 1489 1054 1580 probanda
1083 1489 1225 1558 videtur.

83 1597 170 1664 Cum
193 1597 283 1664 enim
308 1596 579 1687 compositionem
601 1595 625 1664 ii
648 1595 712 1664 soli
732 1595 897 1687 postulare
921 1596 1059 1683 soleant,
1082 1597 1141 1687 qui
1161 1617 1231 1664 sose

82 1702 261 1794 culpabiles
275 1703 358 1773 bene
373 1711 508 1791 norunt,
529 1711 562 1772 et
575 1703 692 1773 timent
706 1725 748 1772 ne
768 1726 882 1773 eorum
906 1701 1062 1772 delictum
1080 1725 1122 1772 ex
1135 1702 1231 1794 judi-

82 1810 159 1879 ciali
171 1832 326 1901 processu
346 1811 486 1881 omnino
498 1818 616 1902 pateat,
630 1819 663 1879 et
684 1809 727 1879 ad
742 1811 887 1901 rigorem
903 1809 1039 1902 justitiae
1059 1809 1229 1901 plectatur,

82 1918 249 2010 quomodo
272 1919 306 1987 in
323 1919 467 1989 formula
485 1919 633 1988 exhibita
652 1919 786 2012 ponitur
806 1919 887 1988 falsa
908 1920 980 1987 haec
997 1919 1144 2006 assertio,
1158 1919 1232 1987 licet

80 2027 234 2095 irinocens
248 2027 312 2095 sim
324 2049 347 2094 a
366 2027 429 2095 tali
441 2025 579 2095 delicta?
590 2026 657 2095 Nec
672 2027 799 2095 dicatur
813 2026 1028 2094 necessariam
1048 2048 1117 2094 esse
1140 2025 1231 2094 clau-

81 2134 193 2203 sulam
215 2134 311 2222 hanc,
333 2155 374 2202 ne
398 2133 541 2226 alioquin
564 2156 624 2224 pro
639 2133 795 2203 confessis
818 2132 949 2224 dejure
967 2133 1108 2202 habendi
1131 2133 1196 2201 sint
1221 2161 1229 2201 ι

81 2265 164 2310 nam
185 2250 224 2310 ut
242 2264 303 2334 pro
325 2241 480 2311 confessis
500 2240 613 2310 haberi
636 2248 811 2333 nequeant,
839 2240 957 2309 sufficit
984 2261 1038 2310 eos
1059 2243 1233 2333 protestari

79 2349 119 2417 in
136 2349 224 2418 hunc
239 2348 378 2418 modum
393 2371 473 2440 :per
482 2361 674 2440 presentem
686 2349 888 2440 scripturam
898 2347 1088 2416 nullatcnus
1101 2347 1230 2417 intendo

76 2457 238 2550 pratensi
250 2457 395 2525 criminis
409 2457 639 2547 confessionem
647 2458 768 2547 facere,
787 2479 862 2547 quae
877 2456 1014 2524 assertio
1030 2455 1157 2524 nullum
1175 2457 1230 2523 in-

81 2563 189 2633 volvit
202 2563 424 2633 mendacium.
443 2562 555 2633 Potius
573 2585 653 2653 ergo
668 2565 717 2632 sic
732 2565 920 2632 concinnari
935 2563 1053 2654 poterit
1069 2562 1230 2654 ejusmodi

79 2671 230 2740 formula
245 2699 253 2739 :

126 2839 143 2874 «
161 2814 235 2898 Epo
248 2815 306 2893 Ν.,
320 2816 483 2897 reperiens
502 2831 554 2878 me
569 2822 792 2897 pracessatum
812 2815 847 2878 in
867 2814 960 2878 curia
981 2815 1157 2898 episcopali
1171 2816 1227 2894 Ν.,

75 2941 144 3006 pro
158 2921 302 3005 quodam
314 2930 473 3004 praetenso
488 2922 623 2986 crimine
635 2921 701 3002 (vel
714 2922 909 3004 quibusdam
924 2925 985 3002 ...),
1001 2939 1116 3006 nempe
1129 2924 1174 3004 (et
1185 2923 1229 2986 ibi

79 3029 209 3094 crimen
228 3028 409 3110 indicetur),
432 3028 503 3092 lites
522 3047 597 3092 cum
613 3030 691 3109 fisco
709 3028 829 3092 babere
847 3029 1022 3110 rescipiens,
1044 3030 1229 3094 nullatenus

80 3144 194 3201 tamen
207 3136 366 3219 praetensi
383 3135 530 3199 criminis
549 3154 601 3200 me
615 3135 811 3218 culpabilem
825 3135 928 3218 (quad
946 3135 1039 3216 absit)
1057 3139 1227 3222 profitens,

79 3263 141 3307 oro
156 3242 413 3308 illustrissimum
427 3251 459 3306 et
471 3243 778 3308 reverendissimum
798 3243 1011 3325 Episcopum,
1027 3253 1063 3308 ut
1075 3245 1155 3310 uelit
1172 3264 1227 3310 su-

74 3351 231 3435 pradicto
250 3352 417 3435 processui
434 3352 534 3432 finem
560 3360 591 3414 et
603 3353 679 3430 fisco
702 3351 868 3416 silentium
892 3353 1076 3434 imponere;
1098 3372 1138 3418 ne
1154 3354 1228 3418 sub·

77 3461 215 3524 mittens
227 3460 413 3543 adpoenam
423 3460 692 3542 poenitentiamoe
703 3458 768 3524 sibi
781 3458 978 3539 benevisam,
989 3462 1019 3524 si
1026 3461 1112 3541 forte
1125 3481 1228 3545 quam

76 3567 168 3633 milii
178 3567 414 3650 injunpcndam
428 3568 640 3632 existimaret.
650 3567 704 3631 Ita
717 3567 864 3650 supplico
879 3575 911 3631 et
923 3568 1063 3632 insto.-
1074 3568 1147 3652 Epo
1157 3571 1201 3638 N.
1208 3593 1223 3630 c

127 3712 166 3781 Si
192 3713 372 3805 Episcopus
396 3711 669 3805 compositionem
704 3717 858 3803 acceptet,
889 3713 1008 3803 poterit
1036 3713 1078 3781 ad
1104 3713 1226 3782 calcem

76 3822 256 3913 ipsiusmet
274 3821 375 3889 libelli
403 3821 450 3889 ita
472 3820 647 3889 rescribere
670 3847 678 3887 ε
697 3820 762 3910 fiat
782 3818 822 3886 de
843 3819 935 3901 actis,
950 3833 981 3887 et
995 3819 1114 3888 utetur
1131 3843 1224 3911 pars.

75 3927 179 4009 Quod
195 3928 389 4018 rescriptum
412 3929 454 3996 ad
474 3927 702 3998 executionem
721 3926 859 3996 deducet
878 3926 1032 3995 Vicarius
1052 3928 1226 4017 generalis,

75 4034 213 4104 citando
228 4045 353 4127 partem
368 4035 493 4123 laesam,
510 4058 567 4104 sen
582 4037 736 4104 interesse
750 4033 924 4102 habentem
941 4043 978 4102 ut
992 4037 1048 4103 fiat
1060 4057 1230 4126 processus

75 4141 266 4212 criminalis
272 4169 282 4229 5
300 4151 332 4210 et
346 4142 376 4210 si
391 4142 463 4210 haec
474 4142 639 4230 assentiat,
656 4141 751 4210 faciet
762 4141 944 4232 Episcopus
956 4141 1120 4211 decretum
1137 4167 1228 4212 com-

75 4249 302 4344 positionisin
318 4251 418 4339 hunc,
433 4251 526 4319 verbi
542 4252 661 4341 gratia,
676 4249 812 4317 modum
832 4273 841 4315 ε
