3050 4984
260 471 300 533 it
632 488 807 538 naimarus
830 490 870 539 nr
891 486 1025 538 runicus.

263 636 279 673 «
303 609 405 696 rium,
420 610 488 702 jam
513 610 675 680 transierit
699 609 1008 681 inordinatius.»
1030 610 1344 702 (Schmalzgrueber,
1364 611 1399 681 in

258 715 308 784 tit.
331 719 362 804 l,
378 717 454 786 libri
473 722 490 784 5
508 717 736 806 Decretalium,
751 742 787 786 n.
807 720 894 809 172.)
910 719 1015 786 Immo
1033 718 1097 786 dici
1120 727 1224 812 potest
1244 720 1324 789 adeo
1344 721 1400 789 in·

258 824 398 893 valuisse
421 826 660 918 inquisitoriam
688 826 840 913 formem,
865 835 902 894 ut
924 811 1121 896 nominatoria
1145 828 1274 920 proprie
1299 828 1397 917 dicia,
1515 818 1516 823 ἵ

260 953 317 998 seu
341 953 428 1001 mere
447 932 623 1002 criminalis
638 957 658 1002 a
673 932 744 1002 loro
764 932 926 1020 saeculari,
943 933 988 1000 ita
1008 955 1160 1026 expresse
1184 935 1399 1005 statuentibus

260 1037 491 1108 modernorum
519 1040 715 1132 populorum
740 1040 881 1132 legibus,
907 1041 1039 1109 exclusa
1063 1039 1196 1111 omnino
1220 1041 1334 1122 inerit;
1363 1044 1399 1111 in
1515 1098 1516 1101 ,

259 1143 331 1212 foro
360 1153 468 1215 autem
492 1147 702 1216 ecclesiastico
726 1147 761 1215 in
789 1146 1037 1216 desuetudinem
1064 1147 1132 1216 lere
1161 1149 1287 1217 abierit.
1314 1149 1397 1230 Quas

257 1257 346 1319 tanta
365 1253 507 1346 antiquae
523 1253 706 1346 disciplinas
728 1253 925 1340 immutatio,
943 1277 1008 1347 quo
1024 1261 1168 1346 tempore
1189 1253 1321 1324 inducta
1341 1256 1395 1337 sit,

257 1358 390 1450 etquid
415 1359 612 1430 acatholico
638 1369 669 1430 et
697 1360 851 1453 prudenti
874 1361 947 1430 viro
977 1360 1018 1430 de
1043 1384 1081 1430 ea
1107 1361 1312 1430 sentiendum
1341 1363 1395 1450 sit,

258 1466 388 1556 speciali
411 1467 633 1538 dissertatione
660 1468 748 1537 infra
769 1468 994 1560 disquirimus.
1013 1469 1074 1536 llic
1087 1491 1165 1538 vero
1187 1469 1223 1536 in
1242 1469 1277 1537 id
1299 1467 1397 1538 dum-

256 1581 346 1641 taxat
369 1575 581 1664 intendimus,
602 1583 640 1645 ut
662 1577 732 1670 ipsa
752 1576 915 1668 perviam
940 1576 1178 1669 inquisitorinm
1201 1576 1399 1669 procedendi

256 1703 382 1767 norma,
410 1681 531 1752 utiliori
560 1706 624 1777 qua
652 1683 833 1777 poterimus
861 1683 969 1777 quoad
997 1685 1126 1777 praxim
1158 1684 1308 1754 methodo
1337 1684 1396 1751 dc-

257 1786 427 1856 scribatur.

789 2014 859 2104 §a

587 2208 652 2270 Quid
668 2213 695 2260 et
709 2210 852 2274 quotuplex
867 2209 901 2261 sit
915 2209 1058 2276 inquisitio.

303 2437 335 2501 i·
350 2434 518 2528 inquirere
541 2458 599 2504 seu
621 2434 788 2525 indagare,
803 2435 899 2526 juxta
922 2434 1196 2526 grammaticalem
1210 2437 1298 2504 vocis
1321 2459 1397 2504 sen-

257 2563 343 2626 sum,
354 2548 400 2609 est
412 2563 508 2632 apere
519 2541 565 2610 od
576 2540 790 2632 deiepcrcdum
802 2541 941 2633 aliquid.
954 2541 994 2608 ln
1003 2541 1261 2634 jurisprudentia
1271 2553 1394 2630 antem,
1515 2592 1516 2595 =

257 2669 323 2713 non
340 2646 510 2737 cujuslibet
524 2669 671 2738 personae
686 2647 727 2716 ad
749 2647 873 2739 aliquid
889 2646 1106 2736 detegendum
1122 2656 1212 2718 actus
1226 2649 1396 2742 inquisitio

217 2797 222 2812 ·
256 2761 402 2842 vocatur,
428 2754 483 2824 sed
505 2754 630 2846 judicis
656 2755 836 2824 dumtaxat.
863 2756 934 2824 lmo
959 2778 1026 2825 non
1050 2756 1203 2848 qualibet
1227 2757 1398 2848 ipsiusmet

252 2860 371 2953 judicis
387 2861 550 2953 indagatio
569 2864 631 2932 snb
652 2862 872 2955 inquisitionis
891 2863 1136 2948 nominaverit,
1154 2862 1279 2931 sedilia
1294 2863 1397 2931 dum-

255 2978 346 3038 taxat
359 2993 456 3063 quam
472 2969 548 3038 lacit
561 2970 602 3038 ad
618 2969 833 3060 detegendum
854 2981 964 3038 utrum
988 2970 1098 3060 aliqua
1113 2969 1166 3038 vel
1181 2970 1301 3061 aliquas
1315 2991 1396 3060 per-

255 3100 345 3146 sonas
359 3077 490 3170 aliquod
506 3077 558 3146 vel
573 3076 682 3169 aliqum
697 3076 814 3145 delicta
829 3077 1040 3168 patraverint.
1059 3076 1144 3144 Hinc
1164 3083 1249 3145 recte
1266 3076 1396 3145 definiri

255 3191 358 3276 potest
373 3183 538 3276 inquisitio
556 3211 563 3252 :
582 3185 678 3253 Actus
690 3182 827 3274 judicis,
846 3183 893 3252 ad
904 3182 1118 3274 detependum
1133 3206 1178 3251 an
1193 3183 1308 3274 aliqua
1319 3206 1396 3275 por-

254 3313 332 3358 sona
345 3289 482 3382 aliquod
494 3290 648 3359 delictum
663 3290 863 3383 patraverit.
880 3290 931 3358 Ex
951 3313 1016 3382 qua
1040 3288 1227 3359 definitione
1247 3291 1396 3382 sequitur

254 3397 494 3488 indagationem
515 3396 614 3465 solius
635 3397 794 3485 criminis,
811 3419 880 3484 son,
903 3403 940 3466 ut
965 3396 1090 3486 dieunt,
1105 3397 1251 3489 corporis
1272 3397 1393 3482 delicti,

255 3526 321 3572 non
348 3504 416 3572 fore
444 3503 573 3595 proprie
596 3502 714 3571 dictam
740 3502 995 3594 inquisitionem,
1020 3503 1085 3571 nisi
1110 3503 1151 3570 ad
1178 3502 1394 3593 detegendum

255 3618 366 3703 postea
391 3609 501 3677 delicti
526 3617 688 3678 auctorem
712 3609 930 3679 ordinaretur.
953 3609 992 3676 ln
1017 3608 1077 3676 hac
1102 3616 1212 3677 antem
1236 3608 1395 3677 tradenda

256 3715 475 3809 inquisitionis
489 3717 618 3785 notione
641 3715 836 3785 concordant
858 3716 1044 3801 canonistas,
1061 3715 1137 3784 licet
1151 3714 1323 3806 paululum
1339 3714 1394 3782 di-

254 3825 358 3893 versis
371 3845 442 3892 eam
457 3822 566 3891 verbis
581 3823 779 3913 exprimant,
794 3831 830 3891 ut
845 3823 955 3891 videre
975 3830 1022 3891 est
1041 3822 1076 3892 in
1091 3843 1204 3892 eorum
1225 3845 1395 3891 commen-

256 3931 346 4000 tariis
360 3930 401 4000 ad
422 3929 550 3998 titulum
568 3931 600 4016 i,
617 3929 694 3996 iibri
711 3932 727 3995 5
747 3930 974 3998 Decretalinm.

301 4041 335 4106 2θ
354 4034 584 4122 «Notandum,
600 4056 669 4104 esse
684 4033 844 4126 triplicem
859 4035 1114 4128 inquisitionem.
1133 4035 1244 4104 Prima
1258 4043 1307 4103 est
1322 4058 1395 4103 om-

261 4171 278 4210 n
300 4146 379 4214 nino
394 4142 565 4236 generalis,
581 4165 646 4234 qua
665 4141 701 4210 in
721 4163 840 4232 genere
859 4142 1049 4235 inquiritur,
1067 4165 1110 4211 an
1124 4141 1247 4212 subditi
1265 4151 1396 4211 servent

260 4279 277 4319 a
299 4253 398 4344 leges,
408 4274 452 4321 an
465 4273 532 4322 non
548 4249 792 4324 committantur
805 4251 955 4338 cumina,
968 4271 1010 4319 an
1025 4250 1065 4319 dc
1079 4250 1171 4321 nullo
1185 4250 1228 4321 sit
1240 4249 1327 4320 tame
1341 4251 1395 4322 vel
