3050 4984
283 460 344 522 300
659 474 835 522 rnacrurus
859 476 896 521 on
919 475 1053 521 sununs.

279 598 489 685 conditiones,
502 606 538 665 ιιι
547 604 616 665 tuto
626 598 726 689 possit
734 596 835 689 judex
851 620 909 690 per
923 599 1011 666 viam
1024 598 1143 666 notorii
1157 596 1342 690 procedere.
1362 594 1423 663 Eas

281 706 345 791 hic,
361 728 420 797 pro
437 706 484 774 rei
498 705 669 795 gravitate,
689 704 906 796 subjiciendas
920 704 1088 774 duximus.

326 819 356 881 1.
381 840 398 878 ιι
415 815 516 883 Debet
527 815 635 905 ipsum
652 814 786 899 factum,
802 813 889 904 quod
906 814 939 881 in
959 814 1113 883 delictum
1129 814 1226 899 cadit,
1243 835 1313 880 ease
1328 820 1424 880 noto-

283 950 299 985 ι
323 922 410 990 rium
428 949 435 988 :
451 922 512 989 tale
527 922 587 989 erit
601 921 731 1013 quando
746 922 869 990 crimen
885 928 1047 1013 patratum
1063 929 1111 989 est
1126 944 1235 989 coram
1246 920 1359 987 decem
1370 932 1424 987 aut

283 1056 299 1093 ιι
323 1029 434 1097 saltem
450 1052 507 1096 sex
524 1029 723 1113 hominibus,
741 1030 798 1120 qui
818 1028 898 1096 illud
918 1037 1005 1097 certo
1024 1038 1055 1095 et
1075 1050 1134 1120 per
1153 1050 1284 1097 sensum
1300 1050 1421 1117 cogno·

284 1164 300 1201 ιι
327 1138 448 1223 verint3
467 1138 555 1227 quia,
572 1146 609 1204 ut
623 1159 664 1205 ex
680 1136 837 1204 hactenus
851 1136 945 1204 dictis
960 1144 1097 1219 constat,
1113 1135 1153 1203 ad
1167 1136 1332 1203 notorium
1349 1135 1423 1203 lacti

282 1271 298 1307 ιι
322 1245 500 1335 requiritur
523 1251 558 1311 ut
581 1244 662 1313 illud
686 1252 847 1336 patratum
869 1243 910 1311 sit
931 1266 1041 1311 coram
1065 1243 1203 1334 popula,
1227 1242 1279 1311 vel
1303 1242 1423 1333 majore

282 1378 300 1415 ιι
322 1348 410 1419 illius
425 1360 515 1443 parte
534 1378 541 1418 :
559 1350 600 1417 ad
621 1350 777 1442 populum
796 1359 902 1417 autem
924 1350 1187 1418 constituendum
1208 1348 1424 1441 requiruntur

281 1485 298 1523 ιι
323 1458 433 1525 decem
449 1458 560 1525 saltem
579 1458 737 1526 homines.
758 1484 775 1521 a
796 1456 1108 1547 (Sobmalzgrueber,
1126 1457 1163 1523 in
1178 1456 1228 1523 tit.
1254 1459 1284 1541 l,
1308 1456 1386 1523 libri
1406 1461 1422 1521 5

279 1565 421 1651 Decret,
439 1587 473 1633 n.
494 1568 552 1650 143
571 1564 627 1655 qui
643 1565 728 1632 idem
748 1563 919 1632 confirmat
940 1554 1131 1632 auctoritate
1149 1562 1295 1654 plurium
1311 1562 1424 1632 docto-

280 1694 369 1755 rum,
388 1678 419 1737 et
435 1672 567 1739 canonis
585 1672 665 1739 Unio
683 1676 715 1757 3,
734 1694 839 1738 causae
858 1675 911 1754 ιθ,
925 1694 958 1762 q.
977 1669 1022 1759 3.)

325 1782 357 1844 2.
378 1804 394 1842 ιι
411 1779 510 1846 Debet
526 1780 691 1846 notorium
707 1801 776 1845 esse
791 1778 912 1845 factum
925 1799 990 1845 non
1007 1785 1135 1844 tantum
1147 1778 1182 1843 in
1194 1800 1240 1862 se,
1256 1776 1311 1845 sed
1327 1778 1424 1845 etiam

283 1912 299 1948 ιι
325 1886 359 1951 in
375 1887 499 1953 ratione
514 1886 640 1964 delicti;
656 1884 732 1977 qnia
746 1885 807 1952 nisi
823 1885 883 1953 hoc
899 1882 995 1951 modo
1009 1884 1172 1952 notorium
1188 1885 1242 1971 sit,
1260 1885 1350 1953 locus
1364 1887 1424 1953 erit

284 2019 300 2057 ιι
324 1993 584 2081 tergiversationi
597 2003 628 2059 et
643 1989 858 2075 excusationi3
877 1992 930 2058 cui
946 2000 1054 2060 tamen
1068 1992 1159 2060 locus
1173 2014 1319 2061 essenon
1332 1994 1424 2061 debet

284 2124 301 2163 ιι
325 2100 358 2165 in
373 2098 491 2167 delicto
506 2100 643 2167 notorio.
658 2124 674 2162 n
688 2098 1007 2189 (Sobmalzgrueber,
1023 2099 1093 2168 loco
1107 2100 1214 2185 citato,
1232 2108 1264 2167 et
1279 2099 1423 2169 doctores

280 2207 520 2294 communiter.)
538 2207 630 2288 Quod
647 2206 816 2273 notorium
837 2206 870 2271 in
890 2228 988 2273 sensu
1005 2205 1089 2297 juris
1109 2228 1174 2273 non
1195 2206 1238 2273 sit
1256 2207 1420 2293 delictum,

280 2313 345 2379 nisi
366 2314 472 2381 omnis
492 2313 767 2403 tergiversationis
786 2312 982 2403 possibilitas
1003 2312 1214 2399 excludatur,
1238 2322 1363 2382 constat
1382 2337 1422 2381 er

280 2420 382 2511 capite
401 2424 468 2489 Tun
487 2422 530 2513 (8,
550 2421 634 2488 tituli
653 2424 685 2505 2,
702 2419 779 2487 libri
794 2424 811 2486 3
829 2419 1070 2510 Decretalium),
1088 2419 1145 2486 ubi
1162 2418 1202 2486 de
1217 2422 1346 2490 notorio
1360 2422 1422 2489 cri-

282 2527 368 2594 mine
383 2528 427 2596 sio
440 2529 578 2597 habetur
593 2556 600 2596 :
618 2550 691 2596 eum
706 2526 904 2619 hujusmodi
913 2526 1034 2595 minoen
1046 2527 1140 2595 nollo
1151 2529 1254 2618 possit
1272 2530 1421 2620 terpioer-

280 2634 404 2701 satione
421 2636 522 2703 celari
538 2658 580 2703 :e
600 2635 719 2727 quibus
742 2634 852 2703 verbis
872 2634 986 2701 merito
1008 2634 1158 2721 infertur,
1178 2636 1342 2704 notorium
1358 2657 1421 2704 non

280 2762 348 2808 esso
367 2742 502 2829 crimen,
521 2742 607 2834 quod
632 2750 734 2833 potest
754 2743 862 2832 aliqua
886 2742 1150 2831 tergiversatione
1168 2742 1267 2810 celari
1283 2766 1340 2811 seu
1364 2765 1420 2810 ex-

280 2849 406 2935 cusari;
433 2850 582 2919 excusari
606 2859 714 2917 autem
739 2860 842 2940 potest
865 2850 1034 2935 delictum,
1063 2851 1277 2941 quantumvis
1298 2852 1421 2920 notorie

279 2964 453 3046 patratum,
470 2957 601 3049 quaudo
617 2980 681 3024 non
692 2966 739 3023 est
750 2958 848 3024 simul
860 2956 1029 3025 evidenter
1041 2956 1214 3048 culpabile,
1226 2981 1284 3026 seu
1294 2957 1420 3049 quando

280 3086 346 3130 nou
361 3072 410 3132 est
424 3065 587 3133 notorium
604 3064 727 3132 ratione
744 3064 862 3132 delicti.
884 3063 977 3146 Quod
994 3064 1092 3131 etiam
1108 3064 1192 3132 dicta
1207 3073 1294 3133 recta
1315 3066 1417 3133 ratio:

280 3194 354 3239 nam
378 3180 480 3263 potest
497 3173 568 3242 dari
583 3172 758 3241 notorietas
772 3171 812 3239 de
827 3179 964 3263 patrato,
986 3171 1078 3239 verbi
1094 3171 1211 3260 gratia,
1235 3172 1418 3257 homicidio,

277 3278 357 3370 quin
372 3289 479 3347 tamen
496 3287 617 3347 constet
638 3302 679 3346 an
701 3278 822 3346 factum
838 3278 924 3346 istud
947 3277 1108 3368 culpabile
1127 3277 1169 3345 sit
1186 3306 1193 3344 ε
1213 3278 1247 3345 in
1269 3302 1334 3370 quo
1347 3300 1419 3346 casu

277 3408 373 3454 nemo
397 3408 461 3453 non
482 3385 570 3455 videt
594 3394 752 3477 quantum
775 3385 960 3453 immineret
983 3384 1149 3474 injustitiae
1172 3384 1368 3475 periculum,
1392 3384 1418 3452 si

274 3494 377 3587 judici
392 3517 449 3586 per
464 3494 553 3562 viam
568 3493 686 3561 notorii
703 3492 875 3584 procedere
890 3492 1015 3578 liceret,
1031 3491 1144 3559 subeo
1160 3501 1325 3583 praetextu
1336 3490 1417 3585 quod

280 3602 445 3673 notorium
465 3603 506 3670 sit
521 3600 653 3669 factum.

322 3716 352 3778 3.
370 3708 644 3798 Distinguendum
662 3730 740 3797 ergo
756 3716 816 3794 est,
832 3720 929 3800 prout
942 3709 1025 3798 (loco
1036 3709 1145 3798 citato)
1164 3708 1244 3777 dicit
1258 3708 1418 3779 Sobmalz-

277 3819 431 3909 grueber,
455 3844 471 3881 ιι
488 3817 574 3883 inter
589 3814 684 3901 lacta,
702 3838 777 3907 quae
793 3839 833 3884 ex
851 3817 902 3883 sui
917 3824 1035 3884 natura
1051 3815 1250 3884 maleficium
1267 3824 1415 3908 arguunt,

281 3954 297 3993 ιι
321 3935 353 3995 et
367 3927 452 3993 inter
468 3925 561 4012 facta,
580 3946 654 4015 quae
670 3944 710 3991 ex
728 3925 778 3991 sui
792 3930 908 3992 natura
923 3924 1022 4011 bona,
1035 3925 1087 3992 vel
1104 3924 1322 3993 indifferentia
1335 3932 1413 3992 sunt.
1500 3973 1502 4018 ,

278 4061 293 4097 ι
317 4034 361 4102 Ut
371 4032 479 4125 primi
492 4032 618 4122 pencris
632 4029 715 4099 lacta
726 4031 824 4098 etiam
839 4032 872 4097 in
883 4053 1002 4120 gauere
1014 4029 1122 4098 delicti
1136 4031 1338 4099 notoriadici
1349 4052 1416 4123 pos-
1500 4025 1501 4096 l

278 4166 295 4203 ιι
318 4142 394 4225 sint,
411 4139 529 4208 sufficit
544 4139 653 4229 ipsum
670 4137 791 4205 laetum
808 4138 974 4205 notorium
988 4160 1069 4223 esse,
1087 4146 1118 4205 et
1131 4160 1196 4206 nou
1211 4161 1365 4231 apparere
1379 4134 1415 4202 de
1500 4135 1501 4212 ζ

278 4271 294 4307 ιι
317 4247 516 4335 exceptione,
539 4268 615 4341 quae
635 4244 782 4339 opposita
801 4244 886 4317 laeto
907 4244 1063 4313 malitiam
1086 4244 1223 4317 tolleret.
1249 4246 1366 4317 Contra
1383 4241 1414 4311 in
1500 4275 1502 4316 ι
