3050 4984
529 536 603 579 aens
625 534 771 581 amusos.
1154 517 1212 585 281

83 650 129 713 uel
139 651 228 713 intra
243 652 331 733 juris
346 654 522 715 terminum
535 672 568 716 se
585 672 637 717 eos
655 657 831 719 asseruerit
849 657 930 721 uelle
950 659 1041 736 dare,
1059 666 1091 722 et
1105 668 1218 741 postea

82 776 134 837 per
147 759 366 841 appellantem
378 778 520 843 oonpruo
536 760 602 825 loeo
614 771 646 825 et
656 768 798 845 tempore
810 766 929 845 sapias
941 774 972 829 et
985 767 1142 829 instanter
1152 784 1218 830 aaa

83 874 228 929 contenta
241 868 341 931 etiam
360 868 546 951 requisitas,
562 887 615 931 eos
627 887 692 932 non
706 871 874 935 curaverit
886 872 975 935 intra
989 873 1140 937 mmdem
1153 880 1217 937 ter·

83 972 202 1037 minum
224 973 390 1048 antibere;
404 975 655 1059 appellationem
677 994 773 1040 amm
791 994 834 1039 en
851 987 927 1042 tane
944 982 1099 1062 prosequi
1117 982 1220 1061 possit

82 1080 255 1160 appellans,
270 1100 308 1145 oe
322 1084 352 1144 si
364 1100 512 1165 expresse
523 1084 663 1164 suissaet
674 1083 775 1147 iidem
787 1086 928 1166 apostoli
940 1086 1101 1168 deaepati.

121 1186 263 1268 Qnasrso
275 1193 321 1259 8².
338 1230 383 1242 -
394 1192 499 1281 Cujus
512 1192 655 1283 expensis
661 1190 798 1282 petendi
811 1204 844 1259 et
853 1192 1218 1285 coneedeodiapostoli?

81 1330 119 1343 -
149 1294 267 1363 «Sunt
288 1298 429 1387 petendi,
449 1298 597 1366 mittendi
624 1308 655 1366 et
679 1298 897 1390 praesentandi
920 1298 1023 1390 judici
1050 1300 1097 1369 ad
1121 1323 1218 1392 quem

86 1430 98 1461 s
121 1404 306 1492 sumptibus
321 1405 523 1497 appellantis.
551 1432 567 1469 s
592 1404 798 1495 (Lausonius,
816 1408 938 1476 Forum
952 1406 1214 1486 ecelesiasticam,

82 1508 112 1573 in
127 1508 174 1576 tit.
194 1514 248 1595 28,
267 1510 343 1579 libri
365 1516 384 1579 2
401 1512 544 1597 Deerat,
567 1534 600 1602 q.
624 1515 718 1601 1032)
740 1520 861 1603 :atque
876 1514 922 1581 ita
937 1522 1047 1583 tenant
1069 1512 1218 1581 doctores

83 1618 306 1687 communiter.

574 1808 674 1897 arx.

458 1970 493 2018 De
510 1969 629 2019 fatalibus
643 1970 832 2034 appellationis.

123 2148 265 2229 Quaene
283 2152 327 2216 1³.
345 2188 390 2201 -
408 2148 498 2233 Quid
507 2150 572 2218 siat
584 2150 729 2238 satalia?
741 2187 786 2202 -
805 2148 998 2217 «Fatalium
1015 2148 1069 2217 hie
1083 2150 1216 2218 nomine

87 2282 100 2317 a
122 2258 259 2323 veniunt
276 2266 434 2349 tempora,
452 2258 572 2349 quibus
585 2258 707 2326 exactis
721 2256 904 2349 appellatio,
919 2256 972 2324 vel
988 2278 1054 2325 non
1070 2258 1218 2325 concedi·

87 2388 99 2423 s
122 2371 186 2448 tur,
205 2364 255 2433 vel
272 2387 434 2449 concessa,
450 2365 636 2456 interposita
651 2372 707 2432 aut
721 2363 789 2454 jam
803 2362 999 2448 introducta,
1015 2364 1219 2452 extinguitur

87 2496 100 2531 ι(
122 2480 152 2538 et
166 2472 260 2561 quasi
275 2473 444 2540 emoritur.

126 2579 353 2669 «Hujusmodi
378 2590 518 2670 quatuor
532 2589 608 2648 sunt
628 2607 635 2646 ι
664 2584 696 2647 1⁰
710 2579 934 2671 appellationis
954 2576 1216 2671 interponendae;

88 2712 101 2745 s
124 2689 155 2751 2ΙΙ
171 2686 300 2777 petendi
314 2694 346 2755 el
360 2686 556 2756 consedendi
572 2687 750 2778 apostolos;
771 2690 803 2753 3·
823 2684 1053 2776 appellationis
1069 2683 1220 2754 introdu-

88 2820 102 2855 ι(
125 2794 247 2878 cendae,
264 2792 332 2859 sive
346 2792 508 2884 apostolos
515 2791 617 2885 judici
635 2791 681 2860 aei
693 2815 792 2882 quem
803 2792 1043 2882 praesentandi3
1059 2795 1092 2858 4⁰
1107 2791 1220 2881 appel·

88 2926 102 2960 (ι
124 2900 253 2967 lationis
281 2894 512 2992 prosequenda
536 2909 566 2967 et
594 2899 759 2967 finiendae.
787 2928 803 2963 »
838 2898 1155 2990 (Sohmalssarueber,
1185 2898 1219 2966 in

86 3006 128 3073 tit.
148 3012 200 3091 28,
213 3006 322 3074 libris
338 3007 480 3089 Deerat„
500 3029 533 3074 n.
555 3005 622 3096 to.)

125 3114 168 3180 De
178 3122 324 3205 tempora
335 3112 731 3204 petendieoncedendique
743 3114 917 3202 apostolos,
932 3134 1056 3180 necnon
1065 3134 1120 3179 eos
1131 3133 1219 3202 pra·

86 3221 226 3289 seniendi
239 3220 340 3311 judici
363 3219 528 3310 adquam,
552 3219 713 3309 superiori
729 3218 934 3310 paragrapho
948 3218 1114 3296 diximus3
1133 3217 1220 3285 unda

86 3336 224 3395 remanet
240 3326 294 3395 hie
309 3336 433 3395 tantum
450 3326 623 3395 dicendum
636 3326 675 3395 de
688 3334 835 3417 tempore
851 3324 1094 3416 interponenda
1107 3325 1221 3416 appal-

86 3432 218 3517 lationis,
236 3434 447 3526 ejusdemque
463 3432 697 3525 prosequendae
712 3441 744 3500 et
757 3431 922 3500 finiendae.

125 3539 264 3621 Quaene
283 3544 328 3606 2³.
345 3580 390 3591 —
418 3543 511 3607 Intra
537 3537 626 3629 quod
640 3551 771 3628 tempus
790 3538 969 3629 appellatio
984 3538 1151 3628 interponi
1164 3536 1220 3604 eie-

88 3644 170 3714 beat?
179 3646 312 3714 -Olim
325 3646 461 3713 biduum
472 3645 522 3713 vel
531 3644 724 3713 triduumad
734 3643 1216 3735 appellandumoonoedebatur.

88 3750 134 3819 Sie
147 3756 235 3821 anim
251 3755 359 3843 legere
372 3763 420 3821 est
435 3753 469 3820 in
486 3776 608 3820 maone
625 3756 680 3837 29,
699 3775 807 3820 eausae
823 3756 856 3838 2,
874 3775 908 3843 q.
929 3756 946 3818 6
967 3779 974 3819 :
1001 3754 1042 3819 Ia
1053 3751 1220 3819 sentuttiis

86 3875 242 3951 receptam
259 3873 304 3928 est
319 3874 358 3928 nt
372 3861 425 3929 oei
436 3861 541 3929 altera
565 3859 617 3927 die
637 3860 689 3927 vel
703 3860 801 3926 tertia
819 3871 1055 3949 provocetur...
1073 3856 1220 3925 Biduum

89 3968 132 4033 oei
150 3969 297 4037 trititiam
311 3968 542 4060 appellationis
557 3990 598 4034 ea
612 3966 665 4034 die
683 3966 850 4035 sentattiae
865 3967 943 4035 lata
959 3964 1220 4055 computandam

90 4088 153 4143 eut.

129 4180 187 4248 Sed
204 4192 312 4272 postea
338 4181 450 4250 decem
467 4180 536 4249 dies
549 4182 589 4249 ad
616 4180 849 4271 appellandum
863 4179 996 4271 praefixi
1012 4187 1107 4256 snnt;
1122 4179 1167 4247 ita
1184 4186 1219 4246 ut

93 4284 174 4359 illuto
189 4288 331 4362 decentii
358 4288 534 4357 terminum
560 4310 645 4359 sione
661 4286 700 4355 de
722 4287 798 4380 jure
813 4286 984 4356 communi
1008 4284 1219 4357 ecclesiastico
