3050 4984
274 486 336 551 act
649 502 826 551 rascrsrns
848 504 888 549 ns
909 502 1043 551 roorurs.

275 653 293 692 c
315 622 506 717 populivivi
519 624 760 712 cremabantur,
771 623 1053 718 quemadmodum
1063 624 1165 694 etism
1177 622 1297 693 milites
1307 620 1428 692 deser·

274 758 292 798 c
316 740 420 818 tores,
444 739 568 823 quanto
588 732 707 823 majori
726 735 802 823 jure
825 730 858 801 id
881 732 962 801 bene
988 730 1181 825 dispcsstum
1205 729 1267 800 crit
1286 730 1322 799 in
1344 751 1428 801 reos

274 839 399 907 elcese
427 838 601 929 mejestatis
626 838 763 925 divine,
792 847 824 909 et
848 839 1029 909 desertores
1056 837 1186 907 militie
1213 836 1424 907 christianas.

273 971 290 1012 r
313 945 398 1013 Hinc
412 945 574 1014 memoria
586 944 728 1035 dignum
741 953 791 1014 est
805 944 894 1037 qnod
908 946 950 1015 de
960 942 1169 1015 Ferdinando
1184 944 1428 1035 Hispaniarum

271 1079 290 1120 r
311 1074 389 1144 rege
402 1052 503 1122 refert
520 1051 668 1121 11111111
693 1051 790 1144 (libro
808 1051 1052 1145 12Η111.,1αρ.
1074 1052 1148 1143 ll);
1171 1074 1287 1143 nempe
1302 1052 1427 1143 ipsum
1519 1112 1520 1129 ,

269 1187 288 1226 a
310 1160 446 1229 soluisse
463 1159 608 1251 propriis
630 1158 783 1229 manibus
806 1159 896 1250 ligne
920 1181 980 1250 pro
999 1158 1232 1229 comburendis
1253 1156 1427 1227 hereticis

272 1266 509 1337 «1111111111.
538 1265 634 1336 Unde
660 1265 841 1336 deierantes
869 1266 959 1357 ligna
986 1264 1029 1336 sd
1058 1265 1147 1337 hunc
1174 1264 1274 1335 finem
1303 1264 1428 1335 indul—

272 1399 289 1441 «
311 1373 436 1465 gestias
450 1374 632 1459 lucrantur,
656 1381 692 1441 ut
706 1372 806 1443 tradit
821 1372 997 1463 annanus
1015 1374 1098 1465 (cap.
1122 1371 1174 1443 sd
1194 1370 1421 1455 audentiam,
1519 1418 1520 1461 q

271 1507 289 1553 1
312 1504 347 1550 1.
370 1484 424 1567 52,
445 1480 486 1549 de
500 1478 695 1571 Homr'cs'd.).
719 1505 736 1547 s
761 1480 855 1566 Haec,
872 1480 969 1549 citato
990 1479 1073 1568 loco,
1098 1477 1281 1549 Cardinnlis
1302 1478 1421 1550 Petra.
1519 1502 1520 1539 t

267 1589 349 1671 Quas
369 1587 482 1657 omnia
497 1608 736 1676 memoremus,
759 1609 800 1657 ne
821 1588 994 1657 videamur
1008 1586 1191 1679 quidquam
1215 1585 1256 1655 de
1279 1584 1425 1657 veritate

268 1694 428 1766 lectorum
441 1695 555 1764 celare.

313 1806 344 1870 c.
372 1802 594 1894 Inqcr‘ss'ttom's
616 1800 797 1871 tridwrcts'u
813 1822 952 1893 precum
967 1801 1084 1869 mortis
1103 1800 1139 1871 tc
1161 1798 1327 1871 locrenses
1344 1822 1426 1871 non
1519 1776 1520 1807 l

264 1910 541 2003 pronuntiabunt,
555 1908 738 1979 redemisse
748 1921 862 1979 contra
875 1931 928 1977 cos
937 1908 1098 1979 senectia
1111 1907 1329 1977 dectnrnton'c
1343 1906 1425 1978 lez·

267 2040 380 2100 resecr,
397 2017 548 2087 seculari
557 2016 715 2109 potestati
725 2014 910 2108 plectendos
924 2038 976 2085 eos
993 2002 1234 2109 relinquebant.
1251 2052 1294 2067 -
1311 2014 1426 2085 «No·

271 2148 289 2190 s
311 2122 449 2193 tandum
463 2123 553 2216 qnod
575 2122 649 2191 lieet
665 2144 796 2195 merum
820 2121 1041 2213 inquisitionis
1064 2120 1209 2191 tribunal
1230 2120 1425 2193 mitioribus

270 2257 289 2299 e
308 2232 413 2323 poenis
430 2231 509 2325 (jem
520 2255 540 2299 a
552 2230 719 2323 prioribus
729 2230 882 2299 Ecclesia
895 2230 1024 2299 seculis
1036 2228 1228 2319 constitutis)
1245 2228 1426 2299 hereticos
1519 2216 1520 2271 l

271 2338 445 2426 «afficiat,
470 2360 642 2430 nunquam
669 2346 778 2406 tamen
805 2336 885 2428 petit
908 2338 944 2406 11
966 2336 1053 2429 ipsos
1077 2336 1191 2428 capitis
1212 2358 1270 2405 seu
1295 2336 1425 2406 mortis
1519 2380 1520 2411 ;

270 2470 288 2511 a
310 2468 441 2538 poencm
460 2446 593 2515 :civilis
611 2443 704 2513 enim
722 2444 933 2533 magistratus
956 2444 1054 2513 istam
1071 2464 1201 2535 semper
1215 2440 1360 2512 decernit
1385 2452 1425 2512 et

271 2578 289 2617 a
311 2554 477 2643 irrogat.»
494 2550 773 2644 (EditorButlurir'
784 2551 1091 2634 Dominiccnorum,
1103 2558 1192 2619 tomo
1203 2553 1233 2638 l,
1243 2570 1316 2642 pag.
1331 2551 1423 2639 127,

267 2668 344 2729 note
362 2663 414 2727 19.

311 2772 343 2836 7.
360 2658 623 2859 Hislpraenotatis
637 2766 723 2835 circa
742 2786 874 2858 omnam
888 2766 975 2857 ignis
997 2765 1033 2835 in
1052 2764 1223 2835 hereticos
1240 2770 1421 2853 structam,

264 2874 489 2967 expendamus
506 2895 562 2961 en,
579 2872 621 2942 ob
638 2872 824 2942 istiusmodi
839 2894 985 2964 poennm,
1002 2868 1223 2965 inquisitionis
1237 2868 1424 2940 tribunalis
1519 2888 1520 2975 j

265 2982 433 3074 injustitiae
445 2980 560 3050 merito
573 2979 698 3071 possint
712 2979 912 3049 insimulari.

309 3088 436 3169 Primo,
461 3086 617 3156 tribunali
642 3085 864 3178 inquisitionis
887 3082 1121 3177 imputandum
1144 3104 1211 3153 non
1236 3088 1295 3169 est,
1319 3085 1423 3173 quod
1519 3072 1520 3079 ἵ

261 3195 365 3287 judex
380 3194 458 3291 haic
476 3193 632 3263 trihnneli
653 3192 835 3285 praesidene
857 3214 1028 3284 nunquam
1050 3189 1138 3279 tecit,
1161 3210 1221 3259 nec
1243 3210 1285 3259 ex
1301 3185 1422 3261 officio
1519 3230 1520 3241 κ

263 3304 326 3371 sibi
346 3300 520 3372 commisso
539 3301 644 3370 facere
667 3321 812 3393 unquam
833 3297 956 3370 debet:
979 3299 1069 3391 etqui
1092 3296 1298 3390 inquisitores
1318 3316 1423 3366 nun-
1519 3306 1520 3351 ἒ

260 3433 359 3502 quam
375 3408 489 3478 mortis
502 3418 559 3477 cut
573 3407 660 3499 ignis
675 3405 1043 3499 poenaminlraereticos
1057 3404 1121 3496 ipsi
1135 3401 1424 3497 pronuntiabaut3
1519 3394 1520 3435 l

261 3526 349 3586 etex
369 3537 504 3585 munere
527 3537 588 3584 suo
606 3534 778 3605 nunqnam
797 3512 962 3605 ejusmodi
983 3512 1176 3581 mutentiam
1196 3507 1423 3601 pronuntiare
1519 3508 1520 3511 ’

261 3624 380 3694 debent
395 3650 404 3691 c
419 3621 477 3691 sad
501 3620 543 3690 ad
567 3622 714 3712 ipsorum
736 3617 880 3689 officium
902 3616 1075 3688 dumtaxat
1098 3618 1237 3710 pertinet
1264 3622 1299 3685 ut
1326 3636 1423 3708 pro-
1519 3608 1520 3661 ἕ

261 3732 411 3801 nuntient
425 3752 468 3799 an
490 3727 565 3820 quis
585 3728 629 3795 sit
651 3748 752 3795 necne
774 3725 961 3813 haereticus,
984 3746 1139 3817 eumque,
1164 3723 1193 3792 si
1216 3722 1423 3795 haereticum

259 3836 506 3923 declaraverint,
523 3834 817 3921 excommunicent,
838 3841 869 3901 et
891 3840 1002 3923 postea
1024 3830 1233 3922 mogiatratui
1257 3827 1421 3903 scortari

260 3946 402 4031 tradant,
421 3944 519 4035 juxte
532 3940 705 4011 enodares
718 3950 751 4010 et
772 3940 941 4011 cenomces
962 3940 1051 4031 leges
1070 3936 1289 4032 plectendum.
1310 3935 1420 4019 Quod
1519 3968 1520 4035 ζ

258 4060 369 4122 sutem
396 4050 437 4120 de
460 4050 543 4120 tecto
565 4048 645 4118 olim
669 4047 825 4139 principis
851 4046 1019 4118 saeculnis
1036 4046 1103 4133 lex,
1120 4046 1160 4117 sb
1182 4042 1323 4114 Ecclesia
1345 4066 1419 4139 ap·
1519 4036 1520 4119 Q

256 4160 403 4252 probata,
419 4178 552 4250 penem
570 4154 657 4245 ignis
671 4155 708 4223 in
726 4153 898 4223 hereticos
920 4154 1108 4223 decerneret
1121 4160 1153 4221 et
1175 4151 1347 4241 irrogaret,
1374 4152 1417 4221 id

260 4287 326 4337 uon
354 4272 533 4335 statuerant
558 4261 766 4356 inquisitores
793 4287 801 4330 :
833 4282 912 4352 ergo
938 4259 1068 4331 etiamsi
1098 4257 1219 4347 nimia,
1250 4265 1344 4339 atrox
1377 4268 1417 4331 et
