3050 4984
553 503 628 551 eres
650 502 795 550 securos.
1178 482 1240 551 109

91 649 112 688 ιι
138 623 372 713 cognitionem,
390 645 432 693 au
447 622 599 693 videlicet
614 624 773 714 allegetur
787 624 896 715 aliqua
909 624 1100 694 verisimilis
1113 631 1145 693 et
1160 648 1242 718 pro-

92 756 113 795 ι
138 728 260 799 habilis
273 752 371 799 eausa
384 730 593 823 querelandi3
611 729 736 823 haeque
762 730 906 821 cognite,
924 730 1042 822 poterit
1065 732 1243 823 querelan-

90 864 112 905 ι
138 847 207 906 tem
228 838 397 907 restituere
420 839 455 907 iu
483 839 662 929 integrum,
678 838 895 929 eumdemque
924 836 1032 907 denuo
1045 838 1241 930 judicialiter

93 972 114 1011 ι
138 943 268 1014 audire.
299 946 403 1017 Porro
431 969 583 1016 concessa
612 946 815 1016 restitutione
835 945 871 1015 iu
893 946 1058 1037 integrum
1082 948 1240 1017 adversus

93 1079 113 1117 ιι
138 1052 333 1121 sententium
349 1076 417 1123 non
441 1062 663 1124 transeuntem
690 1054 725 1122 in
751 1076 821 1121 rem
847 1050 1038 1144 judicatam,
1055 1060 1159 1145 potest
1184 1053 1239 1123 ille

93 1187 114 1225 ι
139 1160 213 1251 ipsc
223 1159 326 1251 judex
342 1162 400 1253 qui
426 1184 501 1231 cam
517 1161 647 1249 tulerat,
664 1184 707 1229 cx
732 1160 923 1230 tortioribus
946 1160 1125 1229 rationibus
1141 1161 1238 1231 talem

93 1296 114 1335 ι
138 1267 333 1338 sententiam
358 1276 531 1337 retractare
556 1278 654 1360 etque
680 1269 858 1339 reformare
883 1296 890 1337 :
917 1290 1105 1360 quanquam
1121 1268 1239 1339 idcirco

95 1402 116 1441 ι
140 1398 209 1445 non
228 1383 378 1465 negetur,
395 1374 476 1467 quin
490 1376 622 1468 querela
637 1375 799 1446 nullitatis
826 1376 992 1444 sententie
1017 1374 1113 1443 ctiam
1139 1375 1240 1466 possit

95 1513 114 1549 ι
139 1482 263 1576 opponi
289 1504 399 1552 coram
423 1482 590 1575 superiore
603 1481 725 1575 judice,
742 1484 771 1552 si
793 1484 880 1553 hunc
895 1490 1051 1573 gravatus
1064 1482 1154 1551 adire
1168 1506 1237 1551 ma·
1297 1474 1299 1477 ’

95 1617 116 1657 ι(
139 1590 290 1659 luerit.»

137 1696 298 1765 Eamdem
312 1696 494 1765 doctrinam
508 1697 554 1764 sic
568 1698 710 1788 reperies
723 1698 857 1767 brevius
873 1697 1053 1788 expositam
1068 1696 1154 1789 apud
1170 1698 1239 1765 En-

91 1802 209 1893 gellio
224 1803 273 1871 tit.
293 1806 347 1891 28,
367 1802 442 1871 libri
458 1807 478 1871 2
493 1803 636 1890 Deerat,
654 1827 687 1872 n.
706 1807 736 1895 3)
757 1831 765 1871 :
787 1804 865 1873 «De
879 1803 1026 1872 nullitate
1040 1803 1160 1896 opponi
1174 1827 1236 1894 po-

97 1937 117 1973 «
141 1918 215 1996 test,
232 1909 284 1979 rel
298 1932 408 1979 eoram
421 1909 535 1979 eodem
547 1909 658 2001 judice
673 1912 730 2003 qui
746 1910 938 1979 sententiam
959 1910 1033 1979 tulit
1051 1909 1133 2002 (lege
1152 1915 1182 1997 1,
1201 1910 1234 1979 ff.

97 2042 117 2081 ιι
144 2019 225 2100 Qua
253 2018 420 2085 sententia
448 2016 518 2085 aine
542 2016 760 2109 appellatione
785 2015 1035 2106 rescindantur),
1051 2017 1103 2085 vel
1129 2040 1238 2086 eoram

98 2148 117 2185 ι
137 2122 249 2213 judice
263 2124 429 2216 superiore
443 2124 499 2193 seu
512 2122 755 2215 appellationis;
771 2123 829 2214 qui
842 2132 917 2191 tunc
930 2124 1140 2215 potissimum
1155 2124 1240 2193 adiri

99 2255 117 2291 ι
140 2230 235 2316 solet,
252 2230 383 2321 quando
396 2231 528 2300 nullitas
542 2230 707 2322 provenit,
725 2253 791 2299 non
805 2252 980 2317 exterrere,
994 2229 1104 2298 seder
1120 2229 1241 2298 malitia

99 2336 307 2405 «inferioris
325 2337 467 2429 judicis3
493 2338 573 2429 quia
599 2345 677 2406 tunc
701 2326 767 2406 erit
789 2360 854 2406 non
883 2336 977 2405 facile
1004 2336 1242 2405 reformaturus

100 2470 118 2510 ι
140 2466 235 2513 suam
259 2445 414 2513 malitiam
426 2471 436 2532 ;
462 2453 494 2513 et
519 2445 601 2513 alias
625 2452 781 2534 gravatus
808 2443 849 2513 ad
880 2452 1070 2533 gravantem
1094 2443 1239 2535 judicem

100 2575 117 2616 ι
141 2550 264 2619 remitti
279 2572 345 2619 nou
361 2550 456 2620 debet
473 2551 555 2641 (lege
567 2554 647 2633 Eos,
661 2574 690 2619 c.
702 2550 742 2619 de
753 2550 909 2643 Appett.).
924 2551 961 2619 ln
976 2551 1123 2641 delegato
1130 2550 1241 2642 judice

100 2683 117 2721 ιι
142 2657 203 2726 hoc
227 2666 276 2725 est
290 2658 442 2749 speciale,
460 2657 548 2749 quod
572 2658 599 2725 is
613 2658 806 2726 seutentiam
822 2680 915 2727 suam
933 2657 1068 2726 nulliter
1083 2657 1241 2749 prolatam

101 2789 119 2829 ι
142 2763 319 2835 reformare
334 2787 400 2833 non
414 2764 527 2855 possit,
543 2764 600 2833 sed
624 2764 778 2854 delegans
792 2763 963 2832 adeundus
978 2764 1038 2849 sit3
1056 2764 1135 2854 quia
1154 2763 1241 2831 dele-

99 2881 235 2960 «gatus
250 2879 420 2962 postquam
438 2871 672 2962 pronuntiavit,
693 2871 763 2939 sive
788 2870 869 2939 bene
897 2870 966 2939 sive
989 2868 1082 2955 male,
1109 2870 1240 2939 iunctus

100 3003 118 3042 ι
140 2987 188 3045 ast
202 2974 319 3062 officio,
348 2986 379 3044 et
394 2975 465 3068 ejus
475 2975 658 3067 jurisdictio
673 2977 766 3045 finite
787 2985 835 3045 cst
857 2976 930 3068 (cap
945 2980 982 3045 lo
998 2975 1114 3045 litteris
1134 2980 1192 3055 13;
1209 2984 1241 3045 et

101 3111 118 3150 ι
140 3106 211 3175 cap.
231 3084 397 3168 Quaerenti
411 3088 466 3171 26,
482 3083 522 3152 dc
538 3085 649 3176 Officio
665 3084 830 3176 deleqatrl.
848 3110 864 3151 >r
891 3082 1054 3154 Consonat
1077 3084 1239 3174 Pellegri-

97 3214 159 3260 nus
175 3191 305 3279 (Praais
327 3191 543 3273 Viceriorum,
572 3200 662 3281 parte
678 3196 711 3278 2,
732 3198 808 3261 sect.
829 3195 860 3279 3,
887 3190 1026 3259 subseel.
1049 3194 1080 3277 l,
1100 3214 1132 3258 u.
1153 3192 1205 3281 90)
1230 3218 1237 3259 :

102 3326 119 3363 ι
141 3298 242 3367 Debet
271 3298 400 3367 tractari
417 3301 525 3390 (causa
540 3299 698 3368 nullitatis
713 3298 913 3387 sententiae),
930 3320 1039 3366 eorem
1054 3298 1166 3367 eodem
1180 3298 1239 3389 ju-

100 3434 118 3473 ι
141 3406 222 3490 dice,
246 3405 304 3497 qui
333 3414 437 3497 potest
458 3406 532 3497 jore
559 3405 726 3474 ordinario
757 3405 968 3496 pronuntiare
998 3406 1112 3496 (capite
1142 3410 1172 3493 1,
1201 3404 1240 3474 de

101 3540 117 3578 ι
140 3512 307 3582 Sententia
323 3524 354 3579 et
368 3511 569 3604 rejudicatur
577 3537 592 3594 ;
605 3512 709 3603 eapite
724 3512 859 3594 Dilecto,
879 3510 919 3579 de
939 3511 1216 3604 Appellationibus
1226 3537 1238 3591 ‚·

102 3648 119 3685 ι
141 3627 172 3688 et
183 3617 253 3709 lege
270 3622 284 3685 1
303 3618 436 3704 codicis,
454 3618 493 3687 de
507 3622 599 3687 Seut.
615 3631 646 3686 et
662 3618 809 3687 interior.
824 3640 913 3687 omn.
926 3616 1033 3709 juri).
1052 3618 1174 3685 Poterit
1190 3628 1239 3687 ta-

100 3752 118 3791 ι
141 3748 215 3794 meu
230 3747 317 3817 pars,
334 3725 361 3792 si
379 3725 530 3812 voluerit,
556 3723 738 3816 appellare3
756 3733 788 3793 et
809 3734 886 3791 tune
898 3724 1001 3816 judex
1017 3724 1240 3823 appellationis

102 3860 119 3898 ιι
137 3832 255 3924 poterit
270 3833 482 3923 pronuntiare
496 3832 687 3900 sententiam
702 3854 772 3899 esse
801 3831 924 3899 nullam
945 3831 1059 3923 (capite
1086 3829 1174 3899 Licet
1203 3829 1242 3900 de

102 3964 120 4003 ι
142 3942 287 4007 sentent.
304 3961 480 4021 excomm„
499 3937 533 4008 io
554 3943 592 4025 63
609 3976 653 3989 -
669 3939 740 4028 lege
770 3937 929 4021 medam
955 3938 1084 4019 mulier,
1108 3935 1141 4005 ff.
1172 3940 1241 4006 Fa-

102 4072 120 4111 ι
141 4044 241 4113 miliae
255 4044 476 4136 adscende).
493 4045 558 4115 Sed
582 4046 645 4114 erit
670 4045 797 4131 utilius,
815 4045 906 4139 prius
927 4066 1024 4135 agere
1039 4044 1079 4111 de
1095 4044 1242 4115 nullitate

103 4180 120 4217 ι
141 4152 308 4220 sententies
325 4174 435 4221 eoram
447 4152 560 4222 eodem
571 4151 694 4244 judice,
707 4174 806 4243 quam
816 4174 926 4223 coram
934 4150 1044 4240 judice
1054 4151 1221 4242 superiore
1230 4179 1240 4238 3

104 4288 121 4326 ι
142 4259 219 4358 quia
233 4260 261 4329 si
275 4258 478 4351 idcmjudex
496 4260 719 4336 retractaverit
742 4260 948 4350 seutentiam,
976 4258 1053 4333 utile
1074 4258 1242 4351 negotium
