3050 4984
570 487 645 533 rurs
666 486 814 533 sacuam.
1198 471 1259 537 tae

117 625 152 673 se
166 604 409 696 perfectiorem,
426 606 592 677 iuducere.
609 607 806 700 Praperatis
822 630 900 679 sero
915 609 1071 701 paulatim
1086 631 1145 701 per
1160 611 1262 681 multe

116 712 239 781 saecula
254 713 297 781 ad
316 714 576 785 immutationem
591 715 723 802 ommis,
739 715 781 785 ad
798 716 1020 809 perfectiorem
1041 738 1174 806 gressus
1189 726 1263 788 tau-

116 818 191 887 dem
203 819 309 889 factus
323 833 382 890 est.

159 928 347 999 Proromm
357 928 415 999 V·.
432 968 477 983 -
491 932 696 1023 inquisitore
703 954 875 1025 precamus
884 935 996 1023 forma
1009 935 1184 1025 perfectior
1194 948 1262 1005 cst:

117 1033 203 1103 uude
217 1033 321 1126 ipsius
343 1036 380 1105 ire
393 1038 642 1107 accenseam
655 1038 866 1131 disciplinam
882 1039 1082 1110 introductio
1098 1042 1263 1111 immerito

116 1144 279 1233 carpitur.
298 1182 342 1195 -
358 1144 401 1213 Ut
416 1154 523 1236 pateat
538 1144 637 1237 hujus
651 1144 751 1215 thesis
771 1145 902 1233 veritas,
919 1147 1142 1239 expendemus
1156 1150 1262 1241 primu

116 1250 231 1341 inquo
244 1260 390 1341 praestet,
405 1259 475 1321 tum
485 1252 521 1319 iu
535 1274 601 1344 quo
615 1274 746 1344 peceare
759 1252 842 1343 fingi
855 1254 955 1345 possit
969 1275 1139 1345 processus
1152 1256 1262 1348 inqui·

118 1355 224 1425 sitorii
238 1366 392 1448 systema.

165 1466 196 1529 t.
213 1464 253 1531 ln
266 1488 332 1556 quo
349 1465 592 1557 inquisitorium
606 1476 747 1559 systema
761 1476 893 1559 prestet
907 1470 1116 1539 accusatorio.

161 1572 290 1640 Primo.
315 1572 466 1643 Privatos
483 1572 600 1643 liberat
615 1574 658 1643 ab
675 1594 775 1643 onere
789 1576 983 1664 gravissimo
1003 1577 1109 1645 standi
1124 1578 1158 1645 in
1172 1578 1267 1670 judi-

119 1680 181 1767 cio,
206 1678 426 1771 delictumque
447 1680 621 1771 probandi,
645 1689 677 1749 et
697 1704 767 1751 sese
787 1683 972 1774 exponendi
993 1684 1264 1755 calumniatorum

119 1809 241 1879 prenae,
257 1788 285 1855 si
300 1788 383 1857 torte
397 1789 432 1857 in
454 1788 623 1881 probando
637 1789 802 1877 deficiant,
820 1799 851 1859 et
864 1813 941 1882 pars
955 1791 1093 1861 adversa
1106 1792 1220 1862 falsam
1234 1804 1264 1862 et

119 1894 315 1965 malitiosam
334 1895 574 1966 accusationem
595 1897 799 1991 persuadeat.
818 1884 955 1968 Inducta
969 1899 1131 1990 siquidem
1151 1901 1265 1992 inqui-

119 2000 233 2071 sitoria
252 2001 371 2089 forma,
388 2003 466 2071 sads
480 2011 529 2071 est
549 2000 653 2094 judici
674 2002 833 2072 declarari
851 2001 1004 2073 delictum
1020 2014 1051 2072 et
1067 2005 1176 2074 medie
1191 2007 1266 2097 qui-

119 2109 181 2177 bus
202 2108 244 2177 de
262 2131 300 2177 eo
320 2122 467 2178 constare
486 2110 612 2201 possit:
627 2132 695 2201 quo
714 2110 812 2197 meto,
834 2109 938 2203 judex
961 2134 1019 2203 per
1041 2134 1075 2179 se
1097 2135 1140 2181 ex
1161 2112 1266 2182 officio

118 2216 290 2286 ceritatem
318 2217 470 2309 inquirit,
500 2218 605 2287 etsie
633 2216 879 2287 malefactorum
909 2218 1059 2287 coercitio
1087 2220 1265 2305 obtinetur,

118 2325 201 2415 quin
220 2334 406 2395 accusatore
419 2324 553 2418 proprie
566 2325 652 2393 dicto
666 2347 751 2417 opus
766 2325 819 2395 sit.
843 2326 946 2395 Porro
959 2334 1101 2419 systema
1113 2350 1180 2419 quo
1193 2329 1267 2420 pri-

118 2431 188 2501 vati
210 2432 440 2521 agravissimo
457 2432 640 2502 liberantur
660 2456 771 2520 onere,
794 2434 875 2525 quin
892 2434 1018 2525 justitia
1033 2434 1140 2503 minus
1156 2443 1267 2503 exacte

117 2539 289 2625 reddatur,
306 2540 367 2609 bac
378 2563 422 2609 ex
437 2550 529 2632 parte
544 2540 720 2633 perfectius
734 2542 770 2609 iu
785 2564 819 2609 se
830 2550 879 2611 est
892 2552 924 2609 et
937 2542 1211 2633 anteponendum.

160 2646 324 2716 Secundo.
350 2647 563 2739 inquisitorio
587 2656 762 2739 systemate
782 2648 988 2738 attinguntur
1011 2649 1114 2717 multa
1138 2649 1265 2735 delicta,

118 2778 194 2847 quoe
219 2757 456 2825 accusatorium
480 2756 643 2848 impunite
669 2756 878 2848 relinqueret.
905 2755 940 2825 Si
962 2757 1051 2825 enim
1075 2757 1145 2825 sola
1163 2766 1268 2849 pateat

118 2863 332 2933 accusationis
346 2864 414 2950 via,
429 2886 518 2956 saepe
531 2865 697 2954 continget
712 2872 748 2933 ut
762 2864 786 2931 ii
799 2862 949 2933 homines
962 2864 1021 2955 qui
1036 2862 1190 2933 delictum
1207 2887 1268 2935 no-

119 2980 239 3040 verunt
258 2979 292 3039 et
315 2970 441 3041 validus
464 2971 505 3041 de
527 2994 566 3041 eo
591 2972 799 3063 probationes
822 2969 977 3039 exhibere
1004 2979 1147 3061 possent,
1170 2971 1267 3041 silere

119 3078 248 3165 malint,
262 3078 370 3170 potius
384 3101 484 3170 quam
500 3078 668 3170 judicialis
680 3076 897 3147 accusationis
910 3098 993 3145 onus
1007 3076 1115 3146 subire
1132 3104 1139 3146 :
1158 3078 1268 3172 sicque

119 3184 321 3277 impunitum
341 3184 498 3255 delictum
512 3185 705 3257 remanebit.
727 3184 862 3271 Contra,
880 3184 908 3251 si
923 3190 1030 3276 pateat
1048 3184 1268 3276 inquisitionis

120 3293 193 3376 sia,
216 3291 318 3360 iidem
341 3291 490 3361 homiues
508 3293 654 3385 judicem
674 3293 813 3363 libenter
834 3290 987 3377 adibunt,
1010 3299 1173 3383 totamque
1197 3315 1267 3363 rem

120 3399 374 3468 manifestabunt
391 3426 401 3466 ι
420 3400 522 3469 immo
531 3400 635 3492 juder
657 3401 725 3492 ipae
745 3398 869 3489 absque
893 3398 960 3467 ullo
980 3395 1135 3485 delatam,
1157 3422 1199 3469 ex
1214 3424 1267 3471 so-

119 3508 160 3577 lis
183 3506 313 3575 indiciis
330 3516 364 3577 et
379 3508 511 3600 publiea
529 3508 629 3596 mma,
653 3507 812 3599 inquiret,
835 3506 1035 3595 veritateque
1054 3514 1220 3599 comperta
1238 3517 1269 3576 et

119 3614 268 3705 probata,
290 3615 325 3683 in
345 3613 589 3707 delinquentem
604 3612 852 3685 animadvertet.
870 3613 972 3682 Porro
992 3623 1024 3681 et
1038 3634 1081 3681 ex
1095 3612 1155 3683 bac
1177 3624 1267 3705 perte

120 3734 208 3815 patet
222 3722 363 3791 multum
379 3723 481 3791 altero
496 3731 654 3813 prestare
668 3720 912 3814 inquisitorium
926 3742 1125 3812 processum.
1201 3802 1204 3809 Δ

166 3831 286 3899 Tertio.
310 3830 518 3921 inquisitoris
539 3830 646 3899 torma
668 3829 791 3900 tollitur
813 3828 964 3898 odiorum
984 3828 1100 3916 lomes,
1119 3852 1193 3921 quae
1212 3854 1267 3901 ac-

121 3946 288 4007 cusantem
311 3938 397 4005 inter
418 3946 451 4005 et
473 3947 659 4007 accusatum
682 3958 862 4028 eorumque
884 3935 1024 4005 familias
1046 3936 1128 4005 oriri
1150 3937 1264 4007 solent.

121 4046 215 4113 Tunc
229 4044 319 4113 onim
333 4043 456 4133 singuli
469 4044 542 4129 Rei,
559 4066 715 4114 nonaum
729 4043 870 4135 singulis
881 4042 1122 4113 accusatoribus
1136 4066 1268 4115 causam

122 4153 255 4235 habent,
281 4151 339 4221 sed
361 4172 475 4221 omnes
494 4174 570 4221 cum
589 4152 660 4243 ipsa
678 4160 834 4243 potestate
850 4150 993 4242 publice,
1013 4150 1054 4218 ad
1075 4152 1268 4221 coercendos

123 4260 346 4333 malefactores
359 4258 523 4355 deputata.
