3050 4984
246 434 309 501 206
621 455 796 500 reinnerus
819 454 858 499 nn
879 454 1012 501 runicus.

245 583 365 663 textus,
379 598 461 667 quos
476 574 549 645 vide
564 576 650 667 apud
666 574 888 665 Pellegrinum
905 575 1006 664 (parte
1021 578 1055 658 l,
1071 581 1148 642 sect.
1161 578 1192 659 e,
1209 594 1242 640 n.
1261 574 1311 662 7);
1326 573 1391 665 qni

244 687 357 747 auctor
370 679 472 766 addit,
489 679 572 747 hanc
590 702 658 749 csse
675 680 891 749 universalem
908 680 1051 771 praxim,
1073 688 1106 747 et
1126 677 1259 747 adnotat
1282 678 1390 746 multe

245 786 390 879 alioquin
403 786 545 855 absurde
567 796 736 873 secutura;
754 786 844 856 unde
865 795 896 854 et
920 786 1083 857 concludit
1104 784 1303 854 audiendum
1318 808 1387 854 non

245 915 312 961 esse
322 893 412 981 Diaz,
428 894 486 985 qni
499 892 698 962 contrarium
713 894 829 961 tenuit.

288 999 374 1082 Quin
389 1007 498 1070 tamen
512 1000 597 1069 dicta
610 1001 703 1093 copia
727 999 886 1088 tradatur,
911 1009 1014 1093 potest
1034 1008 1066 1068 et
1091 998 1186 1069 dehet
1204 998 1321 1091 judex,
1349 1008 1391 1069 ut

244 1106 278 1174 in
295 1107 490 1198 praecedenti
511 1108 730 1200 propositione
755 1105 922 1176 firmatum
938 1117 998 1194 est,
1013 1130 1069 1177 reo
1082 1104 1279 1176 sufficienter
1293 1106 1391 1174 indi-

245 1236 317 1282 care
332 1237 483 1306 quaenam
497 1214 657 1307 probatio,
675 1236 869 1306 quaenamve
883 1214 1004 1283 indicia
1018 1222 1128 1283 extent
1147 1244 1154 1282 ι
1171 1213 1212 1283 ed
1226 1211 1313 1305 quod
1327 1236 1389 1306 pe·

244 1321 439 1410 regendum,
458 1321 589 1413 poterit,
611 1321 702 1389 verbi
718 1320 835 1411 gretie,
859 1320 974 1412 jubere
989 1329 1026 1389 ut
1041 1321 1205 1390 actuarius
1217 1321 1302 1411 legat
1323 1343 1392 1413 op-

245 1436 402 1519 portunus
418 1428 548 1496 testium
563 1426 791 1519 depositiones,
805 1428 900 1496 tacito
914 1428 1045 1497 testium
1057 1428 1198 1497 nomine.

289 1534 432 1617 Qunsrro
457 1539 502 1601 3¹².
526 1574 570 1587 —
592 1538 672 1617 (lucc
692 1536 803 1625 [ornan
827 1534 1060 1628 interroqando
1084 1559 1139 1605 reo
1165 1535 1303 1605 tenenda
1323 1537 1394 1605 sit?

245 1681 289 1693 -
313 1641 482 1710 Adnotant
507 1642 653 1710 doctores
679 1640 803 1710 nnllam
820 1641 904 1710 tradi
926 1665 1019 1732 posse
1033 1642 1279 1713 determinatum
1293 1643 1393 1736 ejus—

246 1748 333 1821 modi
359 1749 656 1841 interrogationum
667 1749 862 1836 lormulam;
879 1773 953 1820 cnm
970 1752 1059 1820 enim
1076 1752 1167 1820 varia
1190 1775 1258 1821 csse
1274 1775 1393 1820 neces-

246 1858 331 1925 sario
346 1854 458 1925 debeat
473 1880 533 1949 pro
546 1856 646 1926 variis
661 1856 782 1944 causis,
797 1857 982 1949 prudentiae
994 1857 1115 1951 judicis
1130 1868 1232 1929 totum
1241 1858 1277 1927 id
1285 1882 1394 1949 nego-

248 1964 329 2032 tium
350 1963 556 2056 relinquitur.
585 1963 729 2056 Aliquod
755 1974 862 2032 tamen
885 1966 1127 2056 interrogatorii
1151 1966 1313 2060 specimen
1327 1988 1394 2035 suo

247 2072 317 2139 loco
343 2070 378 2137 in
399 2070 589 2141 formulario
611 2071 793 2163 posuimus,
815 2080 852 2140 ut
876 2095 918 2140 ex
937 2096 1013 2141 casu
1033 2073 1233 2164 particulari,
1257 2083 1395 2164 tyrones

247 2178 457 2270 introspicere
472 2177 608 2269 possint,
626 2178 790 2269 quomodo
810 2178 845 2245 in
869 2179 930 2248 hae
949 2202 984 2247 re
1004 2180 1109 2270 judex
1128 2180 1304 2273 prudenter
1320 2203 1394 2249 sese

248 2306 360 2373 gerere
375 2285 486 2377 possit.

705 2553 849 2623 CAPUT
872 2554 930 2623 IV.

250 2776 288 2821 DE
310 2774 525 2838 rosmottmtm,
551 2774 719 2837 centenus,
744 2775 909 2841 cernone,
934 2778 1052 2825 NECNON
1069 2779 1108 2825 ΒΕ
1127 2780 1262 2827 nmmo
1277 2780 1395 2827 moun-

300 2892 405 2955 nomo,
430 2892 467 2937 ET
490 2890 528 2935 DE
551 2890 695 2936 innutrita
716 2891 757 2937 An
780 2891 942 2939 remouit
963 2894 1003 2939 ΕΤ
1025 2897 1066 2941 An
1088 2896 1332 2943 murmurium.

295 3123 407 3191 Solent
422 3122 553 3213 quidem
568 3121 742 3190 canonistae
762 3124 932 3192 materiam
946 3124 1030 3193 hanc
1043 3127 1213 3217 attingere.
1231 3126 1295 3196 Sed
1314 3128 1397 3219 quin

251 3230 303 3298 vel
317 3230 489 3299 oscitanter
512 3251 584 3297 eam
613 3236 796 3319 exponunt,
825 3230 877 3299 vel
905 3254 971 3301 non
995 3234 1072 3302 sctis
1095 3232 1299 3325 distinguunt
1313 3236 1395 3327 quid

249 3336 333 3428 juris
347 3334 528 3403 communis
542 3334 599 3421 sit,
626 3333 746 3425 quidve
763 3336 849 3426 stylo
874 3339 1061 3430 particulari
1087 3342 1253 3412 curiarum
1268 3342 1397 3411 adscri—

251 3440 408 3529 bendum,
425 3464 491 3509 non
518 3440 628 3533 parvis
652 3464 722 3509 cern
741 3442 985 3515 difficultatibus
1009 3448 1145 3519 obsitam
1173 3451 1266 3520 multi
1293 3450 1396 3519 relin-

253 3558 368 3643 qunnt.

299 3658 377 3725 Eam
405 3677 465 3747 pro
491 3677 583 3746 posse
607 3657 859 3745 enucleabimus,
886 3662 1074 3753 etquidem
1100 3665 1152 3755 (ob
1176 3666 1398 3757 quaestionum

254 3762 502 3851 connexionem)
525 3760 632 3852 quoad
660 3765 788 3833 civilem
815 3767 913 3835 simul
938 3778 969 3837 el
985 3772 1186 3841 criminalem
1206 3795 1397 3865 processum

256 3876 320 3945 fori
336 3869 550 3943 ecclesiastici.
