3050 4984
542 512 618 559 raas
640 512 786 560 amount.
1172 498 1234 563 453

89 630 213 723 conjux
238 630 402 701 umsierit
422 630 466 701 sd
480 652 582 703 novas
607 632 757 724 nuptias;
781 655 856 724 quas
883 655 978 704 norm
1004 636 1129 729 nuptia
1157 660 1238 707 con-

89 745 265 831 sequenter
274 761 335 831 pro
348 737 449 809 nullis
460 747 539 809 tunc
550 737 710 809 habende
721 747 799 809 sunt
811 749 844 809 et
859 739 1087 813 dissolvenda.
1106 744 1164 814 Est
1177 768 1241 815 an-

88 852 159 914 tem
174 846 338 936 generalis
350 846 467 936 regola
479 846 551 916 hac
564 847 703 917 omnino
716 854 806 916 certa
819 856 852 917 et
865 848 1067 919 unanimiter
1079 850 1235 921 admissa.

90 952 190 1044 (Vide
204 954 509 1045 Schmalzgrueber,
526 956 563 1023 in
578 955 630 1024 tit.
652 959 707 1045 tt,
721 954 801 1024 libri
817 959 836 1024 4
854 955 996 1045 Decret,
1013 978 1048 1025 n.
1068 960 1135 1049 95.)
1151 960 1238 1031 Hinc

88 1060 249 1147 resolves,

136 1171 169 1236 1·
191 1168 455 1239 Restsurandum
468 1191 540 1239 esse
567 1170 820 1242 matrimonium
838 1170 1034 1243 dissolutum
1059 1172 1102 1243 ob
1128 1174 1238 1267 impo-

88 1278 227 1349 tentiam
243 1279 431 1349 udsolutum
453 1279 573 1367 riri,si
593 1281 622 1349 is
644 1304 688 1351 ex
709 1290 786 1352 actu
811 1282 934 1351 carnali
956 1305 1034 1352 cum
1049 1283 1238 1376 qualicum-

86 1408 153 1477 que
168 1386 306 1456 ioemina
323 1387 506 1479 reperiatur
520 1394 635 1480 potens
657 1388 761 1479 :qnia
774 1396 851 1458 tunc
878 1388 1000 1459 falsum
1024 1399 1074 1459 est
1093 1390 1237 1463 extitisse

86 1494 318 1587 impotentiam
337 1494 540 1582 absolutam
559 1517 597 1563 ao
622 1494 761 1587 proinde
790 1518 925 1565 erronee
954 1497 1163 1587 pronuntiata
1189 1509 1237 1569 est

87 1601 291 1671 matrimonii
314 1602 457 1671 nullitas.
486 1601 578 1671 Idem
602 1601 778 1672 dicendum
806 1603 847 1673 de
871 1603 1019 1693 tremine,
1036 1606 1065 1673 si
1093 1604 1135 1674 ob
1166 1605 1238 1697 ejus

85 1711 334 1804 impotentiam.
349 1710 536 1780 absolutam
575 1709 775 1781 dissolutum
811 1709 873 1781 init
910 1711 1175 1801 matrimonium,
1206 1723 1238 1784 et

85 1828 200 1912 postea
212 1841 255 1889 ex
268 1818 392 1888 carnali
405 1818 571 1887 consortio
584 1840 662 1887 oum
678 1818 910 1911 qualicumque
923 1818 996 1890 viro
1011 1824 1125 1911 potens
1141 1843 1239 1914 repe-

84 1929 203 1998 riatur.
1245 1922 1247 1931 ’

131 2040 166 2104 2⁰
179 2037 260 2105 ltem
286 2033 540 2105 restaurandum
567 2042 616 2103 est
631 2032 885 2103 matrimonium
902 2034 1048 2104 solutum
1064 2037 1106 2105 ob
1132 2036 1238 2129 impo-

84 2143 220 2213 tentiam
231 2142 414 2228 relativam,
431 2142 462 2210 si
474 2148 585 2234 postea
599 2141 820 2232 comperiatur
834 2139 919 2209 hanc
936 2142 1105 2211 relativam
1126 2143 1239 2236 impo-

80 2248 218 2318 tentiam
233 2271 301 2317 non
311 2248 482 2317 extitisse:
499 2246 593 2315 verbi
606 2246 726 2337 gratia,
743 2247 771 2314 si
784 2245 883 2314 iidem
893 2246 956 2339 ipsi
967 2248 1138 2339 conjuges,
1153 2249 1239 2319 inter

82 2378 168 2447 quoa
196 2355 379 2448 judicatum
407 2362 456 2424 est
483 2354 623 2423 existere
649 2353 770 2422 dictam
792 2352 965 2423 relativam
994 2355 1237 2445 impotentiam,

82 2464 213 2533 carnale
243 2471 355 2556 postea
388 2461 589 2533 consortium
629 2468 863 2530 consumment
893 2488 902 2529 ε
935 2461 1016 2530 item
1044 2462 1073 2530 si
1103 2463 1243 2551 mulier,-

81 2593 159 2663 quae
170 2571 213 2639 ol>
227 2569 457 2640 arctitudinem
470 2569 615 2661 judicata
627 2575 676 2637 est
687 2567 823 2637 relative
834 2568 1010 2660 impotens,
1022 2577 1132 2639 aetum
1148 2580 1237 2662 post-

80 2701 122 2747 ea
148 2678 311 2747 carnalem
336 2684 542 2748 consummet
566 2698 646 2744 curn
673 2675 798 2766 aliquo,
825 2675 884 2767 qui
907 2674 1011 2767 priori
1039 2699 1100 2746 suo
1116 2678 1235 2747 marito

80 2785 192 2876 quoad
206 2785 316 2856 virilis
339 2784 457 2853 similis
470 2783 532 2870 ait3
549 2806 625 2875 quar
641 2788 750 2850 tamen
764 2780 946 2852 similitudo
969 2791 1047 2851 tnnc
1066 2784 1233 2874 probanda

80 2901 145 2979 est,
161 2900 337 2984 antequam
352 2890 473 2983 prioris
487 2889 690 2959 matrimonii
704 2889 899 2959 restauratio
913 2911 971 2959 seu
984 2888 1137 2959 validitas
1151 2914 1233 2983 pro·

79 2999 265 3069 nuntietur.

128 3109 162 3173 3ο
177 3104 328 3175 Procedit
342 3112 452 3174 autem
466 3102 586 3173 tradita
600 3102 715 3193 regula
728 3108 1033 3194 quantumcumque
1057 3109 1188 3193 tempus
1212 3127 1233 3174 a

77 3210 290 3304 pronuntiato
304 3211 423 3303 prioris
434 3208 635 3278 matrimonii
645 3206 859 3277 dissolutione
867 3206 1047 3293 effluxerit,
1062 3206 1141 3300 quia
1154 3231 1230 3277 sen-

78 3320 181 3388 tentia
195 3319 263 3388 leta
273 3340 315 3387 ex
340 3339 464 3405 errore,
480 3325 512 3385 et
527 3315 713 3408 presertim
728 3322 843 3383 contra
858 3313 1059 3384 matrimonii
1074 3314 1230 3384 validita-

75 3436 158 3512 tem,
176 3437 345 3518 nunquam
361 3425 398 3493 in
411 3446 481 3493 rem
495 3423 677 3514 judicatam
689 3420 818 3490 transit.

125 3538 160 3601 4·
174 3532 395 3625 Excipiendus
409 3540 520 3599 tamen
535 3538 585 3598 est
611 3552 628 3599 o
646 3528 785 3620 praelata
813 3526 927 3617 regula
940 3549 1046 3617 casus,
1063 3551 1129 3620 quo
1149 3552 1228 3622 pro-

74 3640 228 3710 nuntiata
252 3638 457 3709 matrimonii
488 3636 650 3707 solutione
676 3636 718 3705 ob
746 3634 989 3726 impotentiam,
1019 3636 1140 3728 conjux
1170 3639 1228 3728 qni

74 3755 261 3840 prretensus
274 3754 323 3814 est
343 3746 519 3835 impotens,
538 3743 733 3833 religionem
749 3743 791 3810 sit
805 3742 971 3833 professus
991 3769 998 3812 :
1015 3742 1077 3811 etsi
1094 3742 1183 3811 enim
1200 3744 1227 3811 is

74 3862 191 3947 postea
213 3861 328 3945 potens
352 3851 453 3921 fuisse
468 3850 665 3943 reperiatur,
690 3870 757 3918 non
784 3848 1035 3919 restaurandum
1061 3857 1111 3919 est
1135 3850 1227 3942 prius

75 3959 345 4046 matrimonium,
360 3966 472 4050 utpote
486 3964 562 4027 ante
575 3956 891 4026 consummationem
910 3978 969 4048 per
989 3956 1226 4048 professionem

74 4066 263 4155 religiosam
279 4088 356 4135 rere
369 4064 584 4152 dissolutum
599 4064 656 4134 sed
671 4072 734 4133 stat
754 4062 907 4133 validitas
922 4063 1132 4155 professionis
1146 4066 1226 4135 reli-

73 4173 192 4263 giosas,
208 4181 241 4241 et
254 4172 391 4242 secundi
407 4170 606 4242 matrimonii
620 4171 662 4241 ab
683 4170 787 4241 altera
800 4179 892 4262 parte
908 4170 1072 4240 contracti.
1094 4170 1225 4242 Memo-

74 4288 326 4373 rantprasterea
339 4280 486 4351 doctores
500 4279 586 4351 inter
600 4302 694 4351 casus
715 4302 735 4351 a
759 4277 875 4371 regula
898 4276 1043 4370 generali
1057 4278 1226 4372 excipien-
