3050 4984
524 521 598 570 rsss
624 522 769 569 seruos.
1152 495 1213 566 517

75 664 143 733 quo
156 641 259 710 tectus
273 641 334 711 fuit
345 663 514 732 processus
525 641 716 730 criminalis,
728 643 782 712 vel
795 663 892 712 cause
903 643 968 711 litis
981 643 1008 710 si
1023 643 1215 734 procedatur

76 747 240 839 civiliter),
255 747 409 817 daminus
422 751 458 819 N
460 801 481 830 .,
511 750 599 819 testis
626 750 708 840 (sive
720 749 807 839 rcus)
819 748 1028 842 judicialiter
1042 751 1215 819 examina-

78 865 142 934 tus,
171 853 207 922 in
230 876 293 921 sua
318 853 517 946 depositione
531 856 690 945 consessio
703 854 747 922 sit
774 876 806 922 se
834 854 1028 923 commisisse
1109 856 1153 945 (et
1168 855 1216 925 ibi

77 957 280 1028 describatur
301 958 454 1028 delictum
468 958 669 1027 confessione
683 957 909 1049 patefactum);
926 958 1081 1049 quoniam
1103 957 1143 1026 dc
1156 958 1218 1026 hac

76 1067 264 1156 nonsucrat
278 1065 362 1134 alias
385 1066 479 1134 curia
500 1066 703 1157 informata:
726 1065 798 1134 idco
820 1064 927 1134 colem
949 1064 1142 1134 reverendus
1155 1068 1214 1150 Ν.,

84 1172 230 1241 Vicarins
240 1174 398 1264 pancratis
411 1197 473 1242 suo
488 1172 619 1242 muneri
631 1173 828 1263 satisfacere,
844 1171 983 1241 decreuit
995 1186 1095 1264 pram
1110 1173 1217 1244 decer·

76 1277 141 1358 nit,
150 1278 326 1369 procedere
341 1302 381 1348 ce
391 1279 496 1370 officia
511 1277 558 1347 ad
568 1277 719 1371 predicti
729 1277 839 1346 delicti
852 1278 1097 1369 inpuisitioncm
1111 1291 1142 1348 et
1149 1303 1218 1372 pu·

75 1385 248 1467 niciam
266 1385 647 1477 adferrnamsacrorum
661 1407 837 1454 canonum.
853 1389 934 1455 Acta
944 1397 1019 1454 sunt
1030 1385 1099 1456 bec
1111 1385 1164 1456 dic

78 1493 198 1561 mensis
265 1516 393 1563 mma...
410 1531 454 1546 -
469 1495 543 1584 Epo
558 1496 617 1573 Ν.,
641 1492 787 1562 Vicarius
811 1493 982 1583 pancratis.
1011 1529 1054 1546 -
1069 1496 1142 1585 Epa
1157 1498 1215 1576 Ν.,

76 1600 290 1670 acinarius.»

536 1777 680 1848 CAPUT
703 1777 761 1847 XI.

76 1964 184 2011 rom
212 1963 359 2010 mrum
393 1961 564 2009 PROCHSUH
598 1961 811 2008 rnmmtnmt
841 1963 880 2008 ΑΒ
908 1963 1056 2027 ARBH'RIS,
1087 1965 1118 2009 ΙΝ
1146 1963 1220 2012 (ἓΑὸῦ

465 2077 681 2125 RECUSA'HONIS
703 2077 827 2124 tumere.

126 2271 144 2310 c
168 2249 208 2314 In
222 2245 355 2314 nominc
379 2245 525 2313 Domini.
549 2246 665 2312 Amen.
688 2281 733 2294 -
749 2243 836 2312 Cum
852 2243 889 2312 in
901 2267 1002 2313 causa
1017 2268 1090 2336 que
1104 2259 1220 2316 cantra

75 2353 251 2422 dominum
273 2353 315 2423 N.
333 2351 505 2433 actitatur,
521 2373 635 2418 coram
649 2349 822 2418 reverenda
839 2353 874 2420 N
874 2401 896 2432 .,
922 2351 1047 2420 Vicaria
1060 2353 1217 2444 qenerali,

70 2459 252 2552 predictus
264 2459 415 2528 dominns
427 2461 470 2529 N.
486 2457 682 2526 recusaverit
695 2470 857 2549 tanquam
860 2459 882 2549 j
884 2456 1010 2526 redicem
1022 2458 1085 2526 sibi
1090 2482 1221 2552 suspec-

76 2581 154 2635 tam
168 2580 388 2636 memoratum
401 2565 613 2634 reverendam
637 2566 695 2646 Ν.,
720 2564 887 2634 Vicariem
901 2565 1096 2656 pcneratern,
1122 2580 1153 2635 et
1175 2567 1222 2636 ad

76 2672 337 2763 capnorccndum
365 2671 404 2740 de
430 2670 602 2740 validitate
621 2670 818 2762 hujusmodi
843 2672 1064 2753 recreationis,
1079 2672 1127 2741 ad
1138 2697 1220 2742 nor-

75 2802 174 2850 mam
186 2801 356 2848 sacrarum
373 2801 546 2859 canonum,
564 2789 595 2846 ct
606 2777 744 2870 praaim
759 2778 967 2848 criminalem
981 2780 1080 2850 curie
1098 2781 1220 2871 episco-

71 2888 177 2980 palis,
193 2910 215 2955 a
227 2887 379 2979 partibus
401 2884 572 2977 respective
593 2885 629 2953 in
653 2884 796 2954 arbitros
814 2885 981 2954 nominati
1003 2886 1068 2954 sim
1094 2886 1221 2957 damini

75 2999 123 3066 N.
141 3005 174 3062 ct
187 2995 246 3075 Ν.,
261 2993 403 3086 ipsisque
425 2991 591 3061 insinuata
607 2991 711 3082 suerit
725 3013 841 3059 aarum
864 2991 1048 3060 nominatio
1059 3017 1073 3074 ,·
1098 3006 1129 3062 ct
1156 2995 1220 3088 ipsi
1266 3049 1269 3056 .

74 3101 226 3192 officinm
252 3101 456 3169 arbitrorum
479 3097 729 3191 acceptaverint,
755 3109 795 3164 m
821 3121 861 3166 ce
884 3097 966 3166 actis
983 3100 1219 3191 processalihus

74 3220 218 3301 apparet
226 3232 240 3290 ,·
257 3207 395 3277 uolentes
406 3205 558 3298 predicti
571 3205 697 3274 damini
711 3207 754 3276 N.
773 3216 804 3272 et
819 3206 855 3274 N
855 3257 877 3286 .‚
893 3204 1014 3272 arbitri
1026 3206 1127 3290 electi,
1144 3231 1220 3278 mu-

75 3340 143 3386 nus
155 3338 256 3383 suam
263 3327 368 3406 prout
391 3313 521 3404 dejure
535 3313 662 3405 exequi,
680 3323 892 3380 convenerunt
910 3311 974 3403 (hic
987 3311 1116 3382 dicatur
1130 3315 1221 3386 locus

75 3423 139 3494 ubi
163 3420 408 3509 convenerint);
434 3433 466 3488 et
491 3419 538 3488 ibi
551 3419 655 3488 accito
677 3441 729 3487 me
750 3418 961 3509 infrascripto
984 3422 1128 3503 notario,
1140 3424 1221 3514 jam

75 3529 229 3600 adhibito
249 3552 271 3597 a
290 3526 462 3596 reverendo
477 3529 520 3598 N.
525 3581 535 3624 ρ
559 3525 685 3595 Vicario
700 3525 858 3618 pencrali,
877 3525 913 3593 in
926 3525 987 3594 trac
1001 3549 1113 3610 causa,
1130 3544 1168 3598 ut
1182 3555 1222 3600 ca

77 3637 295 3728 actissupra,·
310 3647 442 3704 vocatus
456 3633 523 3726 ficit
548 3632 698 3701 dominus
726 3635 783 3713 Ν.,
810 3632 870 3725 qui
897 3645 935 3700 ut
953 3635 1131 3724 prefertur
1147 3649 1222 3707 tan-

78 3765 185 3839 quam
202 3754 386 3835 mspectum
397 3741 548 3833 judicem
563 3739 724 3809 recusarit
748 3737 961 3808 reverendum
977 3739 1146 3810 dominum
1162 3746 1220 3826 Ν.,

86 3851 257 3922 Vicarinm
270 3849 453 3942 qmcralcm
464 3874 478 3932 ;
498 3859 529 3915 ct
543 3846 650 3916 delata
675 3846 740 3939 ipsi
747 3848 947 3938 juramenta
967 3846 1057 3938 quad
1068 3871 1135 3917 non
1148 3850 1223 3920 dolo

78 3957 184 4037 mala,
203 3975 305 4046 neque
320 3951 433 4022 animo
447 3951 683 4033 calumniandi,
700 3951 756 4020 sed
771 3963 905 4020 tantum
928 3951 1040 4020 adsui
1058 3953 1225 4025 indemni-

80 4077 199 4146 tatem
219 4073 440 4131 memoratum
464 4059 674 4130 reverendum
698 4063 756 4142 Ν.,
782 4060 950 4129 Vicarinm
974 4062 1170 4150 pencralcm,
1188 4078 1226 4133 ut

80 4173 147 4243 sibi
161 4184 346 4264 sapertun
361 4181 481 4238 rccuset
507 4167 607 4262 (prod
615 4169 852 4259 juramentum
871 4181 901 4237 et
914 4168 1080 4259 prestitit)
1094 4198 1102 4249 ;
1116 4172 1183 4261 ficit
1198 4175 1228 4242 ci

82 4282 222 4363 dictum,
239 4293 277 4350 at
290 4301 426 4350 causam
440 4276 651 4348 recreationis
661 4290 872 4370 proponeret,
893 4275 1149 4370 producerctquc
1165 4292 1227 4352 tes-
