3050 4984
291 472 353 537 298
669 490 843 535 rnncrsrus
866 490 905 535 on
927 490 1060 535 roricus.

289 608 537 703 intelligendum
566 616 626 698 est,
656 610 787 704 quondo
816 611 861 677 itu
889 610 1056 679 evidenter
1083 618 1208 679 constet
1237 610 1277 679 de
1307 618 1442 702 patrato

1504 525 1506 626 i

289 717 418 805 delicto,
451 729 487 787 ut
513 718 603 787 nulle
631 718 766 786 omnino
794 717 981 787 defensioue
1008 739 1085 785 reus
1110 739 1145 785 se
1173 717 1260 785 tueri
1290 718 1396 809 possit
1432 747 1439 785 :
1504 755 1505 762 η

294 852 310 890 «
334 823 444 912 secus,
471 825 601 917 quando
631 824 739 916 ulique
766 833 871 916 potest
903 846 957 893 reo
983 832 1165 916 competere
1191 823 1350 912 defensio,
1383 826 1442 894 vel

293 932 470 1000 «dubium
501 931 538 1001 fit
562 956 604 1001 su
633 955 698 1001 non
730 939 902 1023 competat,
929 932 981 1000 vel
1005 938 1186 1023 competere
1215 933 1442 1023 possit31unc

293 1064 309 1103 «
333 1039 420 1107 enim
438 1041 572 1107 omnino
592 1040 771 1108 necessaris
792 1038 875 1108 foret
894 1039 1049 1107 citatio.»
1073 1039 1122 1106 itu
1143 1038 1443 1129 schmalzgrueber

293 1146 373 1237 (loco
403 1146 525 1235 citato),
557 1146 679 1214 addens
712 1145 795 1214 hanc
826 1144 1006 1214 doctrinam
1039 1167 1108 1213 esse
1136 1146 1354 1215 communiter
1383 1170 1443 1215 re·

290 1261 439 1345 ceptum:
466 1280 482 1318 r
502 1252 541 1320 Et
557 1253 645 1341 hinc,
662 1254 781 1346 inquit,
803 1275 869 1320 non
890 1252 985 1320 facile
1004 1262 1117 1321 contre
1139 1274 1232 1321 reum
1252 1253 1440 1342 absentem,

294 1388 310 1425 α
334 1360 430 1429 etium
449 1362 483 1427 in
504 1360 631 1429 notorio
651 1360 779 1446 delicto,
797 1359 948 1429 citatione
968 1382 1036 1429 non
1050 1360 1233 1451 premisse,
1253 1369 1301 1428 est
1316 1383 1442 1452 proce—

295 1495 311 1533 «
334 1468 495 1547 dendum;
513 1468 590 1560 quie
604 1466 687 1536 forte
698 1468 845 1559 exceptio
858 1467 967 1559 eliqua
978 1490 1109 1535 esuum
1121 1466 1270 1558 ejusdem
1285 1468 1441 1537 relevans
1504 1529 1505 1538 ,

295 1603 311 1641 c
335 1576 397 1667 ipsi
412 1575 575 1666 competit.
594 1600 610 1639 r>

337 1688 367 1750 5.
388 1683 461 1751 Non
478 1690 581 1773 potest
601 1690 708 1751 temen
722 1682 826 1773 judex
842 1683 876 1750 in
893 1683 1022 1751 notorio
1035 1682 1225 1751 citationem
1248 1683 1295 1752 ad
1307 1698 1441 1754 senten·
1504 1689 1505 1692 ’

291 1789 641 1881 tiompraetermittere.
653 1790 776 1880 Deque
789 1790 934 1878 generali
943 1790 1057 1879 regule
1066 1789 1324 1859 dubitatnullus.
1338 1791 1442 1883 (Vide

291 1894 593 1986 Schmolzgrneber,
616 1898 651 1964 in
676 1898 724 1963 tit.
752 1902 783 1984 1,
805 1897 881 1965 libri
910 1897 1060 1983 5Deer.,
1082 1919 1115 1965 n.
1144 1897 1208 1986 10.)
1233 1899 1443 1990 «Excipitur

294 2031 311 2069 c
335 2012 454 2090 tamen,
477 2005 523 2071 ait
545 2004 664 2072 ibidem
690 2005 808 2072 citatus
830 2014 955 2091 auctor,
983 2004 1114 2096 qnando
1139 2026 1230 2073 more
1251 2004 1382 2074 coderet
1405 2008 1440 2074 in
1504 2069 1505 2072 ,

296 2137 312 2176 n
336 2110 563 2201 prejudicium
583 2112 783 2202 reipublicae,
802 2118 934 2201 propter
949 2110 1097 2179 futurum
1117 2110 1307 2180 scandulum
1323 2112 1359 2179 in
1376 2136 1441 2205 po-

296 2243 312 2282 «
336 2218 430 2309 puio;
446 2218 523 2307 quin
538 2226 615 2286 tunc
634 2218 758 2285 ratione
775 2216 918 2285 scandali
933 2216 1057 2285 vitandi
1071 2225 1175 2307 potest
1190 2240 1266 2286 reus
1281 2220 1442 2288 condem-

294 2351 311 2391 η
335 2326 419 2412 nuri,
442 2326 537 2394 etiam
557 2326 627 2393 sine
643 2324 805 2394 citatione.
828 2325 911 2393 Num
936 2325 977 2393 ad
998 2324 1166 2393 vitandum
1190 2326 1381 2395 scandalum
1404 2329 1440 2396 in

297 2461 313 2498 (ι
333 2434 406 2524 jure
430 2434 663 2523 permittuntur
683 2433 798 2518 multa,
823 2454 897 2524 quae
913 2431 993 2500 alies
1014 2432 1054 2501 de
1069 2433 1120 2501 sui
1137 2440 1254 2501 nature
1276 2434 1390 2503 illicite
1410 2451 1442 2503 et

296 2568 312 2603 d
337 2540 499 2630 prohibite
514 2535 601 2607 sun't.
619 2538 752 2630 Oportet
763 2549 872 2607 tamen
887 2539 947 2605 hoc
957 2561 1033 2606 cusu
1046 2549 1169 2607 certum
1184 2563 1254 2607 esse
1269 2539 1439 2628 delictum,

170 2722 173 2730 .
297 2671 312 2709 r<
335 2655 367 2713 et
383 2647 429 2714 itu
443 2645 588 2737 quidem,
607 2654 642 2711 ut
656 2645 753 2713 simul
765 2644 862 2713 etiam
874 2652 999 2713 certum
1008 2646 1050 2713 sit
1064 2646 1188 2713 nullam
1198 2668 1254 2713 reo
1268 2645 1441 2716 defensio-

297 2780 314 2816 «
339 2776 413 2821 nem
428 2761 658 2844 competere.»
812 2743 826 2768 ²

341 2888 357 2925 «
374 2865 404 2927 6.
426 2859 530 2929 Etiam
550 2882 616 2927 nou
636 2880 719 2950 opus
738 2869 785 2927 est
807 2861 841 2926 in
861 2860 987 2927 notorio
1012 2859 1142 2946 delicto,
1168 2870 1206 2928 ut
1226 2860 1333 2950 judex
1358 2862 1442 2930 terat

297 2967 526 3035 «senteutiam
547 2965 843 3036 condemnatoriam
868 2966 1054 3035 solemniter
1079 2978 1110 3034 et
1136 2967 1172 3035 in
1196 2967 1336 3059 emptis.
1354 2969 1441 3051 Quia

296 3102 313 3141 «
336 3074 485 3163 regulare
506 3088 565 3155 est,
592 3073 680 3165 quod
707 3073 838 3165 quando
860 3073 964 3165 judex
995 3072 1139 3164 procedit
1170 3074 1240 3141 sine
1268 3075 1383 3145 ordine
1408 3087 1442 3146 et

296 3206 312 3246 «
336 3179 441 3271 figure
468 3179 595 3272 judieii,
628 3202 694 3249 nou
723 3180 908 3271 requiretur
941 3178 1029 3272 quod
1058 3182 1217 3250 sententie
1251 3181 1377 3251 feretur
1404 3185 1441 3252 in

295 3315 312 3353 e
335 3287 473 3379 scriptis.
491 3287 635 3357 Sufficiet
649 3310 728 3377 ergo
743 3287 902 3355 sententie
917 3310 982 3356 non
997 3289 1163 3376 solemnis,
1185 3298 1218 3357 et
1238 3299 1441 3382 praeeeptum

296 3424 311 3460 r<
334 3395 452 3487 judicis
476 3418 530 3463 reo
552 3416 680 3485 poenem
702 3394 895 3482 intimantis,
919 3395 981 3462 uisi
1003 3404 1109 3463 tamen
1137 3418 1213 3464 reus
1233 3396 1266 3465 id
1290 3420 1360 3466 csse
1378 3422 1441 3466 no-
1504 3423 1505 3426 ¹

296 3530 313 3569 ι(
337 3503 456 3571 torium
471 3509 583 3591 ueget3
598 3509 676 3570 tunc
690 3502 779 3570 enim
800 3524 883 3592 opus
902 3501 987 3571 foret
1009 3503 1167 3570 sententia
1187 3503 1309 3573 notorii
1331 3504 1440 3574 decin-

296 3637 313 3677 «
335 3609 466 3681 retoris.
492 3608 631 3699 (Clarus,
647 3609 668 3699 ξ
682 3608 784 3695 finali,
807 3632 839 3699 q.
866 3614 898 3696 9,
919 3630 953 3676 n.
976 3613 1008 3677 8.
1026 3647 1071 3661 -
1085 3609 1255 3700 Pirrhing,
1271 3611 1307 3677 in
1331 3612 1380 3680 tit.
1405 3617 1437 3701 1,

296 3743 312 3782 ι(
335 3716 412 3785 libri
426 3720 444 3781 5
460 3715 602 3802 Decret,
618 3737 651 3782 η.
679 3718 752 3782 tot.
771 3714 1005 3803 -Wiestner,
1023 3716 1057 3782 in
1071 3714 1224 3783 eumdem
1242 3716 1309 3801 tit,
1328 3738 1362 3783 η.
1382 3721 1435 3786 11.
1504 3739 1505 3764 ¹

296 3850 312 3890 r
335 3864 379 3875 -
394 3821 616 3910 Reiffeustuel,
634 3823 669 3889 in
681 3820 833 3890 eumdem
849 3822 993 3909 titulum,
1011 3845 1043 3889 η.
1062 3823 1152 3910 258.)
1168 3821 1263 3891 Unde
1278 3827 1438 3894 contrarie

296 3958 313 3997 r<
335 3930 506 4015 sententia,
524 3950 599 4019 quae
615 3928 659 3997 ait
670 3928 705 3995 in
721 3929 857 3996 notoriis
868 3929 965 3997 etium
976 3929 1137 3996 sententie
1147 3926 1360 3997 declaratoria
1372 3953 1438 3999 non

296 4058 403 4107 «esse
430 4058 526 4128 opus,
556 4035 662 4104 solum
693 4034 837 4126 procedit
863 4033 994 4126 qnando
1024 4035 1076 4103 vel
1102 4044 1152 4104 est
1174 4038 1341 4105 notorium
1364 4038 1438 4107 facti

297 4143 567 4238 «permanentis,
587 4144 632 4210 itu
648 4151 684 4211 ut
705 4141 849 4234 quotidie
865 4163 993 4233 semper
1008 4141 1111 4210 oeulis
1131 4142 1304 4211 hominum
1324 4142 1437 4212 obser-

298 4279 314 4319 r
336 4262 442 4343 vetur,
460 4251 510 4321 vel
527 4272 585 4345 per
600 4272 693 4323 reum
709 4272 774 4327 uon
788 4257 925 4341 negatur
942 4248 1107 4320 notorium
1122 4272 1129 4311 :
1146 4248 1211 4318 imo
1227 4249 1326 4320 etiam
1340 4250 1374 4318 in
1388 4251 1437 4319 his
