3050 4984
297 466 355 530 113
667 486 842 533 mauretus
866 488 904 532 ne
926 487 1060 532 runicus.
1125 513 1128 520 -

295 633 312 672 o
336 614 399 693 tos,
422 618 621 676 accusatores
646 607 774 696 electos,
799 607 984 678 defensores
1009 630 1185 700 congruos,
1213 617 1309 700 atque
1336 614 1433 677 testes

294 741 310 779 o
334 715 539 804 legitimos.»
561 714 687 804 (Causae
706 720 738 803 l,
755 739 789 808 q.
809 720 841 803 l,
858 738 930 784 can.
951 719 994 806 1.)

338 823 577 892 «Accusatores
587 846 666 893 vero
680 831 711 892 et
723 822 850 916 judiees
863 846 929 892 non
943 823 1041 893 iidem
1058 823 1139 909 aint3
1152 823 1208 892 scd
1221 845 1279 916 per
1293 845 1431 892 seaccu-

294 958 309 995 a
334 937 466 1016 satores,
479 953 536 1022 per
547 953 580 1000 se
589 931 727 1022 judices,
739 952 840 1023 perse
853 938 960 1017 testes,
975 953 1033 1023 per
1044 953 1079 998 se
1088 931 1242 1016 accusati,
1253 931 1432 1022 unnsquis-

290 1065 306 1102 (ι
331 1039 442 1130 quein
458 1061 517 1108 suo
530 1038 752 1107 ordinabiliter
762 1037 887 1107 ordine.
904 1038 989 1107 Nam
1004 1037 1173 1129 inscriptio
1183 1038 1293 1130 primo
1303 1060 1432 1128 semper

291 1173 307 1210 ι(
332 1149 400 1232 liat,
418 1154 454 1214 nt
463 1145 614 1214 talionem
625 1144 841 1214 calumniator
853 1145 1091 1236 recipiat3quia
1100 1153 1174 1213 ante
1186 1144 1432 1235 inscriptionem

290 1282 306 1318 o
331 1275 426 1322 nemo
445 1251 540 1320 debet
554 1251 696 1344 judicari
716 1251 768 1321 vel
786 1252 950 1337 damnari,
973 1275 1049 1320 cum
1069 1260 1101 1320 et
1120 1252 1231 1320 saculi
1253 1251 1341 1340 leges
1360 1251 1433 1320 haec

289 1387 306 1426 a
329 1359 441 1428 eadem
458 1359 627 1426 retineant.
646 1385 662 1422 n
682 1359 813 1451 (Causae
829 1362 861 1444 l,
878 1381 911 1450 q.
933 1363 966 1446 l,
980 1381 1051 1427 can.
1071 1359 1117 1449 2.)

332 1473 363 1535 5⁰
384 1466 459 1536 Alia
479 1467 637 1534 nonnullo
656 1465 865 1548 documento,
890 1489 931 1534 ea
951 1467 1107 1558 Epitomc
1116 1467 1210 1557 juris
1229 1466 1343 1534 υείονὶε
1361 1467 1432 1534 Arr-

286 1575 367 1644 tonii
380 1574 554 1665 Auqostini
571 1572 754 1664 desrrmpta.
773 1613 816 1625 —
832 1601 849 1639 u
865 1574 1017 1643 Relatum
1033 1575 1137 1643 estad
1152 1571 1432 1665 SedemAposto-

286 1710 302 1746 α
327 1683 435 1768 licam,
451 1704 509 1749 vos
524 1681 759 1749 accusationem
775 1682 912 1750 fratrum
928 1681 1116 1773 perscripta
1129 1681 1293 1774 suscipere
1308 1680 1431 1772 absque

287 1816 304 1855 u
328 1787 473 1879 legitimo
494 1795 689 1873 accusatore,
715 1787 802 1880 quod
823 1787 974 1878 deinceps
994 1789 1028 1855 in
1052 1788 1143 1856 omni
1166 1788 1244 1857 orbe
1268 1795 1431 1855 terrarum

287 1923 304 1960 a
328 1895 398 1964 lieri
410 1895 593 1988 Apostolica
603 1895 792 1964 auctoritate
801 1895 1053 1986 prohibemus...
1067 1896 1179 1988 Neque
1189 1895 1276 1963 ullus
1283 1917 1429 1987 nuquam

288 2033 304 2070 «
326 2003 491 2096 judicetur
510 2009 683 2092 autequam
704 2001 865 2090 legitimos
883 2013 1083 2072 accusatores
1103 2011 1280 2094 praesentes
1298 2002 1426 2070 habeat.

288 2140 304 2177 <t
332 2113 512 2203 (Damasus,
543 2109 635 2201 epist.
666 2114 697 2176 o.
722 2149 767 2162 -
793 2109 981 2198 Anselmus,
1005 2110 1062 2178 lib.
1093 2113 1125 2196 l,
1154 2134 1182 2177 c.
1211 2114 1265 2179 17.
1292 2109 1428 2196 -lvo,

290 2247 306 2285 a
328 2228 417 2311 parte
439 2224 472 2304 o,
495 2242 523 2286 c.
548 2220 671 2308 3111)»
691 2215 788 2310 Apud
814 2217 997 2286 Antonium
1019 2218 1256 2307 Augustinum,
1279 2226 1368 2309 parta
1395 2222 1427 2301 3,

285 2327 368 2396 libro
386 2329 440 2412 30,
456 2327 504 2394 tit.
525 2330 556 2412 6,
573 2348 602 2393 c.
621 2329 653 2392 3.

332 2461 348 2496 «ι
363 2432 489 2500 Placuit
504 2440 540 2499 ut
554 2431 665 2500 nullus
681 2431 860 2524 Episcopus
871 2455 1068 2524 quemquam
1081 2432 1271 2500 clericorum
1281 2429 1430 2522 judicare

290 2571 306 2608 o
326 2550 382 2609 aut
403 2540 557 2607 damnare
573 2547 759 2630 prasumat,
782 2540 843 2607 nisi
859 2548 1028 2608 accusatus
1043 2539 1205 2629 legitimos
1226 2546 1430 2607 accusatores

289 2677 306 2714 o
330 2654 505 2739 praesentes
518 2645 644 2731 habeat,
659 2645 832 2737 locumque
852 2645 1048 2715 defendendi
1063 2646 1198 2740 accipiat
1211 2645 1251 2714 ad
1267 2645 1431 2713 abluenda

291 2783 307 2822 o
331 2753 481 2823 crimina.
503 2751 680 2844 (Adrianus
693 2752 734 2820 ad
751 2753 857 2843 Episc.
876 2753 1024 2838 Medici,
1042 2777 1070 2821 c.
1090 2752 1158 2844 20.)
1175 2780 1192 2818 n
1210 2752 1307 2844 Apud
1323 2753 1430 2820 Auto-

287 2865 379 2932 nium
396 2861 633 2951 Augustinum,
653 2861 722 2928 loco
737 2860 847 2944 citato,
864 2862 913 2928 tit.
935 2865 987 2946 13,
1006 2885 1034 2929 c.
1056 2864 1107 2928 18.

333 2974 365 3037 6⁰
386 2971 441 3037 Ea
464 2967 655 3047 Hincmaro,
685 2965 858 3034 llllemense
879 2968 1051 3059 Episcopo.
1077 3007 1122 3020 -
1145 2967 1209 3051 Qui
1232 2967 1428 3060 opusculum

287 3075 454 3146 Hincmari
469 3075 509 3142 do
523 3074 721 3165 Presbyteris
735 3075 914 3143 omminosis
927 3075 1016 3163 (tom.
1041 3078 1060 3141 2
1073 3075 1230 3167 Operum,
1251 3099 1325 3169 pag.
1348 3080 1426 3160 783,

288 3185 364 3254 edit.
389 3182 523 3252 Parisiis
542 3185 637 3271 1615)
657 3191 777 3250 attente
793 3183 919 3271 legerit,
943 3205 1003 3273 pro
1023 3190 1187 3274 comperto
1207 3183 1349 3269 habebit,
1367 3206 1427 3250 ne-

286 3315 450 3388 quaquam
469 3301 546 3359 tuuc
562 3289 715 3380 temporis
729 3289 763 3356 in
779 3313 840 3357 usu
855 3289 955 3359 luisse
969 3290 1213 3382 inquisitorium
1226 3313 1426 3382 processum.

287 3402 372 3469 Dum
388 3398 475 3466 enim
491 3397 536 3465 ibi
553 3396 736 3464 minutatim
755 3396 930 3487 exponitur
945 3399 1109 3489 quomodo
1129 3399 1163 3466 in
1179 3398 1339 3491 ejusmodi
1355 3421 1430 3467 reos

287 3514 421 3583 clericos
443 3511 483 3579 sit
506 3509 757 3602 procedendum,
778 3532 819 3576 ne
843 3509 943 3578 verbo
964 3509 1099 3602 quidem
1123 3512 1273 3580 innuitur
1291 3509 1339 3579 ias
1357 3534 1429 3579 esse

289 3623 447 3714 Episcopo
471 3639 510 3685 ex
535 3616 602 3684 sola
628 3625 793 3706 praeunte
815 3615 961 3684 criminis
985 3616 1072 3685 lama
1096 3617 1273 3709 inquirere,
1289 3625 1320 3684 et
1335 3617 1428 3685 nullo

287 3731 427 3798 instante
448 3731 630 3790 accusatore
648 3721 809 3812 judicium
831 3723 996 3814 expedire.
1021 3724 1125 3793 Immo
1147 3722 1344 3792 contrarium
1366 3747 1429 3792 ex-

288 3855 395 3924 presse
414 3839 566 3919 tauquam
591 3826 809 3897 indubitalum
825 3829 1068 3920 pronuntiatur.
1084 3831 1167 3899 Nam
1183 3840 1352 3923 postquam
1366 3831 1430 3898 ad-

289 3938 412 4009 notavit
431 3935 626 4004 Hiucmarus
641 3933 800 4026 Episcopo
814 3934 1030 4006 laborandum
1049 3959 1115 4004 uon
1130 3959 1211 4025 esse,
1228 3944 1265 4005 ut
1284 3937 1430 4029 inquirat

287 4047 327 4118 de
346 4048 483 4139 ipsomet
505 4041 767 4135 presbyterorum
787 4044 959 4113 concubitu
982 4067 1057 4113 cum
1077 4044 1220 4114 loeminis
1242 4045 1325 4135 (curn
1347 4044 1427 4114 hor-

287 4155 424 4223 rendum
444 4150 504 4219 hoc
524 4149 660 4235 facinus,
685 4149 711 4217 si
734 4150 864 4242 quando
887 4153 968 4220 forte
988 4159 1144 4244 patretur,
1167 4153 1302 4221 testibus
1320 4164 1430 4222 careat

286 4271 316 4330 et
337 4267 457 4328 secreto
478 4256 696 4348 obvolvatur),
721 4257 764 4327 ita
786 4258 957 4353 subjungit
983 4287 989 4326 :
1018 4287 1034 4324 o
1059 4258 1297 4332 Tantummodo
1317 4269 1425 4329 autem
