3050 4984
293 427 356 497 286
670 450 846 499 rnaorarua
868 450 908 497 nn
929 450 1064 499 morans.

292 600 309 637 u
333 570 517 663 proceditur
537 572 748 663 asuperiore,
764 571 805 639 ad
822 594 921 663 quem
938 582 986 639 est
1006 570 1230 641 remittendus.
1256 568 1423 661 (Capitale

292 709 309 743 n
333 680 443 747 Priori
465 683 519 762 31,
546 678 586 747 ele
612 680 752 770 Appell.)
787 706 803 741 n
833 680 880 747 lta
904 678 1211 770 Schmalzgrueber,
1239 680 1275 747 in
1299 676 1349 746 tit.
1377 681 1421 762 tl,

288 786 367 853 libri
383 790 402 853 2
417 786 647 871 Decretalium,
666 809 698 855 n.
722 790 762 853 no
779 793 811 853 ct
828 790 881 854 91.

334 898 367 961 l⁰
382 894 419 960 ln
435 894 474 960 iis
488 893 617 961 casibus
635 894 804 984 inquibus
820 892 993 985 appellatio
1012 892 1075 961 tuit
1090 892 1195 983 ajure
1211 892 1423 984 prohibituri

287 1000 420 1092 insuper
434 1000 706 1092 quandocumque
721 1000 837 1069 frivole
851 1010 883 1068 et
897 1000 1102 1069 frustratorie
1118 999 1350 1090 interponitur,
1369 1018 1422 1064 non

288 1117 415 1175 tenatur
431 1130 489 1176 nee
501 1107 595 1175 debet
605 1107 707 1198 judex
720 1108 750 1175 ei
762 1107 906 1187 delerre;
924 1116 956 1174 et
970 1130 1009 1175 ea
1019 1130 1086 1174 non
1099 1106 1245 1175 obstante
1260 1105 1346 1173 ultra
1359 1126 1423 1195 pro·

288 1214 416 1299 cedens,
440 1214 523 1281 nulli
543 1236 647 1306 prenae
667 1214 829 1283 obnoxius
847 1222 905 1282 eat.
923 1214 1059 1283 Constat
1079 1236 1121 1283 ex
1141 1213 1246 1303 capite
1269 1218 1286 1279 5
1307 1210 1348 1280 de
1368 1212 1423 1301 lp

285 1321 530 1412 pollutionibus,
542 1322 575 1388 in
590 1326 621 1405 6,
636 1322 669 1388 in
685 1344 751 1411 quo
768 1322 814 1389 sic
829 1321 1016 1389 decernitur
1035 1348 1042 1387 ι
1062 1322 1146 1389 Cum
1161 1318 1423 1411 appellationibus

287 1428 416 1508 friuolis
434 1446 491 1491 neo
499 1428 630 1509 justitio
646 1426 781 1507 deferat,
797 1446 854 1491 nec
872 1429 915 1490 sit
928 1447 950 1489 u
959 1427 1073 1510 judice
1087 1426 1313 1506 deserendum,
1335 1426 1364 1488 si
1374 1429 1423 1506 ju·

290 1535 353 1599 dea
366 1536 502 1615 inferior
515 1534 769 1617 appellationem
782 1536 893 1598 minus
907 1534 1089 1617 lepitimam
1102 1552 1168 1597 non
1182 1533 1348 1611 admittat,
1362 1549 1423 1594 ean

289 1642 487 1725 appellatore
506 1642 719 1705 nihilominus
741 1652 964 1725 prosequente,
988 1642 1139 1724 superior
1157 1641 1197 1703 de
1211 1642 1284 1723 ipsa
1303 1657 1423 1721 capnos-

287 1770 371 1827 eens,
384 1769 517 1813 causam
532 1749 579 1811 ad
595 1751 740 1831 priorem
754 1750 905 1831 judicem
919 1751 1032 1832 (jueta
1052 1751 1234 1813 narrationes
1253 1748 1423 1822 canonicas}

289 1860 357 1922 sine
386 1857 568 1940 difficultate
598 1859 751 1935 remittat,
777 1857 890 1921 eodem
913 1858 967 1921 die
990 1857 1293 1921 condemnationem
1311 1856 1424 1936 sanun

291 1984 517 2048 expensarum.
535 1968 576 2031 Si
589 1984 665 2029 uero
680 1965 789 2047 judea
803 1965 958 2029 admittat
975 1964 1135 2041 eamdem,
1152 1965 1225 2028 lieet
1239 1972 1309 2027 tam
1322 1960 1421 2045 oppet-

291 2073 381 2151 latio‚
397 2092 498 2156 quum
514 2076 616 2155 ipsius
629 2073 754 2155 judicis
770 2071 900 2149 cicuitio,
916 2091 938 2135 a
949 2074 1117 2154 superiore
1130 2072 1264 2136 ualeant
1282 2069 1421 2153 refutari,

290 2184 369 2263 qrtiu
384 2189 491 2243 tumen
499 2178 606 2263 judea
620 2181 698 2262 ipse,
713 2188 874 2262 quantum
889 2182 923 2242 in
938 2199 970 2243 se
988 2181 1065 2261 suit,
1082 2199 1104 2242 a
1117 2198 1150 2243 se
1169 2178 1423 2262 jurisdictionem

289 2288 455 2353 abdicauit
477 2284 634 2364 eamdem,
660 2287 876 2369 appellationi
902 2286 1047 2369 deserens
1077 2290 1186 2352 minus
1208 2287 1311 2369 juste,
1339 2284 1424 2347 totim

225 2394 228 2403 '
289 2414 395 2460 causae
410 2396 526 2459 decisio
542 2397 576 2457 in
590 2395 767 2477 superioris
779 2402 996 2477 estpotestate
1010 2397 1188 2477 trunsfitsa.

336 2508 367 2570 5⁰
383 2502 521 2585 Quando
541 2501 679 2570 dubium
697 2511 744 2569 est
764 2524 806 2569 an
827 2502 1012 2594 appellandi
1030 2526 1127 2572 causa
1150 2504 1192 2571 sit
1214 2525 1316 2571 necne
1332 2504 1421 2594 justa,

289 2621 322 2679 et
343 2610 523 2702 appellatur
545 2632 564 2676 o
588 2609 747 2677 sententia
769 2606 953 2695 definitiva,
977 2609 1071 2677 debet
1094 2609 1198 2700 judex
1226 2605 1422 2702 appellationi

288 2717 414 2785 deterre
429 2726 559 2807 propter
574 2715 788 2783 reverentiam
802 2715 990 2807 superioris.
1010 2715 1045 2783 Si
1059 2725 1168 2786 antem
1183 2716 1355 2810 appellatio
1370 2713 1422 2781 du·

288 2824 340 2892 hie
362 2824 448 2914 justo
467 2845 487 2888 a
506 2820 664 2888 sententia
687 2821 930 2889 interlocutoria
952 2823 1189 2914 interponatur,
1211 2824 1312 2891 satius
1330 2830 1375 2891 est
1393 2827 1425 2885 nt

286 2928 427 3015 delerat3
445 2950 510 2996 non
525 2938 632 2996 tamen
647 2927 773 2996 deferre
788 2936 925 2998 tenetur.
947 2929 996 2997 lta
1010 2928 1157 2999 doctores
1172 2952 1247 3000 cum
1264 2927 1423 2999 Schmnlz-

289 3037 428 3126 grueber
443 3036 489 3125 (in
507 3036 553 3102 tit.
573 3038 628 3120 28,
645 3035 703 3102 lib.
723 3039 741 3101 2
760 3034 869 3120 Deam,
886 3058 920 3102 n.
942 3038 1008 3126 93).
1488 3063 1490 3128 Ι

286 3198 287 3201 ,
334 3148 365 3210 6⁰
381 3142 518 3226 Quando
531 3142 633 3232 judex
649 3165 670 3209 a
687 3165 749 3233 quo
766 3143 973 3233 appellationi
987 3143 1113 3212 deferre
1127 3144 1273 3235 legitime
1294 3150 1420 3224 recusat,

287 3253 382 3320 debet
397 3249 611 3318 nihilominus
626 3250 786 3341 apostolos
803 3249 979 3340 appellanti
994 3250 1170 3320 concedere
1183 3280 1191 3332 ;
1209 3252 1268 3344 qui
1283 3249 1419 3344 apostoli,

288 3372 323 3427 nt
340 3358 574 3450 supradictum
590 3356 662 3444 fuit,
685 3379 813 3447 semper
827 3365 903 3424 sunt
918 3357 1116 3425 concedendi
1142 3382 1149 3423 :
1172 3359 1228 3426 sed
1250 3368 1326 3427 tunc
1342 3359 1423 3447 refu·

288 3466 425 3537 tatorios
444 3464 617 3549 concedet3
641 3485 695 3532 eos
717 3485 833 3554 nempe
848 3464 967 3553 quihus
988 3471 1122 3533 testetur
1138 3465 1245 3555 judici
1259 3466 1307 3534 od
1323 3485 1419 3557 quem,

287 3574 483 3667 appellatum
512 3572 644 3661 quidem
671 3569 787 3656 luisse,
813 3568 1020 3662 appellationi
1044 3581 1153 3641 autem
1182 3597 1216 3640 se
1242 3596 1309 3641 non
1339 3573 1420 3641 detn-

289 3684 376 3750 lisae.
1488 3693 1490 3752 i

331 3790 533 3872 Qnmr102··
552 3822 595 3837 -
616 3784 706 3869 Quid
725 3807 822 3875 apere
841 3784 954 3853 deleat
968 3786 1078 3876 judea
1096 3787 1266 3880 adquam,
1286 3799 1362 3879 post
1380 3787 1423 3852 in·
1488 3769 1490 3878 l

287 3897 474 3969 traductam
489 3895 524 3963 ln
539 3893 642 3984 ipsius
657 3892 748 3960 curio
763 3891 1039 3983 appellationem?
1053 3934 1099 3947 -
1112 3896 1213 3963 Debet
1230 3905 1305 3963 ante
1324 3893 1423 3964 omnia
1488 3885 1490 3973 l

285 4022 477 4091 cognoscere
500 4019 542 4065 an
561 3998 648 4088 justa
670 3997 769 4065 fuerit
791 3999 976 4090 appellandi
998 4022 1112 4086 carisa3
1137 4009 1168 4069 et
1191 3998 1422 4093 autequando
1488 3995 1490 4060 l

282 4114 342 4181 hoe
359 4110 494 4179 articulo
510 4105 715 4197 judicaverit,
734 4128 799 4173 non
819 4115 920 4198 potest
938 4107 977 4175 de
990 4131 1086 4176 causa
1103 4109 1274 4201 principali
1289 4131 1422 4200 cognos-
1488 4077 1490 4173 l

287 4242 370 4304 cere,
387 4240 490 4309 neque
506 4236 635 4284 oaumm
650 4212 751 4304 judici
766 4238 788 4281 u
804 4238 867 4307 quo
884 4217 1060 4284 remittere.
1488 4222 1490 4239 ¹
