3050 4984
303 486 342 555 st
676 504 850 555 rotmanos
873 504 911 553 oa
932 504 1065 554 roorurs.

299 629 429 717 dicitur,
447 626 602 721 quaelibet
623 628 736 697 notitia
756 628 854 698 alicui
870 629 944 697 data
962 628 1002 697 de
1019 628 1129 721 aliqua
1143 650 1191 696 re.
1207 625 1271 696 Sed
1288 626 1322 695 in
1336 627 1441 720 juris-

302 736 486 829 prudentia,
503 736 678 804 restrictior
694 735 831 804 inhaeret
853 735 930 804 huic
944 735 1101 804 vocabulo
1116 758 1241 805 sensus.
1259 736 1332 804 Non
1350 736 1441 803 enim

299 844 339 912 de
363 840 505 933 qualibet
527 862 574 925 re,
601 841 656 910 sed
677 841 717 911 de
739 842 850 934 aliquo
872 842 1045 911 dumtaxat
1074 842 1189 911 delicto
1214 842 1328 911 notitia
1352 841 1439 927 data,
1506 849 1507 852 ’

300 949 500 1019 denuntiatio
514 948 635 1039 injure
652 959 786 1019 vocatur
810 978 817 1019 :
836 960 933 1041 atque
956 950 1038 1019 adeo
1056 949 1097 1018 ad
1117 949 1371 1019 denuntiationis
1390 974 1442 1018 es-

299 1057 437 1127 sentiam
452 1056 611 1147 pertinere
633 1063 667 1125 ut
683 1056 724 1124 sit
738 1057 882 1148 alicujus
903 1056 1014 1125 delicti
1028 1056 1261 1149 manifestatio,
1285 1066 1333 1125 est
1346 1078 1443 1125 com-

301 1162 412 1231 munis
427 1162 598 1230 doctorum
614 1164 784 1248 sententia,
801 1170 838 1230 ut
854 1162 965 1231 videre
980 1170 1030 1230 est
1051 1162 1087 1229 in
1100 1184 1215 1231 eorum
1235 1172 1444 1231 commenta-

301 1270 357 1339 riis
373 1269 414 1339 ed
438 1269 570 1338 titulum
596 1273 625 1355 i,
654 1269 732 1339 libri
757 1274 775 1337 5
801 1268 1032 1340 Decretalium.
1061 1270 1136 1342 Nou
1158 1279 1269 1339 tamen
1289 1270 1446 1361 quaelibet

300 1376 518 1447 manifestatio
526 1375 635 1445 delicti
645 1375 847 1445 denuntiatio
858 1375 988 1468 proprie
997 1374 1084 1445 diota
1096 1376 1276 1467 reputanda
1284 1384 1343 1444 est.
1356 1374 1444 1444 Nam

299 1486 327 1553 si
343 1484 417 1575 quis
430 1482 562 1551 alterius
576 1482 730 1554 delictum
746 1492 863 1553 notum
878 1483 1013 1574 quidem
1034 1484 1141 1569 facim,
1163 1484 1220 1551 sed
1235 1484 1330 1551 alteri
1343 1506 1445 1575 quam

299 1589 520 1681 delinquentis
544 1590 719 1680 superiori,
743 1590 778 1657 id
806 1590 945 1659 minime
960 1592 995 1659 in
1016 1614 1115 1659 sensu
1134 1590 1218 1682 juris
1243 1588 1444 1658 denuntiatio

300 1699 373 1766 erit.
390 1696 461 1765 Dici
477 1719 555 1785 ergo
569 1697 663 1765 debet
673 1697 957 1768 denuntiationem
972 1721 1042 1766 esse
1056 1698 1200 1789 olicrcjur
1213 1697 1323 1767 delicti
1337 1697 1447 1765 mani·

296 1806 502 1898 sectationem
516 1805 678 1897 asperiori
689 1808 829 1897 sectam.
854 1806 918 1875 Sed
945 1830 1052 1899 neque
1072 1807 1119 1875 sic
1139 1815 1286 1875 accurate
1313 1806 1447 1875 definita

303 1920 485 1981 remaneret
500 1911 720 1997 denuntiatio;
739 1913 767 1981 si
779 1913 914 2005 quidem
927 1936 995 1982 nou
1009 1914 1247 1982 discerneretur
1261 1914 1302 1981 ab
1314 1935 1447 1981 accusa-

301 2021 399 2099 tione,
414 2040 488 2110 quae
501 2027 532 2087 et
545 2018 616 2109 ipsa
627 2026 674 2087 est
683 2020 822 2110 alicujus
831 2020 941 2088 delicti
950 2021 1170 2089 manifestatio
1179 2019 1339 2111 superiori
1349 2020 1444 2114 lacta.

302 2124 461 2195 Addenda
472 2146 551 2215 ergo
559 2126 753 2217 estqualitas
764 2126 887 2218 aliqua,
900 2127 1141 2196 denuntiationi
1150 2128 1286 2197 omnino
1297 2128 1445 2218 propria,

301 2257 367 2325 qua
381 2234 421 2301 ab
436 2233 507 2324 ipsa
520 2233 617 2300 etiam
633 2234 836 2302 accusatione
851 2233 1083 2325 distinguatur.
1103 2235 1217 2323 Porro,
1232 2242 1269 2302 ut
1285 2220 1448 2326 superiori

303 2341 404 2433 capite
420 2364 498 2409 cum
513 2340 624 2408 Lessio
642 2340 803 2425 diximus,
821 2340 855 2410 in
870 2364 908 2410 eo
922 2342 1087 2433 praecipue
1110 2340 1267 2411 differunt
1281 2348 1449 2410 accusator

303 2460 334 2518 et
346 2448 565 2533 denuntiator,
582 2447 669 2537 qood
686 2448 777 2538 prior
793 2471 877 2516 onus
890 2449 1050 2540 probandi
1067 2449 1130 2517 sihi
1153 2459 1313 2536 assumat,
1336 2459 1448 2541 poste-

305 2556 371 2624 rior
384 2577 448 2624 non
461 2554 515 2622 ita.
534 2552 668 2642 Adjecta
680 2576 759 2641 ergo
771 2553 835 2621 hac
850 2554 1034 2623 distinctiva
1047 2556 1213 2645 qualitate,
1230 2557 1276 2625 sic
1291 2565 1375 2625 recte
1390 2555 1448 2623 de-

306 2662 393 2729 tiniri
410 2668 514 2753 potest
528 2659 730 2727 denuntiatio
747 2686 754 2727 :
773 2660 921 2752 Alicujus
933 2660 1042 2731 delicti
1054 2662 1276 2755 manifestatio
1289 2664 1452 2755 superiora¹

302 2772 407 2861 ,locta
423 2789 488 2835 non
502 2778 669 2856 assumpto
680 2766 848 2857 probandi
856 2790 960 2837 onem.

351 2875 489 2959 Quando
501 2873 696 2941 denuntians
710 2876 859 2963 queritur
874 2898 908 2943 se
927 2876 1046 2945 lesum
1060 2877 1160 2945 fuisse
1174 2900 1232 2969 per
1244 2876 1325 2946 iilud
1341 2878 1451 2969 ipsum

308 2983 464 3051 delictum
485 2980 572 3071 quod
593 2979 775 3067 denuntiat,
800 2991 832 3047 et
854 2982 916 3050 sihi
937 2982 1100 3051 damnum
1116 2983 1266 3053 resarciri
1280 2984 1371 3075 petit,
1388 2984 1452 3053 de-

309 3087 467 3159 nuntiatio
482 3087 620 3178 qtcerelee
634 3087 767 3155 nomine
789 3090 972 3181 nuncupari
993 3090 1084 3158 solet.
1101 3090 1215 3158 Differt
1227 3114 1307 3180 ergo
1320 3092 1453 3183 querela

308 3226 328 3269 a
341 3198 596 3283 denuntiatione,
612 3203 769 3287 tanquam
785 3198 906 3287 species
919 3222 940 3266 a
953 3222 1086 3289 genere3
1103 3201 1149 3267 ita
1161 3200 1295 3286 scilicet,
1312 3208 1452 3290 atquae-

311 3309 388 3376 libet
402 3303 641 3397 querelasimul
657 3304 698 3370 sit
711 3302 913 3373 denuntiatio
925 3332 933 3393 3
945 3330 1011 3376 non
1024 3316 1149 3393 tamen,
1160 3307 1343 3394 vioevcrsa,
1354 3330 1454 3397 quae·

314 3416 389 3483 libet
402 3411 603 3481 denuntiatio
618 3408 750 3503 querela
765 3410 833 3478 dici
848 3414 961 3503 possit.

356 3523 396 3591 ΙΙ.
414 3519 599 3610 Quotoplea
606 3517 829 3609 distinquotor
837 3519 1097 3592 denuntiationis
1105 3522 1233 3612 spectes.
1245 3521 1454 3590 -10Dividi

312 3630 392 3700 solet
405 3626 605 3697 denuntiatio
615 3625 648 3692 in
658 3626 888 3716 evanqclicam,
901 3636 932 3695 et
935 3628 1143 3718 judicialem,
1154 3630 1354 3720 Eoonpclico
1367 3630 1453 3720 (quae

315 3740 412 3807 etiam
427 3743 572 3826 paterna,
591 3732 733 3800 fraterna
748 3741 780 3801 et
794 3733 988 3805 charitativa
1005 3735 1241 3827 nuncupatur),
1262 3759 1300 3805 ea
1319 3744 1367 3804 est
1379 3760 1455 3827 quoe

316 3848 351 3914 iit
364 3842 525 3935 superiori
537 3850 692 3931 tanquam
698 3843 803 3931 patri,
818 3864 882 3911 non
897 3843 938 3911 ad
951 3843 1117 3934 publicam
1138 3844 1329 3931 vindictam,
1343 3844 1400 3912 sed
1414 3842 1457 3910 ad

317 3962 484 4046 paternam
493 3947 726 4015 correctionem
738 3957 770 4015 et
780 3948 1043 4018 emendationem
1053 3950 1247 4019 denuntiati.
1262 3950 1460 4040 Euangeliou

319 4068 497 4131 vocatureo
503 4056 756 4149 quodaChristo
764 4057 904 4127 Domino
916 4061 1032 4129 tradita
1040 4071 1073 4128 et
1081 4060 1461 4153 praescriptareperiatur

319 4172 353 4239 in
369 4164 547 4255 Evangelio
561 4164 663 4231 sancti
677 4162 820 4234 Matthaei
838 4168 878 4258 (c.
900 4170 953 4255 18,
971 4190 1004 4234 v.
1025 4169 1090 4258 ra).
1108 4169 1186 4235 Haec
1199 4168 1240 4235 ad
1256 4168 1360 4237 nostri
1373 4178 1461 4234 trac-

321 4290 405 4355 tatus
420 4296 552 4368 scopum
567 4271 698 4364 proprie
708 4294 775 4342 non
785 4282 915 4365 spectat.
929 4274 1100 4344 ludt'ciolis
1110 4298 1149 4345 ea
1158 4284 1218 4365 est,
1231 4298 1306 4368 qum
1316 4276 1462 4370 fitsupe-
