3050 4984
274 485 312 550 68
648 500 824 549 macrams
846 503 885 548 no
906 501 1040 548 morans.

274 625 466 716 «quirunt,
498 625 553 692 sed
577 626 684 692 solnm
714 625 916 692 constituunt
955 623 1173 714 differentiam
1201 643 1298 713 snper
1325 620 1416 690 illins
1512 648 1513 653 ¹

272 757 289 796 a
309 731 513 822 probatione.
533 758 549 796 n
570 732 668 822 (Loco
684 732 753 817 cit,
770 755 805 799 u.
826 732 895 820 61.)
1512 728 1513 737 ’

315 840 404 907 Idem
422 839 508 930 quod
529 839 717 930 Fagnanus‚
737 847 873 907 testatur
893 839 1024 907 Lessius
1049 837 1098 928 (de
1116 841 1197 904 inre
1216 849 1247 904 et
1267 837 1413 917 institia,
1512 926 1513 931 ἵ

268 947 326 1014 lib.
345 951 377 1032 2,
395 969 423 1013 c.
446 951 500 1032 20,
524 971 557 1014 n.
585 947 675 1037 121),
695 947 910 1038 quaestionem
936 946 1039 1036 ipsam
1055 968 1096 1012 ex
1121 943 1266 1034 professo
1288 945 1332 1010 sic
1353 967 1416 1012 ex-
1512 960 1513 969 ’

269 1053 438 1144 pendens:
461 1053 610 1122 «Utrum
631 1053 670 1121 ad
692 1052 937 1144 inquisitionem
960 1052 1131 1144 specialem
1157 1073 1283 1118 necesse
1304 1051 1345 1117 sit
1364 1051 1419 1116 in·
1512 1034 1513 1093 ]

273 1185 291 1224 a
313 1159 445 1226 femiam
461 1161 667 1251 praeccderel
677 1160 870 1251 Respondco
884 1187 890 1228 :
905 1157 1088 1228 communis
1103 1157 1272 1225 doctorum
1289 1165 1418 1224 senten·

271 1291 288 1330 a
312 1266 355 1334 tia
370 1275 430 1350 cst,
444 1274 480 1332 ut
486 1265 589 1356 judex
600 1266 700 1357 possit
712 1275 824 1334 contra
836 1266 979 1357 aliquem
993 1264 1162 1332 instituere
1175 1263 1417 1353 inquisitionem

274 1373 498 1464 «specialem,
537 1373 721 1441 tendentem
755 1374 796 1441 ad
831 1372 1037 1465 punitionem
1075 1371 1263 1453 criminum,
1302 1368 1420 1436 debere

273 1481 498 1572 «precedere
523 1479 665 1571 aliquam
690 1480 859 1547 infamiam
885 1480 1037 1548 auctoris.
1065 1478 1145 1546 Dico
1170 1475 1350 1545 tendentem
1372 1475 1423 1543 od

273 1612 291 1653 a
311 1587 519 1678 punitionem
536 1587 637 1676 :quia
649 1587 689 1654 ad
705 1587 829 1655 melum
844 1587 1102 1677 impediendum,
1117 1595 1153 1654 ut
1163 1585 1296 1675 quando
1309 1582 1421 1672 agitur

271 1720 288 1760 a
312 1695 352 1761 de
367 1692 596 1761 beneficiorum
619 1702 650 1760 et
670 1692 852 1762 officiorum
873 1693 1055 1778 collatione,
1078 1692 1129 1760 vel
1148 1692 1189 1759 de
1212 1691 1422 1759 matrimonio
1512 1746 1513 1757 2

271 1829 288 1866 a
312 1801 544 1886 contrahendo,
556 1800 680 1868 licitum
695 1809 742 1868 est
751 1802 916 1893 inquirere
928 1801 968 1869 de
979 1800 1220 1892 impedimentis
1232 1799 1284 1865 vel
1293 1798 1422 1865 delictis

274 1936 289 1972 a
314 1929 526 2001 personarum
537 1908 796 1998 particularium,
808 1909 868 1976 etsi
879 1909 991 1977 nullus
1001 1908 1041 1976 de
1056 1907 1119 1974 illis
1130 1907 1174 1974 sit
1185 1929 1339 1973 rumor...
1353 1905 1421 1972 Dc-

274 2045 290 2079 «
315 2016 391 2082 hent
400 2022 511 2082 temen
521 2022 598 2082 tunc
610 2014 749 2082 crimine
763 2015 986 2106 superioribus
996 2014 1116 2106 aperiri
1128 2021 1264 2098 secreto,
1275 2020 1307 2081 et
1320 2035 1420 2102 qnam

274 2151 290 2186 n
316 2122 452 2190 minime
468 2121 539 2188 lieri
556 2129 660 2212 potest
674 2121 772 2190 famae
786 2121 930 2190 laesioue.
947 2149 965 2187 o

314 2229 482 2296 Probatur
506 2233 551 2314 3⁰,
578 2228 762 2296 rationibus
789 2228 884 2320 apud
906 2228 1050 2296 doctores
1077 2229 1111 2296 in
1135 2227 1422 2318 confirmationem

263 2333 357 2424 juris
370 2334 504 2424 positivi
524 2333 646 2401 adduci
664 2334 779 2402 solitis.
797 2375 842 2386 —
860 2334 987 2402 «Ratio
1003 2342 1050 2401 est
1069 2333 1147 2424 quia
1165 2332 1266 2424 judex
1290 2332 1424 2423 quando

275 2467 290 2503 a
315 2441 355 2508 ad
376 2441 578 2530 punitionem
598 2441 772 2508 criminum
792 2441 953 2531 procedit,
975 2441 1069 2508 dehet
1085 2463 1127 2508 ex
1147 2440 1279 2506 scientia
1293 2439 1426 2529 publica
1512 2426 1513 2429 ¹

276 2573 292 2611 a
315 2547 487 2637 procedere
508 2574 514 2612 :
531 2547 662 2614 scientie
679 2557 786 2615 autem
797 2549 927 2638 publica
941 2555 1000 2633 est,
1019 2569 1093 2638 quae
1107 2546 1247 2613 hahetur
1258 2567 1426 2637 peroccu-

273 2681 290 2717 (ι
314 2654 484 2739 sationem,
501 2654 553 2720 vel
565 2653 799 2720 confessionem
817 2654 876 2722 Rei
894 2654 1079 2744 injudicio,
1096 2654 1148 2721 vel
1163 2675 1222 2744 per
1235 2653 1425 2735 infamiam,

275 2789 291 2826 (ι
315 2770 370 2828 eut
396 2760 553 2850 perfecti
579 2759 776 2828 evidentiam
804 2761 839 2828 iu
866 2772 1040 2852 conspectu
1064 2760 1184 2851 judicis
1208 2768 1239 2826 et
1267 2760 1422 2826 aliorum.

273 2897 289 2936 «
314 2869 564 2938 Confirmatur:
593 2867 670 2958 quia
698 2870 814 2938 merito
839 2871 977 2960 quisque
1001 2878 1109 2959 posset
1135 2869 1230 2960 queri
1258 2869 1320 2935 sihi
1351 2869 1426 2934 fieri

274 3001 291 3040 a
315 2976 481 3065 injuriam,
499 2974 577 3041 siin
597 2976 698 3041 vitem
721 2975 793 3065 ejus
807 2976 949 3066 juridice
963 2977 1202 3067 inquireretur,
1225 2973 1318 3065 cujus
1338 2973 1430 3041 fama

277 3108 294 3147 a
317 3081 461 3171 alioquin
483 3089 530 3147 est
547 3081 674 3171 integra
694 3105 793 3150 :nam
813 3105 871 3173 per
893 3085 989 3150 talem
1010 3082 1255 3174 inquisitionem
1277 3079 1430 3148 redditur

279 3215 295 3252 c
320 3197 497 3278 susspectus.
516 3213 532 3251 n
556 3189 708 3278 (Lessius,
725 3189 764 3257 de
778 3193 857 3257 inre
870 3202 900 3257 et
912 3191 1061 3271 institia,
1080 3191 1104 3256 l.
1125 3195 1156 3276 2,
1171 3212 1199 3256 c.
1215 3193 1270 3274 29,
1284 3212 1319 3255 n.
1334 3189 1430 3278 122.)

323 3293 486 3361 Probatur
509 3299 554 3380 l⁰,
581 3319 620 3362 ea
637 3297 718 3386 jure
739 3298 900 3364 naturali.
926 3337 971 3348 -
990 3298 1149 3378 Quamvis
1168 3297 1254 3363 euim
1277 3296 1429 3385 probatio

277 3403 348 3470 haec
363 3423 402 3468 ex
413 3401 486 3492 jure
496 3402 635 3469 naturali
649 3401 787 3469 deducta
796 3403 942 3493 ri'gorosa
951 3427 1016 3472 non
1029 3405 1082 3489 sit,
1095 3411 1205 3494 utpote
1218 3402 1304 3491 apud
1315 3402 1430 3469 docto-

279 3533 330 3578 res
352 3519 558 3578 oontroversa
578 3517 610 3576 et
631 3511 739 3577 minus
755 3519 894 3603 recepta,
912 3519 1020 3579 tamen
1041 3511 1191 3578 illicitum
1207 3531 1275 3576 non
1293 3517 1340 3576 est
1355 3532 1431 3577 eam

279 3619 448 3685 sustinere.
469 3617 575 3685 Potest
590 3625 696 3686 eutem
714 3619 774 3686 hoc
788 3644 884 3688 sensu
900 3619 1029 3688 defendi
1045 3647 1052 3686 :
1067 3620 1141 3688 Nisi
1150 3618 1306 3686 delictam
1317 3619 1433 3685 oceni-

280 3739 351 3792 tnm
374 3737 486 3812 oerpot
502 3725 537 3790 in
553 3724 715 3792 domnum
734 3729 981 3795 communitatis
993 3739 1055 3794 ont
1067 3724 1230 3818 prorimi
1247 3747 1312 3792 non
1335 3724 1432 3792 dehet

275 3832 485 3924 judicialiter
493 3832 618 3922 inquiri
627 3833 673 3902 nd
677 3857 822 3923 poenom,
835 3836 966 3902 etiamsi
976 3834 1149 3924 injudicio
1157 3831 1298 3924 probari
1307 3834 1431 3922 possit.

280 3941 363 4009 Nam
373 3940 447 4029 jure
462 3939 604 4006 naturali
620 3939 810 4030 prohibetur
822 3967 863 4009 ne
874 3943 928 4010 cui
944 3942 1064 4033 injuria
1076 3964 1133 4033 per
1145 3941 1242 4007 famae
1257 3939 1431 4008 laesionem

281 4047 453 4131 inferatur,
467 4047 529 4112 nisi
541 4047 662 4114 honum
673 4051 925 4137 communitatis,
939 4049 1027 4141 quod
1039 4049 1177 4139 quisque
1190 4056 1317 4116 tenetur
1328 4046 1435 4116 etiam

281 4177 356 4221 cum
369 4153 501 4243 proprio
510 4151 703 4222 detrimento
716 4177 903 4246 procurare,
915 4157 950 4224 id
962 4157 1083 4244 exiget.
1098 4155 1197 4246 Atqui
1207 4154 1241 4220 in
1252 4153 1436 4245 hypothesi

284 4261 431 4332 criminis
443 4260 570 4348 occulti,
587 4261 643 4328 sed
654 4283 712 4330 nec
723 4263 947 4332 communitati
958 4285 1018 4333 nec
1029 4261 1181 4354 proximo
1193 4261 1314 4352 nocivi,
1329 4261 1357 4327 si
1370 4261 1438 4334 lint
