3050 4984
567 462 641 507 PARS
664 458 810 508 suetiam.

549 747 689 818 CAPUT
713 745 821 818 xL1x

117 942 220 990 romu
243 941 416 989 SENTENTIAE
439 943 651 989 bvsoinromffi
673 943 729 988 rito
757 942 817 988 REO
840 941 902 987 Non
929 941 1063 988 murtro
1085 943 1251 992 cumbum.

161 1164 229 1228 «In
240 1165 372 1228 nomine
462 1163 505 1244 (vt
519 1163 644 1246 relique
664 1165 703 1227 ut
724 1181 823 1245 supra
841 1163 943 1246 cupito
956 1163 1018 1246 47),
1035 1163 1173 1228 dicimus
1196 1164 1253 1229 do-

114 1271 244 1334 minum
259 1271 314 1350 N„
335 1289 402 1335 non
413 1272 514 1352 fuisse
528 1279 695 1353 repertum
710 1269 917 1354 culpabilem,
932 1289 990 1335 nec
1004 1269 1045 1335 de
1062 1275 1143 1354 jure
1152 1274 1254 1354 purn'-

118 1378 231 1460 bilem;
259 1387 289 1442 et
315 1378 455 1463 proinde
486 1380 594 1461 ipsum
624 1376 821 1442 absolvimus
848 1379 890 1441 ab
919 1380 1010 1442 omni
1033 1379 1255 1443 observatione

114 1486 293 1568 judiciive
313 1486 429 1569 quavis
442 1485 592 1550 ulteriori
605 1486 760 1548 instantia
768 1503 782 1565 ;
802 1491 833 1548 cl
850 1503 956 1550 causa
976 1485 1254 1569 buioperpetunm

114 1593 281 1657 silentium
309 1593 516 1676 imponimus.
544 1594 595 1658 lta
618 1591 677 1656 bac
704 1599 735 1655 et
755 1593 847 1656 omni
871 1592 1001 1657 meliori
1024 1593 1131 1657 modo.
1158 1594 1252 1671 Lata,

115 1701 197 1764 lecta
216 1708 247 1764 et
266 1700 433 1783 publicato
451 1701 518 1781 suit
538 1698 592 1763 die
659 1701 779 1765 mensis
845 1719 932 1764 anno
949 1747 997 1778 ...,
1013 1702 1048 1763 in
1066 1700 1110 1781 (et
1135 1700 1179 1764 ibi
1197 1719 1253 1783 po-

113 1811 212 1872 natur
233 1809 343 1891 locus).
360 1843 398 1854 -
413 1807 467 1873 Ita
478 1809 768 1891 pronuntiavimus
775 1826 840 1892 pro
866 1807 1026 1873 tribunali
1046 1807 1198 1873 sedentes.
1215 1843 1254 1856 —

113 1915 170 1996 Ν.,
193 1914 339 1984 Vivarius
352 1915 524 1999 arnualis.
540 1915 645 1997 -N.,
662 1917 840 1982 actuarius.
858 1941 874 1974 »

579 2215 722 2288 CAPUT
744 2217 784 2286 L.

235 2391 336 2459 sonim
360 2411 534 2458 summum
557 2412 773 2459 Avsoturomn
795 2413 845 2458 REI
869 2414 906 2458 m*
929 2411 1141 2460 Accbsbrorus·

160 2641 176 2674 «
198 2616 237 2680 ln
252 2617 383 2680 nomine
451 2619 492 2694 (ot
511 2616 633 2698 reliqua
657 2619 693 2680 ut
706 2633 805 2698 supra
818 2615 922 2698 eapite
938 2619 1002 2695 47),
1018 2616 1157 2681 dicimus
1164 2634 1254 2700 prse-

115 2725 238 2788 dictum
252 2725 422 2789 dominum
449 2725 482 2786 N
484 2770 504 2801 .‚
520 2733 708 2787 accusatum
737 2724 777 2788 de
799 2733 1082 2807 supramemorato
1107 2725 1253 2801 crimine,

113 2830 320 2896 nullomodo
344 2831 540 2894 commisisse
566 2829 630 2894 tole
654 2831 778 2894 crimen
800 2831 880 2912 (sivo
894 2849 959 2894 non
972 2831 1072 2895 fuisso
1090 2834 1255 2914 repertum

114 2938 321 3021 culpabilem
338 2938 406 3002 sivo
420 2955 485 3001 uon
508 2937 608 3002 fuisso
621 2940 792 3020 probatum
807 2938 1007 3020 culpabilem)
1027 2960 1035 3001 :
1053 2937 1190 3022 proinde
1204 2940 1255 3021 ip-

114 3065 189 3110 sum
204 3053 362 3128 tanquam
377 3047 578 3108 innocentem
595 3044 794 3109 absolvimus
807 3045 849 3108 ab
865 3045 1087 3110 observatione
1113 3045 1254 3129 judicii3

117 3155 195 3232 sivo,
213 3160 370 3235 tanquam
383 3170 449 3215 non
463 3160 627 3235 repertum
641 3152 848 3236 culpabilem,
862 3153 918 3217 vel
928 3154 968 3218 de
976 3154 1253 3237 jurepunr'bilm

116 3260 325 3340 absolvimus,
341 3269 374 3324 et
399 3259 474 3324 buis
498 3278 604 3324 causa
623 3269 820 3344 perpetuum
847 3261 1014 3326 silentium
1042 3264 1255 3345 imponimus;

116 3368 196 3446 sivo,
212 3366 309 3432 rebus
322 3366 541 3432 sivstantibus
568 3375 598 3431 et
616 3369 711 3431 novis
733 3385 799 3431 nan
814 3369 1113 3450 supervenientibus
1127 3369 1256 3433 indiciis

117 3474 314 3538 absolvimus
322 3492 388 3557 pro
409 3491 495 3538 nunc
513 3473 554 3538 ab
582 3475 803 3540 observatione
818 3473 950 3556 judicii.
971 3475 1118 3541 Dicimus
1129 3477 1257 3557 pariter

117 3583 289 3645 dominum
310 3580 343 3646 N
345 3629 366 3660 .,
393 3589 624 3660 accusatorem,
640 3581 864 3646 concludenter
875 3582 1028 3664 probasse
1036 3578 1085 3661 se,
1099 3601 1164 3646 non
1182 3582 1256 3647 dolo

118 3687 206 3753 malo
227 3708 284 3753 nec
303 3690 415 3752 animo
438 3689 665 3755 calumniandi
684 3689 882 3772 pradictum
903 3690 1073 3754 dominum
1095 3690 1136 3754 N.
1159 3707 1256 3754 accu-

116 3815 215 3875 sasse,
236 3815 312 3860 cam
324 3796 363 3860 de
377 3797 437 3862 tali
457 3798 594 3862 crimine
607 3817 673 3863 esse
684 3797 853 3881 publicam
866 3815 978 3863 vocem
991 3806 1023 3862 et
1041 3799 1172 3879 samam
1185 3817 1257 3862 con·

116 3912 204 3968 stare
216 3905 329 3986 feeerit
342 3903 423 3984 (sivo
438 3907 639 3987 exprimatur
653 3905 715 3969 aliu
728 3906 838 3987 aliqua
863 3924 961 3969 causa
974 3925 1015 3970 ox
1032 3904 1105 3983 illis,
1122 3905 1162 3968 ob
1175 3924 1257 3986 quas

118 4019 284 4075 aecusator
312 4031 377 4074 uon
405 4013 544 4093 probans
569 4013 726 4077 liberatur
761 4033 782 4076 a
810 4029 905 4095 poenu
932 4013 1213 4094 calumniatorum)
1248 4035 1255 4074 :

119 4119 261 4185 Proinde
276 4119 375 4182 etiam
396 4119 503 4201 ipsum
523 4119 720 4184 absolvimus
734 4119 776 4182 ab
790 4121 882 4184 omni
894 4118 1115 4183 observatione
1123 4119 1255 4199 judicii.

118 4229 172 4293 lla
188 4225 246 4290 boc
273 4234 304 4289 et
331 4227 422 4291 omni
445 4225 576 4290 meliori
603 4227 710 4292 modo.
728 4228 824 4305 Lata,
841 4228 921 4291 lecta
942 4235 973 4290 et
992 4226 1159 4310 publicata
1180 4229 1258 4311 suit,
