3050 4984
306 481 366 550 508
675 508 850 554 succussus
873 509 911 554 uu
933 507 1063 553 runicus.

302 625 426 695 litteras
441 627 709 696 commissoriules
723 629 801 698 dare
815 630 932 721 poterit
945 627 1043 697 etiam
1052 627 1206 698 Vicurius
1215 626 1394 717 generalis.
1411 625 1445 694 Si
1509 641 1510 660 ³

301 754 381 801 vero
394 733 510 802 iisdem
523 733 640 803 litteris
652 737 817 804 actuarius
832 736 889 828 qui
903 735 1078 827 deputatur
1091 733 1250 804 creandus
1264 734 1306 803 sit
1332 733 1371 800 iu
1386 757 1448 802 uo-

301 839 422 909 turium
433 840 616 933 publicum,
631 865 686 910 ess
699 842 777 919 dare
791 842 919 912 debebit
933 842 1130 934 Episcopus3
1141 840 1267 910 cumub
1279 841 1365 932 ipso,
1381 864 1448 910 uon

304 955 410 1016 aulem
427 971 447 1016 u
467 948 599 1018 Vicurio
614 950 771 1038 generali,
788 949 891 1020 creari
918 949 1043 1042 possint
1059 947 1176 1016 notarii
1202 947 1334 1042 publici.
1363 948 1448 1031 Quae

303 1057 479 1144 polenteles
491 1057 606 1126 litterae
622 1057 650 1125 si
664 1058 706 1126 ab
721 1059 881 1151 Episcopo
896 1057 1094 1143 scribantur,
1110 1064 1262 1148 poterunt
1271 1053 1333 1124 boc
1347 1055 1449 1124 modu

304 1181 507 1232 coucuuuuri.

352 1271 450 1352 «N,
478 1272 701 1341 Ambianeusis
727 1273 919 1364 Episcopus,
938 1273 1053 1342 dilecto
1081 1274 1116 1339 iu
1134 1271 1263 1340 Clarista
1286 1271 1362 1362 filio
1389 1275 1448 1353 N..

304 1375 419 1465 oppidi
430 1380 487 1460 N..
506 1378 649 1450 dioecesis
662 1393 782 1450 nostru
794 1379 952 1472 parocho,
969 1379 1155 1448 salutemet
1180 1376 1449 1448 desudationem.

308 1483 392 1551 Cum
402 1483 554 1555 dominus
571 1490 616 1558 N.
633 1486 681 1555 ad
693 1510 751 1556 nos
761 1509 823 1578 per
838 1487 964 1556 litteras
986 1485 1204 1554 trarumiserit
1219 1482 1452 1552 derauntiatio-
1509 1503 1510 1560 t

304 1611 378 1656 uem
387 1594 601 1683 praesentibus
613 1594 733 1663 nostris
748 1594 921 1676 inclusam,
940 1605 970 1662 et
984 1593 1083 1685 officii
1092 1591 1197 1661 nostri
1206 1591 1261 1674 sit,
1270 1605 1452 1684 antequam

305 1695 342 1762 in
356 1695 589 1770 denuntiatum
596 1700 810 1793 procedatur,
827 1715 864 1771 ut
882 1712 1085 1792 compertum
1108 1698 1287 1768 babeamus
1300 1721 1386 1767 ruem
1400 1721 1455 1766 re-
1509 1711 1510 1790 t

306 1825 384 1871 vera
394 1807 571 1896 pradictus
590 1811 634 1880 N.
658 1809 945 1878 denuntiationem
961 1807 1045 1877 banc
1070 1807 1233 1898 scripserit
1254 1817 1285 1874 ct
1300 1828 1379 1874 eam
1391 1830 1454 1898 pro
1509 1803 1510 1858 fi

305 1933 368 1977 sua
381 1928 557 2003 aquodam
573 1917 730 2007 quoniam
740 1917 878 1986 aliunde
892 1915 1000 2008 dipnis
1014 1914 1053 1983 de
1076 1914 1193 1996 causis,
1213 1913 1367 1982 animum
1378 1937 1455 1982 nos·
1509 1963 1510 1974 .

306 2029 396 2086 trum
411 2023 625 2106 proventibus,
638 2023 832 2114 judicamus
847 2045 915 2092 non
926 2045 989 2092 esse
1004 2034 1228 2114 opportunum
1243 2019 1399 2090 eumdem
1408 2025 1452 2092 N.
1509 2021 1510 2032 ³

306 2123 353 2192 ad
364 2139 512 2197 nostram
523 2130 651 2198 citriam
666 2153 801 2212 uocare‚·
817 2129 888 2198 ideo
905 2129 1061 2198 munius
1077 2128 1138 2197 tibi
1149 2128 1347 2198 sumendam
1361 2130 1456 2219 ejtu-

304 2231 396 2300 modi
409 2233 677 2325 informationem
692 2237 903 2306 demandare.
921 2241 1051 2306 Harum
1066 2259 1142 2327 erpa
1155 2235 1236 2306 serie
1253 2235 1325 2304 Tibi
1332 2237 1455 2327 injun-
1509 2245 1510 2254 ’

305 2339 414 2427 pimus
429 2355 466 2410 ut
484 2343 624 2434 (adjecto
640 2345 703 2414 tibi
724 2346 760 2413 in
786 2344 974 2414 actuarium
989 2342 1122 2411 domino
1149 2346 1207 2426 N„
1224 2365 1322 2434 quem
1342 2344 1456 2434 sipara
1509 2343 1510 2426 Ῐ

303 2451 525 2536 praesentium,
543 2452 589 2521 ad
615 2455 761 2544 effectum
785 2452 962 2522 dumtaxat
988 2449 1155 2520 sumerrda
1177 2449 1272 2520 dicte
1287 2451 1456 2541 informa-
1509 2463 1510 2548 J

303 2553 409 2638 tionis,
426 2559 595 2627 notarium
606 2560 777 2650 publicum
792 2581 951 2640 creamus,
969 2582 990 2626 a
1013 2580 1077 2649 quo
1098 2571 1128 2625 et
1156 2557 1289 2625 salitum
1302 2557 1455 2646 fidelita-
1509 2619 1510 2646 ἶ

307 2661 348 2728 tis
360 2663 596 2752 juramentum
604 2668 702 2758 prius
718 2667 882 2758 accipies),
895 2668 1078 2757 pressatum
1106 2663 1278 2731 dominum
1291 2666 1336 2734 N.
1353 2664 1457 2734 adeas
1509 2705 1510 2744 t

305 2768 369 2859 (vel
383 2793 494 2839 coram
510 2783 540 2840 te
556 2775 663 2842 vocari
678 2773 801 2864 lacius),
818 2787 846 2840 ct
856 2771 1001 2863 juridice
1014 2793 1126 2840 coram
1141 2769 1227 2838 dicto
1242 2771 1379 2838 notario
1403 2774 1454 2839 in·

307 2887 447 2969 terropes
465 2901 562 2970 super
576 2881 726 2950 articulis
740 2881 829 2971 infra
855 2877 1079 2948 describendis.
1106 2877 1323 2968 Praeczptmus
1342 2894 1459 2946 autem
1509 2901 1510 2930 ³

306 2984 365 3052 sub
376 2987 514 3075 formali
524 3001 688 3081 precepto
713 3000 743 3055 et
759 2988 793 3054 iu
809 2987 930 3055 uirtute
947 2986 1096 3077 Spiritus
1111 2983 1231 3053 Sancti
1245 2983 1381 3053 domina
1399 2989 1456 3068 lt'„

308 3102 344 3157 ut
361 3102 392 3159 te
416 3105 576 3184 tanquam
590 3107 739 3163 nostrum
754 3094 1020 3162 commissarium
1046 3091 1233 3182 deleqatum
1257 3090 1304 3159 ad
1324 3114 1458 3161 sumet-

307 3195 590 3289 dampraedictam
602 3201 872 3290 informationem
885 3210 1101 3290 recopnoscat,
1119 3211 1150 3266 et
1163 3197 1199 3264 in
1211 3196 1326 3266 ordine
1337 3198 1389 3267 ad
1399 3200 1460 3268 doc

307 3301 343 3369 in
358 3306 506 3376 omnibus
531 3309 591 3377 tibi
601 3320 732 3400 pareat,
751 3323 781 3375 et
808 3306 948 3374 obediat.
976 3309 1078 3375 Porro
1104 3305 1239 3373 articuli
1252 3317 1328 3372 suut
1350 3305 1462 3396 defiu-

308 3410 448 3500 scripti:
469 3417 498 3480 l·
511 3439 557 3482 an
572 3416 702 3506 aliquas
724 3413 851 3483 litteras
866 3412 912 3481 ad
935 3411 1136 3503 Episcopum
1150 3413 1194 3480 N.
1219 3409 1378 3479 diraserit
1397 3413 1460 3502 (rel

310 3513 351 3583 ud
373 3517 445 3608 ejus
463 3518 633 3589 Vicarium
648 3518 866 3610 generalem);
884 3523 917 3586 2ο
939 3531 1100 3610 quatenus
1115 3516 1327 3608 affirmative,
1342 3540 1393 3584 an
1407 3541 1461 3586 eus
1509 3603 1510 3606 Ἴ

305 3627 447 3716 propria
476 3651 579 3696 manu
608 3627 789 3719 scripserit·
820 3629 852 3694 3ο
885 3625 966 3718 quid
994 3625 1064 3693 istae
1091 3623 1209 3692 littere
1234 3623 1461 3708 corttmerent;

312 3735 346 3798 4⁰
365 3733 553 3825 (postquam
574 3747 701 3803 aeterua
724 3733 756 3801 ei
778 3733 880 3824 suerit
895 3729 1143 3800 denuntiatoria
1157 3727 1305 3821 epistola)
1325 3753 1373 3798 an
1387 3751 1460 3799 eam
1509 3719 1510 3764 ³

306 3862 370 3930 pro
384 3862 445 3908 sua
460 3854 627 3931 aquascat.
647 3839 920 3932 lusormationem
936 3849 1097 3906 autemut
1109 3839 1298 3927 prefertur,
1316 3838 1460 3929 comple-

314 3958 384 4014 tam
407 3960 439 4015 et
467 3948 648 4039 sipillatam
671 3946 718 4015 ad
742 3950 809 4017 Nos
837 3945 966 4015 mittere
986 3943 1128 4014 curabis.
1146 3946 1325 4038 ¹Datum...
1339 3982 1386 3996 -
1401 3946 1457 4024 N„
1509 3999 1510 4006 ,

313 4054 494 4145 Episcopus
508 4055 682 4135 N.-N.‚
698 4053 910 4122 actuarius.»

358 4171 394 4238 Si
424 4170 588 4260 praedictae
603 4167 873 4238 commissoriules
892 4166 1007 4236 litterae
1033 4165 1152 4235 deutur
1167 4187 1188 4233 a
1201 4164 1335 4236 Vicario
1360 4187 1459 4262 geue·
1509 4147 1510 4158 ἵ

316 4276 390 4365 rati,
405 4276 615 4347 adhibebitur
628 4276 740 4346 eudem
754 4275 910 4363 formula,
929 4273 1061 4344 mutatis
1077 4267 1255 4348 mutandis.
1283 4343 1288 4350 ,
