3050 4984
567 554 642 600 rias
664 555 811 601 sncnuos.
1200 530 1261 601 lbi

107 682 204 745 ratur
226 681 339 744 ooutra
366 681 490 767 partera
519 696 585 746 non
599 675 750 760 citatam
773 674 967 764 generaliter
984 674 1011 742 si
1027 674 1109 767 quid
1125 674 1158 744 in
1185 699 1262 767 pro-

108 806 205 851 oessu
232 782 392 853 omissum
422 781 522 852 luerit
540 804 583 851 ex
610 781 754 874 iis,r1uae
769 789 847 850 aunt
860 779 901 851 de
924 782 1106 852 substantie
1133 783 1260 853 ordinis

108 887 291 979 judiciarii.

156 996 323 1068 Sententia
337 995 399 1065 erit
414 996 505 1065 nulla
522 995 646 1065 ratione
673 996 856 1087 mosara
871 996 1070 1087 iniquetatis,
1090 998 1117 1067 si
1134 998 1262 1067 foratur

107 1112 223 1175 eontra
234 1104 290 1196 jue
299 1104 476 1194 seriptum
492 1104 521 1172 si
535 1105 699 1172 continent
710 1103 920 1173 manifestum
935 1124 1097 1189 errorem
1109 1105 1137 1172 si
1153 1106 1258 1174 eonti-

109 1220 188 1282 neat
200 1211 335 1302 aliquod
363 1210 580 1303 impossibila;
611 1211 639 1279 si
666 1210 856 1279 obtineatur
870 1231 930 1302 par
944 1210 1199 1304 subreptionem.
1215 1213 1263 1282 De

113 1318 167 1388 his
179 1318 333 1388 omnibus
348 1318 551 1387 nullitotibus
565 1316 639 1385 vide
653 1316 878 1407 Pallegrinum
906 1316 1010 1409 (parte
1027 1322 1061 1406 2,
1073 1319 1212 1389 rectione
1229 1324 1263 1405 3,

113 1427 321 1497 snbeeetioue
338 1427 384 1518 l).

161 1533 306 1617 Quaene
321 1536 367 1600 2⁸.
383 1568 430 1587 -·
443 1533 568 1601 Coram
582 1554 649 1624 quo
659 1531 775 1623 judice
788 1534 967 1604 tractando
983 1534 1025 1603 sit
1050 1556 1149 1603 carne
1164 1536 1263 1604 nelli·

117 1642 197 1711 tetis
222 1640 397 1709 ommia.
416 1676 460 1692 —
486 1637 665 1708 niffioutns
692 1659 807 1731 nempe
836 1640 870 1709 in
897 1663 936 1711 ao
951 1650 1011 1729 est,
1037 1663 1117 1709 num
1134 1644 1265 1711 tractari

116 1747 220 1840 possit
232 1768 343 1816 eoram
351 1746 467 1815 eodem
477 1744 586 1837 jadias
599 1746 658 1837 qui
672 1746 868 1815 sententiam
882 1746 1119 1839 pronuntiavit,
1134 1768 1176 1815 an
1187 1770 1264 1818 vero

117 1855 291 1925 dummet
304 1874 412 1923 eoram
427 1853 536 1944 judioe
547 1851 786 1945 appellationis.
808 1852 854 1921 Da
867 1874 934 1945 quo
949 1854 1016 1923 sint
1030 1853 1107 1923 duae
1121 1878 1264 1947 soquen-

118 1969 168 2031 tes
180 1959 405 2031 oonolueiones
422 1988 431 2027 ι

163 2068 190 2137 1.
209 2070 338 2137 Attento
345 2066 438 2159 juris
450 2067 569 2157 rubore,
584 2064 758 2135 &Mem
773 2078 831 2147 est,
849 2078 880 2135 et
893 2069 1110 2136 communiter
1120 2068 1265 2139 doctores

119 2188 242 2256 renem,
254 2196 349 2267 posse
358 2174 526 2265 qeoeelom
539 2172 706 2241 nullitatr's
718 2173 888 2243 sententis
896 2174 1054 2265 proponi,
1068 2186 1140 2243 tum
1153 2200 1265 2245 coram

112 2282 230 2373 judioe
242 2282 410 2351 ordirsorio
422 2281 484 2373 qui
495 2282 689 2349 senteutiam
706 2281 794 2360 tulit,
808 2291 881 2349 tam
894 2302 1008 2349 coram
1017 2280 1133 2373 judice
1146 2286 1265 2377 appel·-

119 2390 269 2460 latt'ertis.
284 2428 328 2443 -
341 2390 378 2459 ld
393 2390 472 2459 satis
487 2389 646 2460 constabit
661 2412 701 2458 aa
725 2388 876 2457 adductis
893 2388 1059 2457 nonnullis
1074 2394 1263 2480 canonistis,

119 2499 178 2591 qni
185 2497 263 2589 jura
272 2498 308 2565 in
319 2496 543 2589 probationem
558 2496 670 2583 nitent,
687 2504 719 2565 at
729 2503 925 2565 oaewrornm
938 2493 1108 2567 doctorum
1117 2521 1265 2570 eorumn-

119 2628 196 2675 nam
211 2605 404 2673 sententiam
418 2612 590 2672 testantur.

165 2711 342 2781 Anseletns
370 2709 583 2779 Roiffsustuel
610 2710 659 2801 (in
673 2710 723 2778 tit.
744 2714 800 2798 tt,
828 2709 902 2779 libri
931 2714 950 2778 2
980 2711 1121 2800 Deerat,
1140 2737 1173 2780 n.
1193 2714 1263 2805 28),

118 2818 270 2889 indicens
284 2818 449 2910 quomodo
463 2814 615 2885 dillemat
635 2816 809 2908 appellatio
836 2826 870 2885 ot
890 2817 1021 2909 querela
1035 2818 1204 2904 nuditatis,
1221 2822 1266 2890 sio

120 2926 219 2995 babet
236 2956 243 2992 :
266 2952 283 2991 a
299 2927 424 3009 Quarto
437 2924 607 3010 differunt,
624 2923 703 3014 quia
716 2922 891 3014 appellatio
907 2945 1035 3016 semper
1048 2948 1156 2995 eoram
1167 2951 1266 3022 supe-

124 3060 143 3098 «
168 3033 253 3102 riona
267 3030 477 3125 proponenda
490 3040 539 3099 est
557 3057 565 3098 ι
583 3029 716 3098 nullitae
730 3052 810 3097 vero
827 3031 995 3099 sententian
1013 3040 1116 3122 potest
1130 3037 1264 3126 opponi,

124 3167 144 3206 ι
167 3141 219 3209 rel
234 3161 343 3209 ooram
362 3138 478 3208 edem
490 3136 600 3229 judice
628 3136 818 3228 (dummodo
834 3135 1020 3207 ordinarius
1035 3138 1088 3228 sit]
1116 3142 1174 3232 qni
1187 3165 1263 3211 sen-

124 3274 144 3315 «
168 3248 301 3317 tentiam
314 3246 409 3333 tulit3
433 3244 498 3331 vel,
523 3245 551 3313 si
577 3242 802 3335 principaliter
818 3243 1007 3331 intentatur,
1034 3246 1131 3315 etiam
1156 3270 1266 3318 coram

124 3382 144 3419 α
166 3353 276 3446 judice
289 3352 458 3445 superiore
478 3378 487 3419 ι
503 3351 585 3419 adeo
600 3360 638 3421 nt
651 3350 712 3418 boo
725 3350 768 3419 sit
784 3349 819 3418 in
834 3350 972 3419 arbitrio
987 3354 1113 3441 gravati
1132 3354 1213 3445 (lage
1228 3358 1268 3424 Si

126 3489 145 3528 s
169 3461 413 3532 accusotoribus
434 3462 467 3544 l,
492 3458 606 3550 juncta
629 3458 750 3547 glossa,
771 3456 812 3525 de
834 3457 964 3539 Acoos.,·
985 3458 1057 3548 lege
1077 3462 1119 3528 Si
1130 3484 1263 3553 pruses,

125 3597 146 3635 a
169 3593 198 3639 o.
210 3567 380 3652 (luonsodo
392 3564 668 3657 aequandam
681 3562 757 3650 r,u.
774 3565 1266 3660 Ouoesententiaesineappell.);

126 3702 146 3741 «
168 3684 264 3768 atque
281 3674 378 3743 tradit
391 3673 542 3743 Bartoltu
563 3721 616 3757 ...,
632 3671 744 3741 Abbas
776 3721 829 3756 ...,
847 3670 980 3739 Felinus
998 3722 1051 3758 ...,
1069 3672 1198 3743 Sooooia
1213 3728 1265 3763 ...,

128 3808 148 3849 a
169 3782 294 3869 Gailus,
311 3781 394 3849 bane
407 3779 574 3872 appellens
587 3799 794 3847 communem
811 3778 1015 3847 sonantium.
1034 3804 1050 3843 s

174 3918 192 3955 a
207 3888 352 3958 Additur
366 3895 474 3956 umen
481 3894 643 3970 notanter,
660 3884 830 3953 salomam
846 3882 958 3953 eodem
965 3886 987 3977 j
990 3884 1094 3967 udr'oe,
1112 3886 1268 3957 dummo-

128 4027 147 4064 «
170 3997 213 4067 do
227 3996 415 4066 ordinarius
428 3995 481 4062 sit.
500 3994 583 4063 Nam
609 3993 661 4062 bic
677 3991 946 4083 distinguendum
960 4000 1009 4060 est
1028 3992 1112 4062 inter
1123 3994 1267 4085 judicem

128 4134 147 4173 a
169 4104 375 4175 ordinarium
389 4111 421 4170 et
442 4101 650 4191 delegatum:
668 4107 699 4167 at
714 4098 901 4168 ordinarius
926 4096 1073 4190 quidem,
1090 4100 1118 4168 si
1132 4101 1268 4174 adonim

129 4242 148 4279 «
171 4237 192 4283 a
210 4219 346 4303 gravato
368 4222 400 4278 et
414 4208 602 4301 quarelauto
615 4228 714 4297 super
727 4206 875 4277 nullitate
890 4205 1072 4292 sententiaa,
1097 4216 1201 4299 potest
1217 4234 1270 4281 re..

131 4349 150 4386 «
174 4320 316 4389 formam
339 4315 530 4387 sententiam
557 4336 651 4400 snam
666 4313 795 4409 dejure
814 4311 950 4399 nullam,
978 4335 1015 4381 ao
1043 4334 1158 4384 rursus
1173 4339 1270 4412 super
