<?xml version="1.0" encoding="UTF-8"?>
<!DOCTYPE html PUBLIC "-//W3C//DTD XHTML 1.0 Transitional//EN"
    "http://www.w3.org/TR/xhtml1/DTD/xhtml1-transitional.dtd">
<html xmlns="http://www.w3.org/1999/xhtml" xml:lang="en" lang="en">
 <head>
  <title>
</title>
<meta http-equiv="Content-Type" content="text/html;charset=utf-8" />
  <meta name='ocr-system' content='tesseract 3.04.00' />
  <meta name='ocr-capabilities' content='ocr_page ocr_carea ocr_par ocr_line ocrx_word'/>
</head>
<body>
  <div class='ocr_page' id='page_1' title='image "./tractatusdejudi00goog_0527.png"; bbox 0 0 3050 4984; ppageno 0'>
   <div class='ocr_carea' id='block_1_1' title="bbox 537 471 1224 548">
    <p class='ocr_par' dir='ltr' id='par_1_1' title="bbox 537 471 1224 548">
     <span class='ocr_line' id='line_1_1' title="bbox 537 471 1224 548; baseline -0.009 -1"><span class='ocrx_word' id='word_1_1' title='bbox 537 499 612 548; x_wconf 80' lang='lat' dir='ltr'><strong>usas</strong></span> <span class='ocrx_word' id='word_1_2' title='bbox 634 500 780 547; x_wconf 74' lang='lat' dir='ltr'><strong>amanus.</strong></span> <span class='ocrx_word' id='word_1_3' title='bbox 1164 471 1224 542; x_wconf 73' lang='grc'><strong>519</strong></span> 
     </span>
    </p>
   </div>
   <div class='ocr_carea' id='block_1_2' title="bbox 87 617 1230 820">
    <p class='ocr_par' dir='ltr' id='par_1_2' title="bbox 87 617 1230 820">
     <span class='ocr_line' id='line_1_2' title="bbox 87 617 1228 710; baseline -0.002 -20"><span class='ocrx_word' id='word_1_4' title='bbox 87 621 284 690; x_wconf 83' lang='lat' dir='ltr'><strong>oblationem</strong></span> <span class='ocrx_word' id='word_1_5' title='bbox 295 621 398 700; x_wconf 79' lang='lat' dir='ltr'>libelli</span> <span class='ocrx_word' id='word_1_6' title='bbox 412 621 603 692; x_wconf 65' lang='lat' dir='ltr'><strong>samsoni</strong></span> <span class='ocrx_word' id='word_1_7' title='bbox 617 620 671 689; x_wconf 86' lang='lat' dir='ltr'><strong>vel</strong></span> <span class='ocrx_word' id='word_1_8' title='bbox 686 619 931 706; x_wconf 86' lang='lat' dir='ltr'><strong>denuntiatorii,</strong></span> <span class='ocrx_word' id='word_1_9' title='bbox 949 621 1001 688; x_wconf 86' lang='lat' dir='ltr'><strong>vel</strong></span> <span class='ocrx_word' id='word_1_10' title='bbox 1013 620 1053 710; x_wconf 88' lang='lat' dir='ltr'><strong>(si</strong></span> <span class='ocrx_word' id='word_1_11' title='bbox 1067 641 1107 688; x_wconf 87' lang='lat' dir='ltr'><strong>ex</strong></span> <span class='ocrx_word' id='word_1_12' title='bbox 1119 617 1228 688; x_wconf 83' lang='lat' dir='ltr'><strong>officio</strong></span> 
     </span>
     <span class='ocr_line' id='line_1_3' title="bbox 87 726 1230 820; baseline -0.002 -24"><span class='ocrx_word' id='word_1_13' title='bbox 87 728 235 819; x_wconf 83' lang='lat' dir='ltr'><strong>specialis</strong></span> <span class='ocrx_word' id='word_1_14' title='bbox 258 729 427 820; x_wconf 77' lang='lat' dir='ltr'><strong>inquisitio</strong></span> <span class='ocrx_word' id='word_1_15' title='bbox 441 729 642 818; x_wconf 76' lang='lat' dir='ltr'><strong>instituatur)</strong></span> <span class='ocrx_word' id='word_1_16' title='bbox 657 736 831 819; x_wconf 77' lang='lat' dir='ltr'><strong>antequam</strong></span> <span class='ocrx_word' id='word_1_17' title='bbox 846 736 994 796; x_wconf 79' lang='lat' dir='ltr'><strong>sumatur</strong></span> <span class='ocrx_word' id='word_1_18' title='bbox 1010 727 1050 796; x_wconf 85' lang='lat' dir='ltr'><strong>da</strong></span> <span class='ocrx_word' id='word_1_19' title='bbox 1063 726 1150 796; x_wconf 84' lang='lat' dir='ltr'><strong>lama</strong></span> <span class='ocrx_word' id='word_1_20' title='bbox 1164 747 1230 816; x_wconf 89' lang='lat' dir='ltr'><strong>pu-</strong></span> 
     </span>
    </p>
   </div>
   <div class='ocr_carea' id='block_1_3' title="bbox 87 942 1232 1546">
    <p class='ocr_par' dir='ltr' id='par_1_3' title="bbox 87 942 1232 1546">
     <span class='ocr_line' id='line_1_4' title="bbox 89 942 1232 1036; baseline -0.002 -26"><span class='ocrx_word' id='word_1_21' title='bbox 89 942 185 1021; x_wconf 18' lang='lat' dir='ltr'><strong>modi,</strong></span> <span class='ocrx_word' id='word_1_22' title='bbox 194 943 272 1012; x_wconf 91' lang='lat' dir='ltr'><strong>satis</strong></span> <span class='ocrx_word' id='word_1_23' title='bbox 285 943 407 1035; x_wconf 87' lang='lat' dir='ltr'><strong>patebit</strong></span> <span class='ocrx_word' id='word_1_24' title='bbox 418 967 459 1012; x_wconf 83' lang='lat' dir='ltr'><strong>ex</strong></span> <span class='ocrx_word' id='word_1_25' title='bbox 473 944 621 1036; x_wconf 78' lang='lat' dir='ltr'><strong>sequenti</strong></span> <span class='ocrx_word' id='word_1_26' title='bbox 635 942 790 1027; x_wconf 85' lang='lat' dir='ltr'><strong>formula,</strong></span> <span class='ocrx_word' id='word_1_27' title='bbox 799 965 865 1032; x_wconf 91' lang='lat' dir='ltr'><strong>qua</strong></span> <span class='ocrx_word' id='word_1_28' title='bbox 876 943 925 1010; x_wconf 89' lang='lat' dir='ltr'><strong>uti</strong></span> <span class='ocrx_word' id='word_1_29' title='bbox 940 942 1058 1032; x_wconf 87' lang='lat' dir='ltr'><strong>poterit</strong></span> <span class='ocrx_word' id='word_1_30' title='bbox 1067 942 1232 1010; x_wconf 84' lang='lat' dir='ltr'><strong>actuarius</strong></span> 
     </span>
     <span class='ocr_line' id='line_1_5' title="bbox 90 1047 1231 1141; baseline -0.001 -26"><span class='ocrx_word' id='word_1_31' title='bbox 90 1049 126 1116; x_wconf 93' lang='lat' dir='ltr'><strong>in</strong></span> <span class='ocrx_word' id='word_1_32' title='bbox 151 1049 362 1118; x_wconf 72' lang='lat' dir='ltr'><strong>mutuandis</strong></span> <span class='ocrx_word' id='word_1_33' title='bbox 387 1051 476 1118; x_wconf 78' lang='lat' dir='ltr'><strong>actia</strong></span> <span class='ocrx_word' id='word_1_34' title='bbox 507 1049 741 1141; x_wconf 80' lang='lat' dir='ltr'><strong>Suppouamua</strong></span> <span class='ocrx_word' id='word_1_35' title='bbox 767 1069 824 1140; x_wconf 87' lang='lat' dir='ltr'><strong>per</strong></span> <span class='ocrx_word' id='word_1_36' title='bbox 841 1048 1091 1134; x_wconf 85' lang='lat' dir='ltr'><strong>accusationem,</strong></span> <span class='ocrx_word' id='word_1_37' title='bbox 1107 1048 1158 1116; x_wconf 89' lang='lat' dir='ltr'><strong>val</strong></span> <span class='ocrx_word' id='word_1_38' title='bbox 1173 1047 1231 1115; x_wconf 88' lang='lat' dir='ltr'><strong>de-</strong></span> 
     </span>
     <span class='ocr_line' id='line_1_6' title="bbox 87 1154 1230 1248; baseline 0 -26"><span class='ocrx_word' id='word_1_39' title='bbox 87 1156 341 1242; x_wconf 75' lang='lat' dir='ltr'><strong>nuntiationem,</strong></span> <span class='ocrx_word' id='word_1_40' title='bbox 358 1157 411 1224; x_wconf 84' lang='lat' dir='ltr'><strong>vel</strong></span> <span class='ocrx_word' id='word_1_41' title='bbox 423 1157 546 1226; x_wconf 83' lang='lat' dir='ltr'><strong>lamam</strong></span> <span class='ocrx_word' id='word_1_42' title='bbox 562 1157 743 1248; x_wconf 89' lang='lat' dir='ltr'><strong>publiuam,</strong></span> <span class='ocrx_word' id='word_1_43' title='bbox 759 1155 802 1224; x_wconf 89' lang='lat' dir='ltr'><strong>ad</strong></span> <span class='ocrx_word' id='word_1_44' title='bbox 812 1154 956 1246; x_wconf 81' lang='lat' dir='ltr'><strong>judicem</strong></span> <span class='ocrx_word' id='word_1_45' title='bbox 971 1154 1114 1224; x_wconf 83' lang='lat' dir='ltr'><strong>delatum</strong></span> <span class='ocrx_word' id='word_1_46' title='bbox 1130 1155 1230 1223; x_wconf 85' lang='lat' dir='ltr'><strong>fuisso</strong></span> 
     </span>
     <span class='ocr_line' id='line_1_7' title="bbox 88 1262 1232 1353; baseline -0.002 -21"><span class='ocrx_word' id='word_1_47' title='bbox 88 1285 191 1352; x_wconf 79' lang='lat' dir='ltr'><strong>grava</strong></span> <span class='ocrx_word' id='word_1_48' title='bbox 206 1263 340 1350; x_wconf 86' lang='lat' dir='ltr'><strong>vulnus,</strong></span> <span class='ocrx_word' id='word_1_49' title='bbox 355 1287 375 1332; x_wconf 91' lang='lat' dir='ltr'><strong>a</strong></span> <span class='ocrx_word' id='word_1_50' title='bbox 388 1265 543 1333; x_wconf 88' lang='lat' dir='ltr'><strong>canonico</strong></span> <span class='ocrx_word' id='word_1_51' title='bbox 566 1265 607 1334; x_wconf 90' lang='grc' dir='ltr'><strong>Ν.</strong></span> <span class='ocrx_word' id='word_1_52' title='bbox 625 1265 751 1333; x_wconf 91' lang='lat' dir='ltr'><strong>illatum</strong></span> <span class='ocrx_word' id='word_1_53' title='bbox 768 1262 884 1332; x_wconf 84' lang='lat' dir='ltr'><strong>clarino</strong></span> <span class='ocrx_word' id='word_1_54' title='bbox 900 1263 957 1349; x_wconf 85' lang='grc' dir='ltr'><strong>Ν.,</strong></span> <span class='ocrx_word' id='word_1_55' title='bbox 974 1264 1031 1353; x_wconf 92' lang='lat' dir='ltr'><strong>qui</strong></span> <span class='ocrx_word' id='word_1_56' title='bbox 1045 1285 1087 1330; x_wconf 80' lang='lat' dir='ltr'><strong>ex</strong></span> <span class='ocrx_word' id='word_1_57' title='bbox 1101 1284 1139 1330; x_wconf 87' lang='lat' dir='ltr'><strong>eo</strong></span> <span class='ocrx_word' id='word_1_58' title='bbox 1154 1284 1232 1330; x_wconf 85' lang='lat' dir='ltr'><strong>casu</strong></span> 
     </span>
     <span class='ocr_line' id='line_1_8' title="bbox 87 1369 1232 1461; baseline 0 -24"><span class='ocrx_word' id='word_1_59' title='bbox 87 1369 173 1438; x_wconf 85' lang='lat' dir='ltr'><strong>lectu</strong></span> <span class='ocrx_word' id='word_1_60' title='bbox 187 1369 360 1440; x_wconf 82' lang='lat' dir='ltr'><strong>doounrbut</strong></span> <span class='ocrx_word' id='word_1_61' title='bbox 377 1398 385 1438; x_wconf 73' lang='grc' dir='ltr'><strong>ε</strong></span> <span class='ocrx_word' id='word_1_62' title='bbox 402 1369 474 1440; x_wconf 84' lang='lat' dir='ltr'><strong>fieri</strong></span> <span class='ocrx_word' id='word_1_63' title='bbox 487 1382 520 1440; x_wconf 88' lang='lat' dir='ltr'><strong>et</strong></span> <span class='ocrx_word' id='word_1_64' title='bbox 534 1373 649 1441; x_wconf 80' lang='lat' dir='ltr'><strong>reterri</strong></span> <span class='ocrx_word' id='word_1_65' title='bbox 662 1373 698 1439; x_wconf 87' lang='lat' dir='ltr'><strong>iu</strong></span> <span class='ocrx_word' id='word_1_66' title='bbox 711 1371 791 1438; x_wconf 86' lang='lat' dir='ltr'><strong>actis</strong></span> <span class='ocrx_word' id='word_1_67' title='bbox 806 1369 923 1461; x_wconf 86' lang='lat' dir='ltr'><strong>poterit</strong></span> <span class='ocrx_word' id='word_1_68' title='bbox 938 1369 1079 1438; x_wconf 82' lang='lat' dir='ltr'><strong>visitatio</strong></span> <span class='ocrx_word' id='word_1_69' title='bbox 1093 1370 1128 1438; x_wconf 95' lang='lat' dir='ltr'><strong>iu</strong></span> <span class='ocrx_word' id='word_1_70' title='bbox 1144 1369 1232 1438; x_wconf 89' lang='lat' dir='ltr'><strong>huno</strong></span> 
     </span>
     <span class='ocr_line' id='line_1_9' title="bbox 90 1475 254 1546; baseline -0.006 -1"><span class='ocrx_word' id='word_1_71' title='bbox 90 1475 254 1546; x_wconf 88' lang='lat' dir='ltr'><strong>modum:</strong></span> 
     </span>
    </p>
   </div>
   <div class='ocr_carea' id='block_1_4' title="bbox 88 1619 1237 2562">
    <p class='ocr_par' dir='ltr' id='par_1_4' title="bbox 88 1619 1237 2562">
     <span class='ocr_line' id='line_1_10' title="bbox 134 1619 1233 1705; baseline -0.005 -17"><span class='ocrx_word' id='word_1_72' title='bbox 134 1646 150 1678; x_wconf 71' lang='grc' dir='ltr'><strong>ι(</strong></span> <span class='ocrx_word' id='word_1_73' title='bbox 173 1621 410 1705; x_wconf 81' lang='lat' dir='ltr'><strong>Cmrscqrcenter</strong></span> <span class='ocrx_word' id='word_1_74' title='bbox 429 1623 539 1687; x_wconf 66' lang='lat' dir='ltr'><strong>uaeas</strong></span> <span class='ocrx_word' id='word_1_75' title='bbox 551 1621 746 1686; x_wconf 71' lang='lat' dir='ltr'><strong>memora</strong></span> <span class='ocrx_word' id='word_1_76' title='bbox 759 1623 816 1699; x_wconf 84' lang='grc' dir='ltr'><strong>Ν.,</strong></span> <span class='ocrx_word' id='word_1_77' title='bbox 831 1621 948 1703; x_wconf 79' lang='lat' dir='ltr'><strong>judea,</strong></span> <span class='ocrx_word' id='word_1_78' title='bbox 967 1620 1071 1684; x_wconf 83' lang='lat' dir='ltr'><strong>debito</strong></span> <span class='ocrx_word' id='word_1_79' title='bbox 1081 1619 1170 1702; x_wconf 77' lang='lat' dir='ltr'><strong>juris</strong></span> <span class='ocrx_word' id='word_1_80' title='bbox 1183 1637 1233 1682; x_wconf 86' lang='lat' dir='ltr'><strong>or-</strong></span> 
     </span>
     <span class='ocr_line' id='line_1_11' title="bbox 90 1726 1237 1809; baseline -0.002 -18"><span class='ocrx_word' id='word_1_81' title='bbox 90 1728 168 1792; x_wconf 83' lang='lat' dir='ltr'><strong>dine</strong></span> <span class='ocrx_word' id='word_1_82' title='bbox 182 1728 366 1809; x_wconf 82' lang='lat' dir='ltr'><strong>procedere,</strong></span> <span class='ocrx_word' id='word_1_83' title='bbox 386 1731 564 1794; x_wconf 70' lang='lat' dir='ltr'><strong><em>08³0ch</em></strong></span> <span class='ocrx_word' id='word_1_84' title='bbox 577 1749 600 1793; x_wconf 88' lang='lat' dir='ltr'><strong>c</strong></span> <span class='ocrx_word' id='word_1_85' title='bbox 617 1749 670 1794; x_wconf 90' lang='lat' dir='ltr'><strong>mc</strong></span> <span class='ocrx_word' id='word_1_86' title='bbox 682 1737 715 1793; x_wconf 85' lang='lat' dir='ltr'><strong>ct</strong></span> <span class='ocrx_word' id='word_1_87' title='bbox 727 1729 853 1793; x_wconf 79' lang='lat' dir='ltr'><strong>duobrcs</strong></span> <span class='ocrx_word' id='word_1_88' title='bbox 870 1727 1001 1792; x_wconf 80' lang='lat' dir='ltr'><strong>testibus</strong></span> <span class='ocrx_word' id='word_1_89' title='bbox 1019 1727 1059 1794; x_wconf 87' lang='lat' dir='ltr'><strong>N.</strong></span> <span class='ocrx_word' id='word_1_90' title='bbox 1076 1727 1173 1804; x_wconf 89' lang='lat' dir='ltr'><strong>ctN.,</strong></span> <span class='ocrx_word' id='word_1_91' title='bbox 1189 1726 1237 1790; x_wconf 83' lang='lat' dir='ltr'><strong>ud</strong></span> 
     </span>
     <span class='ocr_line' id='line_1_12' title="bbox 88 1833 1232 1917; baseline -0.002 -17"><span class='ocrx_word' id='word_1_92' title='bbox 88 1837 151 1900; x_wconf 80' lang='lat' dir='ltr'><strong>lroc</strong></span> <span class='ocrx_word' id='word_1_93' title='bbox 163 1836 345 1916; x_wconf 81' lang='lat' dir='ltr'><strong>specialiter</strong></span> <span class='ocrx_word' id='word_1_94' title='bbox 356 1841 490 1914; x_wconf 68' lang='lat' dir='ltr'><strong>nemim,</strong></span> <span class='ocrx_word' id='word_1_95' title='bbox 505 1856 539 1902; x_wconf 86' lang='lat' dir='ltr'><strong>se</strong></span> <span class='ocrx_word' id='word_1_96' title='bbox 553 1837 688 1901; x_wconf 72' lang='lat' dir='ltr'><strong>ccnmtit</strong></span> <span class='ocrx_word' id='word_1_97' title='bbox 700 1835 748 1900; x_wconf 81' lang='lat' dir='ltr'><strong>cd</strong></span> <span class='ocrx_word' id='word_1_98' title='bbox 760 1835 964 1900; x_wconf 70' lang='lat' dir='ltr'><strong>amicandum</strong></span> <span class='ocrx_word' id='word_1_99' title='bbox 979 1851 1096 1917; x_wconf 79' lang='lat' dir='ltr'><strong>corpus</strong></span> <span class='ocrx_word' id='word_1_100' title='bbox 1113 1833 1232 1912; x_wconf 84' lang='lat' dir='ltr'><strong>delicti,</strong></span> 
     </span>
     <span class='ocr_line' id='line_1_13' title="bbox 90 1940 1235 2026; baseline -0.003 -21"><span class='ocrx_word' id='word_1_101' title='bbox 90 1945 128 2005; x_wconf 83' lang='lat' dir='ltr'><strong>in</strong></span> <span class='ocrx_word' id='word_1_102' title='bbox 144 1943 283 2006; x_wconf 71' lang='lat' dir='ltr'><strong>maculo</strong></span> <span class='ocrx_word' id='word_1_103' title='bbox 295 1943 409 2026; x_wconf 82' lang='lat' dir='ltr'><strong>primo</strong></span> <span class='ocrx_word' id='word_1_104' title='bbox 428 1943 491 2023; x_wconf 86' lang='lat' dir='ltr'><strong>(vel</strong></span> <span class='ocrx_word' id='word_1_105' title='bbox 508 1944 647 2008; x_wconf 70' lang='lat' dir='ltr'><strong>mucida</strong></span> <span class='ocrx_word' id='word_1_106' title='bbox 724 1942 776 2006; x_wconf 83' lang='lat' dir='ltr'><strong>val</strong></span> <span class='ocrx_word' id='word_1_107' title='bbox 794 1941 902 2022; x_wconf 75' lang='lat' dir='ltr'><strong>malco)</strong></span> <span class='ocrx_word' id='word_1_108' title='bbox 922 1940 1023 2006; x_wconf 82' lang='lat' dir='ltr'><strong>libelli</strong></span> <span class='ocrx_word' id='word_1_109' title='bbox 1040 1940 1235 2004; x_wconf 64' lang='lat' dir='ltr'><strong>monaterii</strong></span> 
     </span>
     <span class='ocr_line' id='line_1_14' title="bbox 90 2047 1236 2132; baseline -0.002 -20"><span class='ocrx_word' id='word_1_110' title='bbox 90 2049 156 2130; x_wconf 86' lang='lat' dir='ltr'><strong>(vot</strong></span> <span class='ocrx_word' id='word_1_111' title='bbox 179 2050 430 2128; x_wconf 48' lang='lat' dir='ltr'><strong>demoliatur&amp;</strong></span> <span class='ocrx_word' id='word_1_112' title='bbox 454 2050 504 2114; x_wconf 81' lang='lat' dir='ltr'><strong>val</strong></span> <span class='ocrx_word' id='word_1_113' title='bbox 527 2051 555 2114; x_wconf 86' lang='lat' dir='ltr'><strong>ai</strong></span> <span class='ocrx_word' id='word_1_114' title='bbox 577 2051 763 2132; x_wconf 87' lang='lat' dir='ltr'><strong>inquiratur</strong></span> <span class='ocrx_word' id='word_1_115' title='bbox 788 2067 831 2112; x_wconf 81' lang='lat' dir='ltr'><strong>ox</strong></span> <span class='ocrx_word' id='word_1_116' title='bbox 859 2065 950 2112; x_wconf 88' lang='lat' dir='ltr'><strong>maro</strong></span> <span class='ocrx_word' id='word_1_117' title='bbox 976 2047 1096 2124; x_wconf 81' lang='lat' dir='ltr'><strong>alticio,</strong></span> <span class='ocrx_word' id='word_1_118' title='bbox 1127 2047 1236 2110; x_wconf 84' lang='lat' dir='ltr'><strong>delicti</strong></span> 
     </span>
     <span class='ocr_line' id='line_1_15' title="bbox 89 2154 1231 2239; baseline -0.004 -19"><span class='ocrx_word' id='word_1_119' title='bbox 89 2175 195 2239; x_wconf 80' lang='lat' dir='ltr'><strong>supra</strong></span> <span class='ocrx_word' id='word_1_120' title='bbox 211 2156 270 2220; x_wconf 82' lang='lat' dir='ltr'><strong>suo</strong></span> <span class='ocrx_word' id='word_1_121' title='bbox 290 2174 426 2220; x_wconf 83' lang='lat' dir='ltr'><strong>numero</strong></span> <span class='ocrx_word' id='word_1_122' title='bbox 505 2157 701 2235; x_wconf 69' lang='lat' dir='ltr'><strong>morati).</strong></span> <span class='ocrx_word' id='word_1_123' title='bbox 730 2155 901 2237; x_wconf 78' lang='lat' dir='ltr'><strong>lusumque</strong></span> <span class='ocrx_word' id='word_1_124' title='bbox 924 2163 955 2218; x_wconf 88' lang='lat' dir='ltr'><strong>et</strong></span> <span class='ocrx_word' id='word_1_125' title='bbox 973 2162 1138 2236; x_wconf 83' lang='lat' dir='ltr'><strong>repertum</strong></span> <span class='ocrx_word' id='word_1_126' title='bbox 1154 2154 1231 2234; x_wconf 75' lang='lat' dir='ltr'><strong>suit,</strong></span> 
     </span>
     <span class='ocr_line' id='line_1_16' title="bbox 89 2260 1234 2346; baseline -0.005 -19"><span class='ocrx_word' id='word_1_127' title='bbox 89 2264 245 2328; x_wconf 82' lang='lat' dir='ltr'><strong>clericum</strong></span> <span class='ocrx_word' id='word_1_128' title='bbox 257 2264 315 2341; x_wconf 84' lang='grc' dir='ltr'><strong>Ν.,</strong></span> <span class='ocrx_word' id='word_1_129' title='bbox 328 2281 443 2328; x_wconf 85' lang='lat' dir='ltr'><strong>revera</strong></span> <span class='ocrx_word' id='word_1_130' title='bbox 453 2265 600 2344; x_wconf 66' lang='lat' dir='ltr'><strong>praviter</strong></span> <span class='ocrx_word' id='word_1_131' title='bbox 609 2281 802 2346; x_wconf 82' lang='lat' dir='ltr'><strong>percussum</strong></span> <span class='ocrx_word' id='word_1_132' title='bbox 816 2277 881 2324; x_wconf 86' lang='lat' dir='ltr'><strong>esse</strong></span> <span class='ocrx_word' id='word_1_133' title='bbox 895 2261 938 2342; x_wconf 88' lang='lat' dir='ltr'><strong>(at</strong></span> <span class='ocrx_word' id='word_1_134' title='bbox 952 2261 997 2324; x_wconf 89' lang='lat' dir='ltr'><strong>ibi</strong></span> <span class='ocrx_word' id='word_1_135' title='bbox 1011 2260 1234 2324; x_wconf 75' lang='lat' dir='ltr'><strong>describantur</strong></span> 
     </span>
     <span class='ocr_line' id='line_1_17' title="bbox 90 2368 1234 2452; baseline -0.003 -18"><span class='ocrx_word' id='word_1_136' title='bbox 90 2372 357 2446; x_wconf 73' lang='lat' dir='ltr'><strong>circumstantia,</strong></span> <span class='ocrx_word' id='word_1_137' title='bbox 386 2371 475 2434; x_wconf 85' lang='lat' dir='ltr'><strong>verbi</strong></span> <span class='ocrx_word' id='word_1_138' title='bbox 504 2372 641 2452; x_wconf 82' lang='lat' dir='ltr'><strong>gratia);</strong></span> <span class='ocrx_word' id='word_1_139' title='bbox 671 2369 788 2434; x_wconf 77' lang='lat' dir='ltr'><strong>aulius</strong></span> <span class='ocrx_word' id='word_1_140' title='bbox 811 2369 899 2432; x_wconf 84' lang='lat' dir='ltr'><strong>enim</strong></span> <span class='ocrx_word' id='word_1_141' title='bbox 925 2369 1075 2450; x_wconf 78' lang='lat' dir='ltr'><strong>inperce</strong></span> <span class='ocrx_word' id='word_1_142' title='bbox 1099 2368 1234 2430; x_wconf 84' lang='lat' dir='ltr'><strong>sinistra</strong></span> 
     </span>
     <span class='ocr_line' id='line_1_18' title="bbox 89 2473 1233 2562; baseline -0.007 -19"><span class='ocrx_word' id='word_1_143' title='bbox 89 2480 208 2562; x_wconf 85' lang='lat' dir='ltr'><strong>capitis</strong></span> <span class='ocrx_word' id='word_1_144' title='bbox 232 2481 408 2556; x_wconf 82' lang='lat' dir='ltr'><strong>incussum,</strong></span> <span class='ocrx_word' id='word_1_145' title='bbox 432 2479 628 2560; x_wconf 70' lang='lat' dir='ltr'><strong>estlouqum</strong></span> <span class='ocrx_word' id='word_1_146' title='bbox 642 2476 767 2540; x_wconf 82' lang='lat' dir='ltr'><strong>duobus</strong></span> <span class='ocrx_word' id='word_1_147' title='bbox 785 2474 967 2558; x_wconf 81' lang='lat' dir='ltr'><strong>pollicibus,</strong></span> <span class='ocrx_word' id='word_1_148' title='bbox 989 2482 1020 2537; x_wconf 88' lang='lat' dir='ltr'><strong>et</strong></span> <span class='ocrx_word' id='word_1_149' title='bbox 1042 2473 1146 2538; x_wconf 83' lang='lat' dir='ltr'><strong>latum</strong></span> <span class='ocrx_word' id='word_1_150' title='bbox 1169 2491 1233 2536; x_wconf 83' lang='lat' dir='ltr'><strong>uno</strong></span> 
     </span>
    </p>
   </div>
   <div class='ocr_carea' id='block_1_5' title="bbox 87 2579 1340 2668">
    <p class='ocr_par' dir='ltr' id='par_1_5' title="bbox 87 2579 1340 2668">
     <span class='ocr_line' id='line_1_19' title="bbox 87 2579 1340 2668; baseline -0.007 -18"><span class='ocrx_word' id='word_1_151' title='bbox 87 2586 222 2668; x_wconf 59' lang='lat' dir='ltr'><strong>pollice·</strong></span> <span class='ocrx_word' id='word_1_152' title='bbox 241 2595 272 2651; x_wconf 84' lang='lat' dir='ltr'><strong>et</strong></span> <span class='ocrx_word' id='word_1_153' title='bbox 291 2589 325 2649; x_wconf 86' lang='lat' dir='ltr'><strong>in</strong></span> <span class='ocrx_word' id='word_1_154' title='bbox 350 2595 415 2650; x_wconf 87' lang='lat' dir='ltr'><strong>toto</strong></span> <span class='ocrx_word' id='word_1_155' title='bbox 436 2587 536 2650; x_wconf 83' lang='lat' dir='ltr'><strong>latere</strong></span> <span class='ocrx_word' id='word_1_156' title='bbox 557 2585 688 2647; x_wconf 84' lang='lat' dir='ltr'><strong>sinistro</strong></span> <span class='ocrx_word' id='word_1_157' title='bbox 713 2583 830 2662; x_wconf 82' lang='lat' dir='ltr'><strong>capitis</strong></span> <span class='ocrx_word' id='word_1_158' title='bbox 852 2580 1028 2645; x_wconf 82' lang='lat' dir='ltr'><strong>notabilem</strong></span> <span class='ocrx_word' id='word_1_159' title='bbox 1050 2579 1235 2662; x_wconf 77' lang='lat' dir='ltr'><strong>inflamma-</strong></span> <span class='ocrx_word' id='word_1_160' title='bbox 1335 2583 1340 2590; x_wconf 89' lang='lat'>&#39;</span> 
     </span>
    </p>
   </div>
   <div class='ocr_carea' id='block_1_6' title="bbox 89 2689 1237 3100">
    <p class='ocr_par' dir='ltr' id='par_1_6' title="bbox 89 2689 1237 3100">
     <span class='ocr_line' id='line_1_20' title="bbox 92 2689 1236 2776; baseline -0.005 -19"><span class='ocrx_word' id='word_1_161' title='bbox 92 2694 215 2757; x_wconf 80' lang='lat' dir='ltr'><strong>tionem</strong></span> <span class='ocrx_word' id='word_1_162' title='bbox 242 2701 273 2757; x_wconf 85' lang='lat' dir='ltr'><strong>et</strong></span> <span class='ocrx_word' id='word_1_163' title='bbox 295 2693 496 2776; x_wconf 82' lang='lat' dir='ltr'><strong>inflationem</strong></span> <span class='ocrx_word' id='word_1_164' title='bbox 518 2692 693 2770; x_wconf 48' lang='lat' dir='ltr'><strong>enotavi&amp;</strong></span> <span class='ocrx_word' id='word_1_165' title='bbox 714 2709 755 2754; x_wconf 77' lang='lat' dir='ltr'><strong>cc</strong></span> <span class='ocrx_word' id='word_1_166' title='bbox 778 2709 844 2774; x_wconf 82' lang='lat' dir='ltr'><strong>quo</strong></span> <span class='ocrx_word' id='word_1_167' title='bbox 867 2690 971 2754; x_wconf 81' lang='lat' dir='ltr'><strong>dictus</strong></span> <span class='ocrx_word' id='word_1_168' title='bbox 995 2689 1128 2753; x_wconf 83' lang='lat' dir='ltr'><strong>clericus</strong></span> <span class='ocrx_word' id='word_1_169' title='bbox 1148 2706 1236 2770; x_wconf 70' lang='lat' dir='ltr'><strong>aroer</strong></span> 
     </span>
     <span class='ocr_line' id='line_1_21' title="bbox 92 2795 1234 2876; baseline -0.005 -12"><span class='ocrx_word' id='word_1_170' title='bbox 92 2802 174 2865; x_wconf 67' lang='lat' dir='ltr'><strong>meto</strong></span> <span class='ocrx_word' id='word_1_171' title='bbox 193 2802 363 2866; x_wconf 80' lang='lat' dir='ltr'><strong>decacmbit.</strong></span> <span class='ocrx_word' id='word_1_172' title='bbox 386 2802 468 2867; x_wconf 82' lang='lat' dir='ltr'><strong>Acta</strong></span> <span class='ocrx_word' id='word_1_173' title='bbox 485 2807 562 2863; x_wconf 80' lang='lat' dir='ltr'><strong>sunt</strong></span> <span class='ocrx_word' id='word_1_174' title='bbox 576 2798 643 2863; x_wconf 79' lang='lat' dir='ltr'><strong>lrsec</strong></span> <span class='ocrx_word' id='word_1_175' title='bbox 656 2798 708 2861; x_wconf 86' lang='lat' dir='ltr'><strong>die</strong></span> <span class='ocrx_word' id='word_1_176' title='bbox 780 2797 898 2860; x_wconf 67' lang='lat' dir='ltr'><strong>metuis</strong></span> <span class='ocrx_word' id='word_1_177' title='bbox 969 2813 1093 2858; x_wconf 79' lang='lat' dir='ltr'><strong>cauo...</strong></span> <span class='ocrx_word' id='word_1_178' title='bbox 1109 2830 1148 2841; x_wconf 98' lang='lat'>-</span> <span class='ocrx_word' id='word_1_179' title='bbox 1160 2795 1234 2876; x_wconf 68' lang='lat' dir='ltr'><strong>Euo</strong></span> 
     </span>
     <span class='ocr_line' id='line_1_22' title="bbox 92 2901 1237 2990; baseline -0.01 -15"><span class='ocrx_word' id='word_1_180' title='bbox 92 2909 152 2987; x_wconf 84' lang='grc' dir='ltr'><strong>Ν.,</strong></span> <span class='ocrx_word' id='word_1_181' title='bbox 162 2908 278 2990; x_wconf 78' lang='lat' dir='ltr'><strong>juder.</strong></span> <span class='ocrx_word' id='word_1_182' title='bbox 294 2944 333 2954; x_wconf 94' lang='lat'><em>-</em></span> <span class='ocrx_word' id='word_1_183' title='bbox 347 2909 420 2990; x_wconf 75' lang='lat' dir='ltr'><strong>qu</strong></span> <span class='ocrx_word' id='word_1_184' title='bbox 440 2908 497 2986; x_wconf 88' lang='grc' dir='ltr'><strong>Ν.,</strong></span> <span class='ocrx_word' id='word_1_185' title='bbox 514 2907 600 2970; x_wconf 84' lang='lat' dir='ltr'><strong>testis</strong></span> <span class='ocrx_word' id='word_1_186' title='bbox 621 2907 676 2986; x_wconf 83' lang='lat' dir='ltr'><strong>fui</strong></span> <span class='ocrx_word' id='word_1_187' title='bbox 693 2921 846 2987; x_wconf 78' lang='lat' dir='ltr'><strong>praesens.</strong></span> <span class='ocrx_word' id='word_1_188' title='bbox 862 2938 902 2949; x_wconf 98' lang='lat'>-</span> <span class='ocrx_word' id='word_1_189' title='bbox 915 2902 988 2984; x_wconf 77' lang='lat' dir='ltr'><strong>qu</strong></span> <span class='ocrx_word' id='word_1_190' title='bbox 1005 2902 1062 2980; x_wconf 88' lang='grc' dir='ltr'><strong>Ν.,</strong></span> <span class='ocrx_word' id='word_1_191' title='bbox 1085 2903 1170 2964; x_wconf 87' lang='lat' dir='ltr'><strong>testis</strong></span> <span class='ocrx_word' id='word_1_192' title='bbox 1182 2901 1237 2982; x_wconf 77' lang='lat' dir='ltr'><strong>sui</strong></span> 
     </span>
     <span class='ocr_line' id='line_1_23' title="bbox 89 3014 685 3100; baseline -0.007 -21"><span class='ocrx_word' id='word_1_193' title='bbox 89 3033 245 3100; x_wconf 64' lang='lat' dir='ltr'><strong>praesent.</strong></span> <span class='ocrx_word' id='word_1_194' title='bbox 261 3049 301 3062; x_wconf 90' lang='lat'><strong>-·</strong></span> <span class='ocrx_word' id='word_1_195' title='bbox 313 3015 387 3098; x_wconf 72' lang='lat' dir='ltr'><strong>Eoo</strong></span> <span class='ocrx_word' id='word_1_196' title='bbox 401 3015 457 3093; x_wconf 88' lang='grc' dir='ltr'><strong>Ν.,</strong></span> <span class='ocrx_word' id='word_1_197' title='bbox 473 3014 653 3078; x_wconf 83' lang='lat' dir='ltr'><strong>actuarius.</strong></span> <span class='ocrx_word' id='word_1_198' title='bbox 669 3037 685 3069; x_wconf 88' lang='lat'>»</span> 
     </span>
    </p>
   </div>
   <div class='ocr_carea' id='block_1_7' title="bbox 93 3150 1239 3674">
    <p class='ocr_par' dir='ltr' id='par_1_7' title="bbox 93 3150 1239 3674">
     <span class='ocr_line' id='line_1_24' title="bbox 140 3150 1236 3247; baseline -0.004 -21"><span class='ocrx_word' id='word_1_199' title='bbox 140 3159 248 3227; x_wconf 87' lang='lat' dir='ltr'><strong>Potest</strong></span> <span class='ocrx_word' id='word_1_200' title='bbox 256 3165 367 3226; x_wconf 87' lang='lat' dir='ltr'><strong>autem</strong></span> <span class='ocrx_word' id='word_1_201' title='bbox 381 3156 484 3247; x_wconf 83' lang='lat' dir='ltr'><strong>judex</strong></span> <span class='ocrx_word' id='word_1_202' title='bbox 498 3155 538 3224; x_wconf 90' lang='lat' dir='ltr'><strong>ad</strong></span> <span class='ocrx_word' id='word_1_203' title='bbox 554 3153 754 3224; x_wconf 87' lang='lat' dir='ltr'><strong>visitandum</strong></span> <span class='ocrx_word' id='word_1_204' title='bbox 768 3173 887 3244; x_wconf 85' lang='lat' dir='ltr'><strong>corpus</strong></span> <span class='ocrx_word' id='word_1_205' title='bbox 902 3150 1010 3219; x_wconf 87' lang='lat' dir='ltr'><strong>delicti</strong></span> <span class='ocrx_word' id='word_1_206' title='bbox 1024 3153 1236 3243; x_wconf 83' lang='lat' dir='ltr'><strong>personaliter</strong></span> 
     </span>
     <span class='ocr_line' id='line_1_25' title="bbox 94 3258 1236 3358; baseline -0.004 -24"><span class='ocrx_word' id='word_1_207' title='bbox 94 3269 167 3358; x_wconf 85' lang='lat' dir='ltr'><strong>ipse</strong></span> <span class='ocrx_word' id='word_1_208' title='bbox 190 3287 257 3333; x_wconf 93' lang='lat' dir='ltr'><strong>non</strong></span> <span class='ocrx_word' id='word_1_209' title='bbox 283 3263 446 3348; x_wconf 87' lang='lat' dir='ltr'><strong>accedere,</strong></span> <span class='ocrx_word' id='word_1_210' title='bbox 464 3263 519 3330; x_wconf 88' lang='lat' dir='ltr'><strong>sed</strong></span> <span class='ocrx_word' id='word_1_211' title='bbox 544 3261 585 3330; x_wconf 88' lang='lat' dir='ltr'><strong>ad</strong></span> <span class='ocrx_word' id='word_1_212' title='bbox 608 3261 641 3328; x_wconf 91' lang='lat' dir='ltr'><strong>id</strong></span> <span class='ocrx_word' id='word_1_213' title='bbox 664 3261 860 3345; x_wconf 85' lang='lat' dir='ltr'><strong>actuarium,</strong></span> <span class='ocrx_word' id='word_1_214' title='bbox 878 3258 930 3327; x_wconf 85' lang='lat' dir='ltr'><strong>vel</strong></span> <span class='ocrx_word' id='word_1_215' title='bbox 957 3280 1165 3347; x_wconf 87' lang='lat' dir='ltr'><strong>assessorem,</strong></span> <span class='ocrx_word' id='word_1_216' title='bbox 1183 3261 1236 3329; x_wconf 85' lang='lat' dir='ltr'><strong>vel</strong></span> 
     </span>
     <span class='ocr_line' id='line_1_26' title="bbox 93 3365 1237 3459; baseline -0.004 -19"><span class='ocrx_word' id='word_1_217' title='bbox 93 3373 197 3440; x_wconf 86' lang='lat' dir='ltr'><strong>alium</strong></span> <span class='ocrx_word' id='word_1_218' title='bbox 212 3393 287 3440; x_wconf 88' lang='lat' dir='ltr'><strong>cum</strong></span> <span class='ocrx_word' id='word_1_219' title='bbox 313 3369 441 3438; x_wconf 89' lang='lat' dir='ltr'><strong>dnobus</strong></span> <span class='ocrx_word' id='word_1_220' title='bbox 456 3369 590 3438; x_wconf 89' lang='lat' dir='ltr'><strong>testibus</strong></span> <span class='ocrx_word' id='word_1_221' title='bbox 617 3367 786 3459; x_wconf 86' lang='lat' dir='ltr'><strong>deputare.</strong></span> <span class='ocrx_word' id='word_1_222' title='bbox 814 3365 886 3447; x_wconf 86' lang='lat' dir='ltr'><strong>Quo</strong></span> <span class='ocrx_word' id='word_1_223' title='bbox 910 3387 988 3432; x_wconf 91' lang='lat' dir='ltr'><strong>casu</strong></span> <span class='ocrx_word' id='word_1_224' title='bbox 1008 3369 1237 3436; x_wconf 86' lang='lat' dir='ltr'><strong>convenienter</strong></span> 
     </span>
     <span class='ocr_line' id='line_1_27' title="bbox 95 3469 1239 3566; baseline -0.004 -21"><span class='ocrx_word' id='word_1_225' title='bbox 95 3476 299 3546; x_wconf 86' lang='lat' dir='ltr'><strong>immutanda</strong></span> <span class='ocrx_word' id='word_1_226' title='bbox 322 3483 371 3544; x_wconf 85' lang='lat' dir='ltr'><strong>eat</strong></span> <span class='ocrx_word' id='word_1_227' title='bbox 393 3474 561 3566; x_wconf 70' lang='lat' dir='ltr'><strong>praemissa</strong></span> <span class='ocrx_word' id='word_1_228' title='bbox 584 3472 727 3540; x_wconf 82' lang='lat' dir='ltr'><strong>formula</strong></span> <span class='ocrx_word' id='word_1_229' title='bbox 749 3499 757 3539; x_wconf 75' lang='grc' dir='ltr'>ι</span> <span class='ocrx_word' id='word_1_230' title='bbox 781 3470 874 3538; x_wconf 87' lang='lat' dir='ltr'><strong>verbi</strong></span> <span class='ocrx_word' id='word_1_231' title='bbox 897 3469 1013 3558; x_wconf 80' lang='lat' dir='ltr'><strong>gratia,</strong></span> <span class='ocrx_word' id='word_1_232' title='bbox 1031 3470 1060 3537; x_wconf 90' lang='lat' dir='ltr'><strong>si</strong></span> <span class='ocrx_word' id='word_1_233' title='bbox 1076 3474 1239 3542; x_wconf 86' lang='lat' dir='ltr'><strong>actuarius</strong></span> 
     </span>
     <span class='ocr_line' id='line_1_28' title="bbox 96 3575 970 3674; baseline -0.014 -20"><span class='ocrx_word' id='word_1_234' title='bbox 96 3583 196 3654; x_wconf 82' lang='lat' dir='ltr'><strong>fucrit</strong></span> <span class='ocrx_word' id='word_1_235' title='bbox 212 3582 397 3674; x_wconf 81' lang='lat' dir='ltr'><strong>deputatus,</strong></span> <span class='ocrx_word' id='word_1_236' title='bbox 414 3580 511 3648; x_wconf 87' lang='lat' dir='ltr'><strong>scribi</strong></span> <span class='ocrx_word' id='word_1_237' title='bbox 525 3579 643 3670; x_wconf 88' lang='lat' dir='ltr'><strong>poterit</strong></span> <span class='ocrx_word' id='word_1_238' title='bbox 658 3579 694 3646; x_wconf 91' lang='lat' dir='ltr'><strong>in</strong></span> <span class='ocrx_word' id='word_1_239' title='bbox 710 3579 799 3647; x_wconf 86' lang='lat' dir='ltr'><strong>huuc</strong></span> <span class='ocrx_word' id='word_1_240' title='bbox 813 3575 947 3645; x_wconf 90' lang='lat' dir='ltr'><strong>modum</strong></span> <span class='ocrx_word' id='word_1_241' title='bbox 963 3601 970 3642; x_wconf 75' lang='grc' dir='ltr'><strong>ι</strong></span> 
     </span>
    </p>
   </div>
   <div class='ocr_carea' id='block_1_8' title="bbox 96 3718 1242 4332">
    <p class='ocr_par' dir='ltr' id='par_1_8' title="bbox 96 3718 1242 4332">
     <span class='ocr_line' id='line_1_29' title="bbox 141 3718 1241 3809; baseline 0.002 -27"><span class='ocrx_word' id='word_1_242' title='bbox 141 3752 156 3782; x_wconf 67' lang='lat' dir='ltr'><strong>a</strong></span> <span class='ocrx_word' id='word_1_243' title='bbox 174 3725 411 3809; x_wconf 69' lang='lat' dir='ltr'><strong>Omniquenter</strong></span> <span class='ocrx_word' id='word_1_244' title='bbox 423 3723 532 3786; x_wconf 72' lang='lat' dir='ltr'><strong>volem</strong></span> <span class='ocrx_word' id='word_1_245' title='bbox 549 3721 745 3787; x_wconf 72' lang='lat' dir='ltr'><strong>cwcrerdus</strong></span> <span class='ocrx_word' id='word_1_246' title='bbox 758 3721 815 3798; x_wconf 88' lang='grc' dir='ltr'><strong>Ν.,</strong></span> <span class='ocrx_word' id='word_1_247' title='bbox 829 3719 950 3802; x_wconf 79' lang='lat' dir='ltr'><strong>judee,</strong></span> <span class='ocrx_word' id='word_1_248' title='bbox 963 3718 1068 3784; x_wconf 82' lang='lat' dir='ltr'><strong>debito</strong></span> <span class='ocrx_word' id='word_1_249' title='bbox 1082 3723 1173 3802; x_wconf 81' lang='lat' dir='ltr'><strong>juris</strong></span> <span class='ocrx_word' id='word_1_250' title='bbox 1191 3740 1241 3784; x_wconf 85' lang='lat' dir='ltr'><strong>or-</strong></span> 
     </span>
     <span class='ocr_line' id='line_1_30' title="bbox 96 3825 1239 3917; baseline -0.006 -17"><span class='ocrx_word' id='word_1_251' title='bbox 96 3836 174 3900; x_wconf 82' lang='lat' dir='ltr'><strong>dine</strong></span> <span class='ocrx_word' id='word_1_252' title='bbox 183 3832 366 3917; x_wconf 82' lang='lat' dir='ltr'><strong>procedere,</strong></span> <span class='ocrx_word' id='word_1_253' title='bbox 380 3849 433 3895; x_wconf 87' lang='lat' dir='ltr'><strong>me</strong></span> <span class='ocrx_word' id='word_1_254' title='bbox 444 3849 519 3894; x_wconf 82' lang='lat' dir='ltr'><strong>cum</strong></span> <span class='ocrx_word' id='word_1_255' title='bbox 533 3827 658 3894; x_wconf 84' lang='lat' dir='ltr'><strong>dnobus</strong></span> <span class='ocrx_word' id='word_1_256' title='bbox 669 3828 801 3893; x_wconf 82' lang='lat' dir='ltr'><strong>testibus</strong></span> <span class='ocrx_word' id='word_1_257' title='bbox 813 3828 854 3896; x_wconf 92' lang='lat' dir='ltr'><strong>N.</strong></span> <span class='ocrx_word' id='word_1_258' title='bbox 871 3825 964 3903; x_wconf 87' lang='lat' dir='ltr'><strong>elN.,</strong></span> <span class='ocrx_word' id='word_1_259' title='bbox 980 3825 1028 3890; x_wconf 83' lang='lat' dir='ltr'><strong>ud</strong></span> <span class='ocrx_word' id='word_1_260' title='bbox 1038 3827 1239 3893; x_wconf 84' lang='lat' dir='ltr'><strong>visitandum</strong></span> 
     </span>
     <span class='ocr_line' id='line_1_31' title="bbox 97 3933 1242 4025; baseline -0.007 -18"><span class='ocrx_word' id='word_1_261' title='bbox 97 3960 215 4025; x_wconf 79' lang='lat' dir='ltr'><strong>corpus</strong></span> <span class='ocrx_word' id='word_1_262' title='bbox 230 3939 350 4017; x_wconf 83' lang='lat' dir='ltr'><strong>delicti,</strong></span> <span class='ocrx_word' id='word_1_263' title='bbox 363 3957 477 4020; x_wconf 83' lang='lat' dir='ltr'><strong>supra,</strong></span> <span class='ocrx_word' id='word_1_264' title='bbox 493 3955 628 3999; x_wconf 77' lang='lat' dir='ltr'><strong>urimero</strong></span> <span class='ocrx_word' id='word_1_265' title='bbox 711 3935 896 4010; x_wconf 84' lang='lat' dir='ltr'><strong>memorati,</strong></span> <span class='ocrx_word' id='word_1_266' title='bbox 918 3933 1097 4016; x_wconf 83' lang='lat' dir='ltr'><strong>deputavit.</strong></span> <span class='ocrx_word' id='word_1_267' title='bbox 1116 3933 1200 3998; x_wconf 83' lang='lat' dir='ltr'><strong>Hirro</strong></span> <span class='ocrx_word' id='word_1_268' title='bbox 1219 3955 1242 3999; x_wconf 88' lang='lat' dir='ltr'><strong>c</strong></span> 
     </span>
     <span class='ocr_line' id='line_1_32' title="bbox 98 4039 1239 4120; baseline -0.009 -6"><span class='ocrx_word' id='word_1_269' title='bbox 98 4049 225 4114; x_wconf 82' lang='lat' dir='ltr'><strong>duobus</strong></span> <span class='ocrx_word' id='word_1_270' title='bbox 242 4047 335 4111; x_wconf 66' lang='lat' dir='ltr'><strong>«licus</strong></span> <span class='ocrx_word' id='word_1_271' title='bbox 355 4045 486 4111; x_wconf 78' lang='lat' dir='ltr'><strong>testibus</strong></span> <span class='ocrx_word' id='word_1_272' title='bbox 506 4045 702 4120; x_wconf 67' lang='lat' dir='ltr'><strong>caramalus,</strong></span> <span class='ocrx_word' id='word_1_273' title='bbox 724 4041 772 4104; x_wconf 86' lang='lat' dir='ltr'><strong>ad</strong></span> <span class='ocrx_word' id='word_1_274' title='bbox 792 4041 1017 4104; x_wconf 71' lang='lat' dir='ltr'><strong>habitaculum</strong></span> <span class='ocrx_word' id='word_1_275' title='bbox 1037 4039 1069 4103; x_wconf 89' lang='lat' dir='ltr'><em>N</em></span> <span class='ocrx_word' id='word_1_276' title='bbox 1071 4086 1091 4116; x_wconf 91' lang='lat'><strong>.‚</strong></span> <span class='ocrx_word' id='word_1_277' title='bbox 1115 4040 1239 4118; x_wconf 85' lang='lat' dir='ltr'><strong>clerici,</strong></span> 
     </span>
     <span class='ocr_line' id='line_1_33' title="bbox 98 4147 1242 4236; baseline -0.008 -13"><span class='ocrx_word' id='word_1_278' title='bbox 98 4177 153 4224; x_wconf 88' lang='lat' dir='ltr'><strong>mc</strong></span> <span class='ocrx_word' id='word_1_279' title='bbox 173 4155 309 4233; x_wconf 67' lang='lat' dir='ltr'><strong>contuli·</strong></span> <span class='ocrx_word' id='word_1_280' title='bbox 329 4155 501 4236; x_wconf 79' lang='lat' dir='ltr'><strong>uisumque</strong></span> <span class='ocrx_word' id='word_1_281' title='bbox 521 4160 553 4215; x_wconf 87' lang='lat' dir='ltr'><strong>et</strong></span> <span class='ocrx_word' id='word_1_282' title='bbox 570 4158 735 4234; x_wconf 65' lang='lat' dir='ltr'><strong>repetam</strong></span> <span class='ocrx_word' id='word_1_283' title='bbox 756 4157 814 4226; x_wconf 83' lang='lat' dir='ltr'><strong>est,</strong></span> <span class='ocrx_word' id='word_1_284' title='bbox 835 4155 919 4214; x_wconf 86' lang='lat' dir='ltr'><strong>etc...</strong></span> <span class='ocrx_word' id='word_1_285' title='bbox 939 4171 953 4207; x_wconf 83' lang='lat' dir='ltr'><strong>a</strong></span> <span class='ocrx_word' id='word_1_286' title='bbox 977 4147 1014 4211; x_wconf 81' lang='lat' dir='ltr'><strong>lit</strong></span> <span class='ocrx_word' id='word_1_287' title='bbox 1036 4147 1242 4215; x_wconf 86' lang='lat' dir='ltr'><strong>subscribunt</strong></span> 
     </span>
     <span class='ocr_line' id='line_1_34' title="bbox 99 4259 512 4332; baseline -0.017 0"><span class='ocrx_word' id='word_1_288' title='bbox 99 4269 167 4332; x_wconf 88' lang='lat' dir='ltr'><strong>duo</strong></span> <span class='ocrx_word' id='word_1_289' title='bbox 181 4268 278 4330; x_wconf 84' lang='lat' dir='ltr'><strong>testes</strong></span> <span class='ocrx_word' id='word_1_290' title='bbox 292 4267 324 4328; x_wconf 85' lang='lat' dir='ltr'><strong>at</strong></span> <span class='ocrx_word' id='word_1_291' title='bbox 335 4259 512 4326; x_wconf 70' lang='lat' dir='ltr'><strong>aunarius.</strong></span> 
     </span>
    </p>
   </div>
   <div class='ocr_carea' id='block_1_9' title="bbox 0 0 1537 4984">
    <p class='ocr_par' dir='ltr' id='par_1_9' title="bbox 0 0 1537 4984">
     <span class='ocr_line' id='line_1_35' title="bbox 0 0 1537 4984; baseline 0 0"><span class='ocrx_word' id='word_1_292' title='bbox 0 0 1537 4984; x_wconf 95' lang='lat' dir='ltr'><strong> </strong></span> 
     </span>
    </p>
   </div>
  </div>
 </body>
</html>
