3050 4984
285 432 346 498 150
659 455 834 500 rancrnrus
857 456 895 499 nu
918 454 1050 499 tumens.

282 582 371 642 actor
386 574 421 641 in
441 574 550 643 libello
571 578 756 665 exprimere
781 576 888 663 debet,
909 598 976 645 non
996 583 1125 644 tantum
1147 574 1227 667 quid
1250 582 1349 666 petat,
1366 574 1427 645 aed

282 681 416 772 insuper
441 682 484 749 ob
506 705 607 772 quam
636 706 768 752 reusam
796 683 830 751 id
858 689 956 776 petat.
987 682 1081 751 Unde
1105 682 1235 751 libellus
1259 682 1364 752 civilis
1390 682 1425 749 in

281 811 347 879 quo
365 811 430 858 non
449 791 686 881 exprimeretur
707 814 804 860 causa
818 790 1045 877 concludendi,
1062 814 1082 858 a
1101 790 1212 883 judice
1227 788 1427 879 rejiciendus

283 902 377 960 esset.

325 1000 431 1069 Causa
455 1023 533 1069 vero
556 1002 771 1072 concludendi
798 1004 920 1095 duplex
938 1002 1096 1092 distingui
1119 1002 1199 1072 solet
1220 1010 1372 1071 :remota
1394 1011 1428 1071 et

283 1107 446 1197 proxima.
467 1109 535 1178 «ln
545 1110 674 1179 actione
676 1110 858 1202 pascuali,
870 1132 968 1179 causa
977 1108 1106 1203 petendi
1109 1109 1270 1199 proxima
1279 1117 1327 1177 est
1339 1109 1427 1178 obli-

285 1241 303 1279 «
325 1215 415 1303 gatio
433 1214 492 1305 (rei
506 1238 585 1306 erga
602 1217 757 1307 actorem)
784 1230 936 1286 :remote
957 1224 1141 1285 contractus
1161 1216 1214 1284 vel
1235 1217 1427 1308 quasi-con-

286 1347 303 1386 «
327 1330 461 1409 tractus,
471 1322 627 1392 delictum
639 1324 691 1393 vel
704 1324 798 1416 quasi
808 1324 976 1411 delictum,
987 1346 1028 1392 ex
1038 1347 1103 1415 quo
1115 1322 1269 1412 obligatio
1282 1322 1428 1391 illabata

287 1456 305 1493 a
328 1439 386 1497 eat.
399 1432 437 1497 ln
450 1430 576 1498 actione
584 1430 678 1513 reali,
695 1452 793 1499 causa
807 1429 937 1522 petendi
948 1431 1102 1522 proxima
1113 1438 1161 1498 eat
1173 1430 1359 1498 dominium
1371 1430 1428 1498 vel

288 1564 304 1601 a
327 1536 634 1627 quasi-dominium,
652 1546 710 1606 aut
729 1538 820 1606 aliud
839 1538 894 1631 jus
916 1539 950 1605 in
975 1560 1010 1608 re
1031 1549 1179 1606 :remota
1201 1559 1279 1607 vero
1300 1545 1349 1606 est
1369 1538 1428 1605 ille

287 1669 302 1710 c
330 1644 442 1712 titulus
463 1644 514 1712 vel
530 1644 661 1732 modus,
682 1666 854 1735 perquem
869 1644 1055 1713 dominium
1071 1644 1124 1713 vel
1144 1644 1250 1712 simile
1262 1644 1317 1734 jus
1339 1644 1374 1711 in
1390 1668 1427 1712 re

289 1778 305 1814 α
328 1750 521 1819 translatum
541 1760 590 1820 est
613 1751 665 1842 (ad
687 1753 893 1842 actoreml.»
916 1752 1235 1843 (Schmalzgrueber,
1259 1752 1293 1819 in
1314 1752 1363 1819 tit.
1392 1756 1427 1839 3,

285 1858 362 1926 libri
375 1863 395 1924 2
407 1859 550 1944 Deerat,
566 1859 587 1949 ξ
600 1862 632 1946 1,
645 1881 678 1927 n.
699 1859 747 1949 3.)
844 1938 847 1945 ¹

330 1972 473 2054 Quusrro
489 1979 534 2041 5³.
551 2014 596 2027 -
614 1978 777 2057 Quartam
791 1977 856 2043 sint
873 1977 1043 2066 precipua
1062 1976 1143 2044 vitia
1162 1977 1197 2043 in
1210 1974 1317 2043 libello
1334 1974 1429 2042 deui-

286 2078 413 2147 tanda?
426 2119 470 2132 -
483 2081 634 2171 Quinque
649 2082 807 2171 assignari
821 2082 937 2170 solent,
954 2105 1071 2173 nempe
1088 2109 1097 2149 :
1115 2081 1338 2166 contradictio,
1363 2082 1428 2149 ob-

287 2186 436 2273 scuritas,
459 2188 666 2273 incertitudo,
691 2188 897 2278 generalitas,
917 2199 948 2257 et
968 2189 1160 2257 alternative
1177 2187 1309 2256 locutio.
1326 2189 1380 2255 Aa
1396 2198 1429 2255 et

287 2292 407 2383 quibus
417 2293 451 2360 in
465 2294 596 2362 casibus
605 2294 683 2363 vitia
695 2293 766 2362 baec
776 2296 874 2363 libelli
891 2294 1072 2364 nullitatem
1085 2296 1252 2382 inducant,
1268 2294 1343 2363 vide
1359 2294 1429 2363 dis-

288 2425 419 2470 cussum
436 2403 522 2494 apud
538 2402 830 2493 Sobmalzgrueber
844 2405 952 2495 (citato
966 2405 1049 2489 loco,
1067 2428 1100 2473 n.
1114 2409 1132 2471 6
1149 2412 1180 2471 et
1196 2404 1290 2504 sep).

807 2706 828 2796 g
849 2706 907 2774 tv.

292 2890 330 2940 Au
346 2891 447 2941 libellus
464 2894 544 2943 semel
564 2899 699 2953 porrectus
716 2892 868 2957 etajudice
885 2896 1004 2957 receptus
1022 2892 1114 2943 mutari
1131 2892 1171 2942 vel
1188 2890 1321 2942 emendari
1338 2891 1431 2955 possit.

339 3124 498 3192 «Mactari
522 3123 649 3192 libellus
672 3125 791 3193 dieitur
814 3147 890 3193 cum
912 3122 1036 3214 aliquid
1059 3124 1094 3191 in
1115 3145 1153 3190 eo
1177 3130 1323 3191 mutatur
1341 3122 1432 3214 quod
1513 3184 1514 3187 ,

295 3254 313 3293 a
335 3230 472 3318 pertinet
491 3232 531 3298 ad
552 3232 623 3322 ejus
643 3232 875 3309 substantiam
899 3237 947 3317 ut,
969 3230 996 3297 si
1011 3238 1100 3298 actor
1118 3230 1154 3297 in
1167 3228 1276 3297 libello
1294 3228 1434 3297 actionis

295 3360 312 3399 e
336 3336 430 3403 realis
450 3336 546 3424 dixit,
564 3362 598 3405 se
614 3339 788 3406 domiuum
807 3358 875 3405 esse
890 3337 938 3405 rei
953 3337 1073 3427 petitae,
1095 3344 1205 3427 postea
1223 3356 1301 3405 vero
1317 3333 1434 3403 videns

295 3467 312 3507 u
336 3441 508 3511 difficulter
523 3445 709 3513 dominium
726 3446 863 3536 probare
880 3464 987 3535 posse,
1010 3450 1140 3510 mutans
1159 3441 1306 3510 libellum
1332 3440 1431 3529 dicat,

296 3573 313 3612 a
337 3548 399 3615 sibi
408 3548 593 3618 dominium
603 3551 655 3620 ccl
661 3552 759 3643 quasi
767 3559 966 3641 competere;
981 3547 1036 3618 ubi
1048 3556 1193 3617 mutatur
1203 3548 1286 3615 actio
1295 3554 1327 3615 et
1336 3570 1435 3617 causa

297 3656 477 3746 «petendi.

341 3790 357 3828 u
374 3762 558 3832 Emendari
571 3787 650 3834 vero
665 3766 796 3853 dicitur,
807 3766 938 3858 quando
950 3764 1069 3833 vitium
1082 3761 1213 3853 aliquod
1225 3762 1278 3829 vel
1287 3761 1438 3831 obscuri-
1513 3830 1514 3875 ,

296 3895 313 3935 e
337 3878 385 3936 tas
400 3868 539 3957 tollitur,
552 3870 605 3938 vel
620 3872 744 3963 aliquid
758 3872 889 3943 additur
903 3881 959 3941 aut
973 3868 1166 3955 detrahitur,
1178 3868 1268 3936 salva
1283 3877 1440 3939 manente

293 3998 311 4043 e
336 3974 438 4066 ipsius
449 3974 551 4044 libelli
560 3976 755 4065 substantia;
766 3978 811 4048 ita
820 3986 856 4048 ut
865 4001 924 4047 nec
935 4000 985 4048 res
1000 3976 1111 4068 petita,
1122 3996 1182 4044 nec
1196 3995 1293 4043 causa
1303 3978 1438 4065 petendi

297 4106 315 4149 c
338 4090 507 4151 mutetur:
524 4083 574 4151 hia
587 4085 718 4172 notatis,

339 4216 365 4283 l.
394 4243 411 4282 a
431 4215 517 4285 Satis
539 4220 691 4288 convenit
713 4219 799 4289 inter
823 4219 968 4289 doctores
992 4217 1140 4288 libellum
1163 4214 1307 4285 oblatum
1328 4215 1436 4305 judici
