3050 4984
540 512 616 557 rens
644 511 789 556 sucurre.
1174 492 1231 553 tte

100 631 182 699 tione
216 631 379 722 ejusmodi
404 632 582 723 proposita,
607 631 723 721 judex,
741 653 800 723 per
813 632 1090 700 interlocutoriam
1106 638 1235 699 senten·

98 737 186 823 tiam,
203 759 275 805 eam
301 739 431 806 inanem
447 739 648 829 pronuntiet,
676 748 707 806 et
722 739 872 807 decernat
887 738 1024 806 ulterius
1039 760 1107 806 esse
1121 760 1236 830 proee-

99 843 253 931 dendum,
268 868 325 913 reo
338 845 511 936 excipienti
525 868 590 913 non
604 844 695 913 aliud
711 854 798 936 patet
813 845 992 913 remedium
1008 867 1105 936 quam
1122 844 1235 937 appel-

98 952 182 1020 latio.
207 952 250 1021 Et
273 952 406 1045 quidem
432 952 595 1044 appellere
616 974 743 1043 semper
761 954 879 1043 poterit
900 975 919 1019 s
941 953 1098 1019 sententia
1114 951 1236 1020 defini-

99 1058 164 1125 tive
182 1085 189 1125 :
205 1058 324 1126 edicte
340 1082 417 1128 vero
430 1059 672 1128 interlocutoria
685 1060 848 1151 appellare
869 1060 980 1150 nequit
1006 1058 1062 1149 (ite
1078 1066 1236 1126 statuente

97 1164 287 1235 Tridentina
301 1165 453 1257 synodo),
472 1166 535 1233 nisi
551 1168 619 1235 vim
632 1165 811 1235 definitivae
837 1166 964 1251 habeat,
987 1176 1044 1233 aut
1058 1188 1236 1255 gravamen

97 1272 213 1341 inferet
243 1296 300 1365 per
331 1273 532 1342 definitivam
559 1296 623 1341 non
653 1273 855 1364 reparabile,
884 1272 961 1365 quia
990 1295 1118 1364 nempe,
1144 1281 1237 1340 extra

97 1380 155 1448 hos
168 1403 276 1467 cesus,
292 1380 523 1473 appellationes
537 1381 578 1449 ab
594 1380 845 1449 interlocutoriis
871 1380 1043 1449 concilium
1072 1380 1237 1447 Tridenti-

97 1510 175 1555 num
189 1488 342 1555 abolevit.
370 1488 412 1558 Si
423 1488 595 1578 posterius,
613 1488 725 1573 idest,
742 1490 769 1555 si
793 1488 959 1578 excipiens
983 1496 1125 1579 opponat
1145 1487 1237 1577 judi-

97 1617 165 1661 cem
180 1617 251 1662 essa
265 1594 328 1663 sibi
344 1595 459 1663 merito
484 1604 683 1685 suspectum,
697 1593 766 1686 jam
782 1595 895 1685 nequit
910 1594 972 1661 hoc
985 1595 1055 1684 ipso
1066 1593 1170 1685 judex
1188 1594 1237 1660 ul·

96 1702 195 1768 terium
234 1700 427 1791 procedere3
461 1700 519 1769 sed
556 1700 651 1770 debet
686 1700 848 1791 judicium
877 1700 916 1769 de
956 1700 1011 1767 tuli
1050 1701 1237 1791 exceptione

96 1809 252 1875 committi
267 1808 408 1893 arbitris,
436 1815 533 1898 prout
557 1808 754 1899 insequenti
778 1810 892 1899 capite,
917 1830 976 1899 pro
1000 1807 1044 1874 rei
1063 1808 1235 1896 gravitate,

95 1914 199 1983 insius
213 1915 389 1984 evolvitur.

535 2224 677 2294 CAPUT
701 2225 790 2295 Vlll.

122 2436 161 2481 DE
183 2436 389 2481 nucusa'rtorm
411 2437 535 2502 mutuis,
559 2439 705 2493 TANQUAH
729 2438 878 2500 SUSPECTl,
904 2438 942 2481 ET
966 2436 1133 2483 mamertus
1157 2438 1210 2481 Pete

404 2544 551 2591 uenturos
573 2544 788 2591 nucusnrlouts
815 2544 924 2589 CAUSA.

137 2772 282 2851 Qun-erro
307 2774 352 2838 1³.
370 2808 414 2823 -
432 2770 522 2855 Quid
536 2772 579 2837 sit
593 2772 766 2852 recreatio,
784 2785 815 2838 et
833 2794 878 2838 aa
892 2770 926 2838 ire
938 2772 1012 2861 soro
1026 2771 1234 2839 ecclesiastico

92 2878 167 2965 fieri
186 2877 315 2968 possit?
340 2916 385 2929 -
411 2879 582 2947 Recusatio
607 2887 654 2945 est
678 2875 799 2967 judicis
825 2875 1011 2961 declinatio,
1036 2900 1077 2944 ex
1093 2896 1131 2945 eo
1146 2880 1234 2969 quod

95 2996 240 3075 smpeeta
268 2986 310 3053 sit
337 2986 439 3076 ipsius
471 2986 506 3052 in
545 2982 707 3052 reddenda
731 2983 858 3074 justitia
889 2984 1068 3072 integritas.
1101 2987 1232 3053 Certum
1342 3038 1346 3046 .

94 3100 203 3158 autem
219 3101 281 3171 est,
296 3093 380 3160 sicut
395 3093 430 3159 in
442 3093 517 3183 jure
529 3091 746 3175 Justinianeo,
764 3090 809 3156 ita
824 3098 855 3157 ct
871 3090 905 3156 in
920 3091 990 3157 loro
1006 3090 1231 3176 ecclesiastico,

96 3219 186 3285 posse
198 3198 353 3288 judicem,
370 3199 450 3266 alias
475 3197 674 3287 legitimum,
692 3220 733 3264 ex
758 3195 843 3263 dieta
868 3198 1049 3287 suspicione
1077 3200 1230 3265 recusari.

96 3304 227 3372 Constat
240 3328 282 3373 ex
298 3304 447 3374 decretali
464 3304 611 3373 Secundo
627 3304 766 3395 requiris
783 3304 850 3395 (tr,
867 3304 914 3370 tit.
933 3308 987 3389 28,
999 3304 1056 3371 lib.
1074 3308 1092 3370 2
1107 3305 1230 3394 Dece),
1276 3362 1279 3371 .

96 3420 125 3476 et
138 3411 290 3479 decretali
301 3414 388 3481 Cum
397 3412 530 3503 speciali
542 3414 610 3503 (61,
621 3412 769 3504 ejusdem
778 3412 859 3501 tit),
872 3434 948 3479 mox
958 3410 1146 3480 referendis.
1164 3415 1231 3479 luro

96 3516 128 3582 id
140 3518 239 3586 etiam
260 3542 301 3587 ex
312 3519 386 3609 jure
400 3519 539 3587 naturali
555 3519 671 3587 deduci
687 3527 803 3610 potest,
821 3528 918 3609 prout
933 3519 967 3585 in
982 3517 1066 3586 dicta
1080 3517 1231 3587 decretali

95 3624 243 3693 Sceuae
267 3625 417 3694 innuitur
445 3626 496 3693 his
512 3626 619 3693 verbis
637 3654 644 3693 ι
663 3629 739 3717 lpse
752 3648 896 3716 numque
910 3624 996 3691 ratio
1011 3623 1126 3706 dictet,
1145 3626 1233 3715 quod

93 3732 231 3821 aspecti
254 3745 285 3799 ct
300 3732 429 3800 inimici
437 3730 569 3824 judices
584 3755 647 3800 esse
661 3756 728 3800 aon
741 3732 867 3801 debent
887 3731 922 3798 Si
937 3740 1045 3799 temen
1061 3741 1177 3821 agetur
1190 3734 1230 3800 de

92 3858 245 3928 supremo
258 3839 377 3928 judice,
392 3840 517 3909 elerum
530 3850 579 3908 est
595 3839 737 3908 recusari
751 3840 844 3908 illum
861 3862 926 3907 non
941 3861 1050 3929 posse,
1068 3850 1137 3907 turn
1154 3842 1230 3929 quia

92 3944 162 4033 ejus
184 3946 334 4035 meJestas
351 3969 481 4015 omnem
505 3948 724 4038 suspicionem
747 3946 789 4013 ab
812 3968 850 4014 eo
877 3967 1045 4014 removere
1060 3958 1226 4032 censetur;

93 4057 161 4117 tum
176 4051 379 4143 quianullus
396 4063 472 4120 tunc
485 4053 575 4120 adest
601 4056 748 4143 superior
761 4054 796 4120 in
820 4053 926 4138 terrie,
944 4053 1002 4143 qui
1015 4051 1126 4142 hujus,
1146 4073 1230 4119 non-

92 4156 238 4226 obstante
266 4158 446 4249 suspicione
475 4161 631 4249 opposita,
661 4160 874 4249 procedentis,
906 4160 1095 4227 seutentiam
1126 4160 1229 4226 relor-

92 4286 180 4332 mare
196 4266 311 4333 valeat.
329 4265 393 4333 Sed
420 4275 538 4357 prmter
552 4288 754 4356 supremum,
782 4290 893 4335 omnes
916 4266 970 4335 alii
982 4267 1107 4359 jndices
1122 4268 1229 4371 eecla7
