3050 4984
538 512 613 559 exus
635 512 781 559 sncuunx.
1161 495 1220 557 etr

134 633 211 699 3⁰In
226 632 406 702 actionibus
419 632 656 725 personatibus,
686 634 756 700 fieri
782 654 847 701 nou
870 632 965 701 debet
985 640 1060 701 unte
1083 642 1224 723 quatuor

95 762 231 825 menses;
249 742 326 831 qniu
351 763 467 831 nempe
490 740 676 809 conceditur
696 739 911 809 condemnato
936 739 1171 831 quadrimestre
1185 740 1227 809 ed

94 845 290 915 solvendum.
316 846 438 937 (Cupite
463 846 582 930 Quoad
595 846 886 926 ,consultationem
910 845 996 915 tituli
1023 851 1078 931 27,
1107 847 1183 915 libri
1208 852 1228 914 2

94 952 227 1039 Decret.;
242 964 275 1021 et
294 954 396 1043 capite
413 954 587 1037 Quareuti,
602 952 642 1020 de
656 953 769 1044 Officio
781 952 947 1043 delegati.)

133 1059 274 1141 ansrro
298 1068 333 1129 4ι
346 1098 390 1112 -
405 1062 455 1127 Au
468 1073 622 1129 executor
636 1061 804 1129 sententia
812 1060 934 1150 possuit
948 1072 1064 1127 contro
1079 1082 1153 1128 eam
1168 1085 1226 1129 cx-

94 1167 246 1253 ceptioues
261 1167 457 1235 admittere?
470 1204 514 1219 -
534 1193 551 1233 ι
567 1165 758 1258 Respondec
770 1164 1039 1251 distinguendum
1053 1167 1138 1235 inter
1149 1191 1229 1237 exe·

98 1298 112 1335 ι
132 1283 274 1343 cutonem
296 1296 424 1343 merum
443 1284 476 1341 et
498 1273 653 1341 mixtum.
680 1276 791 1343 Meus
809 1282 871 1358 est,
894 1272 948 1341 cui
963 1272 1054 1341 nulia
1074 1276 1228 1364 cognitio,

98 1404 113 1443 ι
132 1379 186 1447 scd
202 1380 270 1449 solu
288 1381 437 1449 executio
453 1402 570 1466 ceusu,
588 1381 657 1470 jem
672 1380 768 1470 piune
787 1380 926 1469 cognite
942 1387 974 1445 et
990 1377 1119 1466 decise,
1135 1404 1229 1451 com-

98 1510 111 1547 e
135 1487 283 1556 mittitur.
306 1487 432 1557 Mixtus
451 1502 511 1573 est,
540 1489 593 1555 cui
614 1509 680 1554 non
697 1508 787 1555 meru
809 1486 969 1569 executio,
986 1486 1041 1553 sed
1058 1488 1155 1555 etism
1170 1512 1230 1556 co-

97 1617 112 1655 c
132 1594 233 1681 gnitio
249 1594 289 1661 de
301 1592 450 1662 facienda
460 1594 649 1662 executione
663 1593 886 1662 committitur.

137 1700 332 1769 «Posterior
356 1700 527 1769 admittere
551 1708 656 1791 potest
681 1700 900 1791 exceptiones,
925 1722 999 1791 quae
1022 1699 1127 1768 solum
1157 1712 1227 1769 ten-

98 1832 112 1869 ι
130 1805 211 1875 dunt
236 1808 278 1875 ud
293 1807 534 1899 impediendum
547 1816 605 1875 eut
625 1806 853 1875 retardandum
877 1809 1115 1894 executionem,
1135 1818 1168 1876 et
1189 1806 1229 1877 de

97 1938 111 1975 c
132 1913 183 1982 bis
196 1915 419 2005 pronuntiare.
436 1917 481 1983 At
497 1912 537 1983 do
548 1913 794 2005 exceptionibus
808 1936 884 2004 quur
896 1916 1011 1983 merita
1025 1937 1131 1984 causer
1145 1938 1229 1983 con-

98 2031 279 2106 «cernunt,
309 2021 362 2088 vel
386 2020 506 2089 directe
531 2022 727 2111 impugnent
743 2021 949 2108 sententiam,
978 2020 1038 2089 etsi
1053 2023 1229 2090 summarie

98 2130 230 2219 «possit
255 2136 409 2196 executor
429 2149 635 2217 cognoscere,
665 2137 705 2195 ιιι-
720 2127 759 2216 (si
786 2127 920 2195 frivolus
945 2150 1014 2195 esse
1028 2130 1227 2218 cognoverit)

97 2260 112 2297 u
135 2234 204 2301 illus
219 2234 355 2325 rejiciat,
372 2236 400 2302 si
415 2244 522 2301 temen
538 2236 662 2302 cutione
678 2234 773 2301 nixus
787 2233 955 2323 repererit,
971 2234 1101 2322 plenam
1113 2235 1153 2301 de
1164 2236 1230 2303 iilis

99 2366 113 2403 ι
133 2342 351 2431 cognitionem
367 2338 530 2409 remittere
545 2339 640 2407 debet
663 2340 705 2407 ed
721 2339 936 2429 superiorem,
964 2350 996 2406 et
1015 2338 1139 2407 interce
1152 2362 1230 2408 exe·

99 2474 112 2511 e
133 2448 254 2517 cutioni
269 2447 437 2515 sententiee
449 2445 672 2537 supersedere,
693 2455 728 2513 ut
740 2444 904 2535 colligitur
919 2468 961 2513 ex
975 2444 1046 2533 lege
1060 2447 1101 2513 Si
1106 2462 1231 2536 pretor

99 2580 114 2617 ι
138 2556 203 2645 (74,
220 2554 255 2622 ff.
279 2554 318 2621 de
332 2552 468 2643 ludia).
487 2552 656 2643 Excipitur
672 2552 700 2620 si
714 2552 873 2620 sententia
887 2552 1005 2620 arbitri
1022 2562 1079 2621 eut
1093 2555 1231 2642 delegati

99 2688 112 2724 e
134 2664 184 2730 sui
196 2666 238 2730 sit
257 2662 440 2731 executioni
455 2661 563 2729 danda
586 2661 627 2727 ub
650 2662 720 2751 ipsc
742 2660 852 2750 jndice
865 2660 1055 2729 ordinario:
1079 2684 1154 2729 num
1170 2663 1231 2731 hoc

99 2792 207 2837 ceusu
231 2790 424 2857 cognoscere
441 2776 542 2857 potest
558 2765 598 2835 de
623 2766 870 2857 exceptionibus
885 2766 982 2834 etium
1005 2774 1041 2834 ut
1063 2770 1231 2857 negotium

99 2904 114 2939 ι
135 2876 280 2962 definiat3
298 2885 329 2941 et
344 2875 549 2959 sententium,
568 2874 596 2941 si
612 2873 734 2941 nuliam
763 2872 852 2940 illam
875 2874 1044 2963 repererit,
1071 2876 1232 2943 rescindat

99 3008 113 3045 e
136 3006 190 3071 per
204 2984 338 3051 modum
355 2981 566 3051 restitutionis
583 2982 616 3047 in
630 2980 807 3068 integrum.

140 3118 155 3155 u
171 3090 362 3159 Posteriores
376 3089 498 3179 generes
513 3100 674 3167 executor,
691 3108 749 3155 seu
768 3108 887 3168 merus,
904 3087 1011 3154 nullas
1026 3089 1232 3179 exceptiones

100 3225 115 3263 ι
136 3206 235 3288 potest
250 3198 433 3282 admittere,
449 3218 507 3263 nec
523 3196 562 3263 de
577 3196 641 3262 illis
657 3216 851 3283 cognoscere
867 3194 948 3283 (iege
963 3196 1003 3261 Si
1020 3209 1057 3262 ut
1070 3200 1232 3287 proponis

101 3332 113 3365 ι
138 3310 167 3391 b,
182 3314 212 3372 et
226 3305 297 3393 iege
308 3306 527 3373 Eeecutorem
543 3306 574 3387 8,
591 3326 619 3369 c.
639 3300 678 3368 de
693 3300 896 3369 Euecutiooe
909 3300 958 3367 rei
974 3301 1112 3391 judic).
1129 3304 1231 3395 quue

101 3412 279 3501 «procedit
307 3410 431 3479 temetsi
461 3418 614 3477 executor
640 3409 831 3475 sententium
859 3406 1006 3496 ujudice
1031 3408 1128 3475 lutam
1154 3413 1232 3478 sciet

102 3542 117 3579 ι
136 3540 200 3585 esse
216 3516 381 3607 injustam.
409 3516 493 3583 Num
509 3524 680 3605 postquam
696 3513 752 3580 itta
774 3514 806 3580 in
824 3534 893 3579 rem
913 3510 1091 3602 judicatam
1121 3526 1231 3583 truns-

102 3648 117 3685 ι
136 3625 181 3711 iit,
197 3624 317 3715 exequi
328 3645 400 3690 eam
414 3621 519 3705 debet,
538 3628 573 3689 ιιι
588 3629 712 3689 constet
728 3640 769 3687 ex
785 3620 888 3709 capite
901 3620 1083 3687 Postoralis
1107 3621 1174 3711 (28,
1191 3622 1231 3691 de

102 3756 117 3792 ι
139 3732 247 3821 Officio
267 3728 348 3821 jud.
365 3728 494 3819 deep).
512 3727 626 3797 Plures
642 3736 747 3794 tumen
763 3724 918 3793 faciendae
936 3738 1014 3794 sunt
1027 3730 1232 3818 exceptiones

101 3836 312 3928 «inquibus
337 3846 490 3903 executor
515 3856 623 3901 merus
649 3834 768 3923 exequi
796 3855 861 3901 non
888 3841 1018 3901 tenetur
1039 3837 1229 3904 sententiam

103 3970 118 4004 e
137 3966 231 4034 quam
246 3944 314 4034 ipse
326 3944 387 4011 scit
402 3940 556 4032 injustum
572 3962 651 4007 csse.
671 3942 701 4005 1ο
717 3939 753 4005 Si
767 3940 832 4006 iate
843 3940 885 4007 sit
899 3940 934 4005 in
947 3962 1045 4008 causa
1055 3944 1229 4032 criminali,

104 4074 119 4111 ι
137 4052 169 4116 in
182 4074 247 4141 qua
261 4050 370 4139 egitur
395 4046 435 4115 de
463 4047 621 4115 occisione
645 4046 695 4113 vel
721 4046 923 4114 mutilatione
938 4047 1136 4135 innocentis;
1154 4054 1232 4141 quie

105 4180 118 4217 e
138 4158 276 4225 occidere
304 4155 468 4223 hominem
492 4156 696 4221 innocentem
721 4161 770 4219 cst
789 4152 965 4221 intrinsece
981 4154 1116 4239 melum,
1132 4160 1232 4227 adeo-

107 4288 120 4323 r
139 4286 197 4353 que
221 4285 279 4330 nec
298 4262 465 4329 executori
485 4260 694 4351 permissum.
713 4262 745 4325 2ο
771 4259 807 4327 Si
825 4260 890 4329 lata
909 4261 950 4327 sit
963 4260 1107 4342 uellite,
1126 4274 1157 4331 et
1172 4265 1233 4337 hcc
1305 4311 1311 4319 ι

254 4389 285 4433 ιι.
1035 4373 1073 4431 ιϋ
