3050 4984
528 507 603 555 rans
630 507 776 556 secunus.
1181 487 1220 553 83

82 625 149 716 ipsa
164 625 262 694 etiam
278 625 430 696 Ecclesia
448 649 540 696 mens
552 637 583 696 et
598 630 723 720 praxis.
740 628 906 721 Inprimis
919 629 1020 717 enim,
1034 629 1116 698 dum
1131 628 1225 697 insti-

82 739 148 802 tuto
170 755 323 825 processu
345 741 457 804 uotum
474 737 511 802 fit
526 735 560 802 in
575 743 641 803 tota
655 737 766 828 aliqua
782 735 913 825 regione
927 735 1081 804 delictum
1093 737 1226 827 aliquod

83 848 174 908 autea
186 839 363 928 occultum,
386 841 555 928 incutitur,
580 863 749 934 nunquam
776 863 842 911 non
866 841 1058 932 lugendum,
1085 842 1228 911 scandali

84 946 224 1034 vulnus;
240 955 337 1039 atque
352 971 391 1017 co
412 949 511 1016 altius
529 947 683 1036 infixum,
704 948 793 1041 quod
813 949 1006 1040 delinquens
1025 949 1155 1018 clariori
1175 950 1229 1017 in-

84 1055 240 1142 tegritatis
264 1054 351 1124 fama
376 1056 570 1148 potiebatur,
596 1057 846 1124 eminentiorive
869 1063 971 1124 status
994 1057 1150 1124 clericalis
1173 1066 1230 1124 aut

85 1157 277 1248 dignitatum
306 1161 594 1232 ecclesiasticarum
624 1162 728 1252 pedu
760 1162 932 1230 eminebat.
962 1163 1028 1231 Nec
1057 1162 1231 1254 objiciatur

85 1267 203 1335 malum
234 1267 396 1360 ejusmodi
422 1293 463 1338 cx
489 1270 575 1339 bono
600 1269 754 1339 vindictae
779 1269 919 1361 publicas
946 1269 1174 1360 compensari:
1202 1270 1229 1335 si

85 1375 167 1444 enim
183 1383 411 1468 compensetur
425 1384 564 1465 tantum,
587 1376 747 1446 inutiliter
767 1375 935 1445 adhibitus
957 1398 1149 1468 processus:
1174 1375 1229 1444 sed
1356 1457 1359 1464 Ι

84 1503 186 1574 neque
202 1505 318 1553 verum
335 1491 383 1552 est
395 1483 466 1552 dari
479 1483 671 1575 plerumque
690 1483 941 1574 aequivalentem
964 1483 1054 1552 illam
1075 1505 1231 1575 compen-

84 1589 250 1658 sationem.
266 1590 361 1672 Quod
376 1614 451 1660 cum
466 1589 605 1660 adducto
621 1589 808 1682 particulari
827 1613 905 1658 casu
924 1589 1052 1659 facilius
1076 1591 1231 1659 aestimsri

84 1698 194 1786 possit,
211 1720 436 1789 supponamus
450 1699 504 1790 ogi
519 1721 649 1768 oanmm
669 1698 817 1790 parochi,
834 1698 875 1766 de
890 1721 956 1790 quo
971 1721 991 1766 a
1008 1699 1119 1767 multis
1136 1700 1232 1767 annis

84 1803 293 1894 integerrima
315 1809 412 1892 mma,
435 1807 501 1876 imo
525 1815 557 1875 et
582 1806 760 1875 sanctitatis
784 1805 894 1897 opinio
918 1805 1113 1893 invaluerit5
1139 1805 1233 1897 cujus

84 1917 189 1978 umen
215 1912 392 2004 aliquando
418 1921 540 1982 secreta
558 1913 708 2006 quasdam
729 1911 874 1982 facinora
897 1933 985 1981 unus
1004 1922 1062 1981 aut
1083 1912 1166 1981 alter
1188 1915 1232 1982 ita

83 2018 262 2104 resciverit,
291 2029 328 2088 ut
354 2019 546 2090 sufficientia
574 2019 615 2088 ad
637 2019 845 2111 probandum
873 2017 998 2088 indicia
1026 2019 1232 2111 suppeditare

82 2125 194 2212 possit.
209 2125 245 2193 Si
256 2148 307 2194 res
317 2126 585 2218 evadatpublioa,
599 2126 712 2195 miultis
721 2134 807 2196 certe
816 2125 981 2194 debilibus
988 2133 1101 2216 verget
1111 2127 1146 2193 in
1156 2126 1231 2194 fidei

81 2240 109 2297 et
124 2232 255 2322 pietatis
270 2232 413 2320 ruinam,
429 2255 608 2324 ausamque
623 2232 783 2325 praebebit
796 2233 963 2323 religionis
976 2233 1141 2302 catholicae
1154 2234 1231 2302 hos-

81 2337 179 2425 tibus,
201 2339 238 2406 iu
258 2362 382 2408 sacram
405 2339 624 2409 hierarchiam
646 2340 815 2432 ipsamque
838 2339 960 2408 Christi
975 2339 1151 2408 Ecclesiam
1174 2339 1231 2406 de-

78 2443 270 2514 bacchandi.
289 2447 393 2529 Quem
406 2447 553 2516 effectum
568 2448 626 2517 vix
638 2447 830 2539 temperabit
840 2447 1009 2516 sententiae
1022 2447 1232 2516 damnatorias

79 2553 128 2620 uel
144 2555 313 2622 maximus
329 2555 428 2644 rigor.
444 2553 481 2623 Si
496 2577 573 2623 vero
593 2563 670 2622 tunc
689 2554 793 2646 judex
820 2555 1039 2644 evangelicam
1063 2555 1233 2625 dumtaxat

78 2657 373 2749 denuntiationem,
393 2684 459 2730 non
490 2684 568 2730 vero
583 2660 773 2752 judicialem
798 2663 944 2753 recipiat,
965 2685 1039 2754 spes
1059 2664 1123 2731 erit
1147 2663 1232 2731 obti-

78 2769 198 2836 nendae
219 2767 338 2859 perditi
355 2769 419 2838 viri
449 2769 696 2855 emendationis,
718 2769 809 2838 salvo
828 2769 962 2857 interca,
986 2769 1074 2862 quod
1096 2771 1231 2838 maximi

78 2874 226 2960 interest,
246 2897 267 2943 a
281 2875 422 2943 scandali
437 2877 533 2944 ruina
549 2875 681 2968 populo.
695 2875 790 2957 Quod
806 2877 834 2943 si
847 2886 981 2968 paterna
994 2878 1149 2946 correctio
1167 2900 1232 2947 uon

78 2983 244 3073 proficiat,
262 2983 363 3051 satius
381 2991 430 3052 est
452 2981 594 3075 permitti
613 2992 769 3051 secretam
789 2983 899 3071 unius,
920 3007 1019 3076 quam
1038 2986 1229 3075 multorum,

78 3092 310 3180 perditionem.

119 3199 208 3266 Eam
224 3221 303 3267 vero
317 3205 473 3290 perpetuo
494 3197 595 3265 fuisse
618 3197 771 3266 Ecclesiae
791 3207 947 3286 mentem,
970 3199 1082 3266 multis
1101 3201 1230 3269 suaderi

76 3303 286 3374 documentis
298 3305 438 3373 videtur.
462 3304 573 3372 lnunit
594 3303 755 3395 imprimis
771 3305 843 3396 ipsa
861 3327 1030 3394 processus
1053 3307 1230 3375 criminalis

77 3435 213 3498 norma,
244 3411 373 3502 qualem
397 3433 455 3502 per
483 3410 634 3479 undecim
661 3411 789 3479 circiter
816 3411 935 3479 saecula
962 3411 1104 3501 viguisse
1132 3437 1232 3505 supra

76 3517 306 3606 probavimus.
322 3517 475 3585 Nondum
489 3517 609 3584 scilicet
621 3517 657 3584 in
671 3517 870 3585 ordinariam
885 3526 916 3584 et
926 3519 1111 3607 generalem
1122 3527 1231 3589 trans-

76 3625 160 3693 ierat
192 3623 312 3714 judicis
332 3645 373 3690 ex
399 3621 503 3690 officio
527 3623 722 3714 inquirentis
744 3623 921 3709 institutio,
945 3625 1001 3692 sed
1027 3627 1140 3714 regula
1163 3637 1231 3695 erat

76 3740 110 3798 ut
125 3731 192 3823 qui
204 3730 246 3798 ab
258 3729 382 3821 aliquo,
398 3729 433 3797 in
451 3751 580 3822 poenam
604 3729 733 3798 talionis
749 3753 817 3798 sese
836 3731 1044 3817 inscribente,
1057 3755 1123 3801 non
1136 3755 1231 3804 accu-

75 3837 230 3923 sabatur,
255 3837 465 3904 oondemnuri
485 3859 552 3904 uon
578 3845 696 3927 posset,
723 3837 788 3903 nisi
809 3836 940 3904 aliunde
961 3838 1129 3904 octonum
1148 3839 1230 3907 foret

75 3945 251 4012 delictum.
277 3943 344 4012 Nec
369 3944 539 4032 ignorabat
564 3942 708 4012 Ecclesia
732 3966 790 4034 per
814 3943 974 4034 ejusmodi
999 3944 1182 4013 institutum
1211 3969 1230 4014 a

74 4055 188 4143 poenis
213 4051 375 4118 immunia
396 4049 467 4118 fieri
487 4051 588 4119 multa
609 4051 733 4118 occulta
755 4050 882 4137 delicta,
904 4073 991 4142 quae,
1009 4052 1156 4120 adbibita
1171 4053 1229 4121 de-

74 4161 288 4229 nuntiatione
302 4167 333 4225 et
344 4159 564 4249 inquisitione,
582 4158 688 4246 detegi
699 4167 730 4225 et
745 4158 840 4249 plecti
852 4159 1042 4251 potuissent.
1064 4160 1150 4243 Quid
1167 4163 1229 4230 ita?

23 4263 25 4300 .
74 4269 138 4338 nisi
151 4269 247 4364 quod
256 4267 369 4335 utilius
377 4265 520 4334 Ecclesia
530 4274 596 4335 totu
609 4265 669 4334 hoc
680 4266 876 4335 saeculorum
891 4273 996 4334 tractu
1006 4269 1228 4363 aestimaverit,
