3050 4984
529 453 603 504 raas
628 429 777 504 amusan
1155 431 1215 496 1117

84 601 100 640 a
121 575 180 662 tio,
194 583 227 644 et
251 583 360 669 postea
372 575 523 670 primurn
541 597 597 646 reo
613 574 820 646 traderentur
834 574 990 667 capitula,
1007 573 1088 644 nihil
1103 594 1219 662 agere·

83 709 101 746 r
121 689 186 768 tur,
204 682 283 774 quie
296 681 514 754 inverteretur
533 681 626 754 ordo.
655 682 819 770 Arguitur
839 681 944 773 capite
966 681 1054 752 Cum
1070 691 1149 771 post
1156 702 1219 771 pe·

85 814 101 853 r
122 789 196 872 tito,
213 793 270 876 to,
283 788 323 862 de
336 789 541 862 tectim.»
558 787 793 880 (Reiffenstnel,
806 787 900 859 intit.
918 791 950 875 1,
965 787 1023 857 lib.
1042 785 1217 874 tllecret,

79 917 112 964 n.
131 895 222 986 212.)

122 1003 172 1072 Ex
194 1001 341 1074 dicendis
370 1003 458 1074 infre
482 1003 577 1096 plene
604 1001 727 1097 petebit
754 1000 923 1095 quomodo
952 1001 990 1070 in
1016 1007 1220 1072 antecessum

80 1109 150 1179 fieri
161 1109 262 1178 soleat
275 1131 445 1202 processus
457 1111 701 1202 insurrectiones,
715 1131 773 1180 seu
786 1130 847 1201 pro
862 1108 1094 1180 informatione
1104 1108 1219 1196 curie,

81 1217 225 1286 nondum
249 1217 345 1286 citato
365 1239 422 1286 reo
441 1245 449 1287 :
468 1227 578 1310 postea
593 1217 709 1288 citetur
731 1225 762 1285 et
787 1217 1008 1306 interrogetur
1029 1237 1105 1286 reus
1122 1243 1131 1283 ι
1149 1224 1222 1283 tum

82 1331 109 1398 ei
129 1331 300 1402 tradentur
319 1329 471 1422 capitula,
497 1351 623 1400 necnon
644 1328 863 1421 depositiones
886 1327 1017 1398 ustum
1038 1348 1098 1418 pro
1115 1326 1223 1394 intor-

83 1437 221 1507 matione
236 1437 335 1508 curies
351 1438 639 1524 examinatorum
656 1437 726 1508 imo
744 1445 905 1506 eteorum
927 1434 1076 1521 nomina,
1103 1434 1131 1501 si
1146 1456 1223 1504 reus

83 1544 219 1613 declaret
244 1567 278 1613 se
299 1544 419 1616 hahere
443 1543 546 1616 dictos
571 1551 668 1614 testes
691 1566 750 1636 pro
778 1543 841 1613 rite
867 1549 900 1612 et
922 1541 1069 1632 legitime
1093 1541 1224 1610 exauri-

81 1651 183 1738 natis;
198 1673 291 1720 secus
304 1653 331 1718 si
346 1651 381 1719 id
397 1673 464 1720 non
479 1650 632 1737 declaret,
649 1651 727 1743 quia
742 1658 822 1719 tunc
834 1672 901 1718 non
915 1657 1087 1739 cognoscet
1108 1671 1223 1718 eorum

82 1758 214 1826 nomine
229 1757 347 1826 nisiex
367 1780 483 1827 eorum
499 1757 651 1828 examine
669 1785 676 1826 :
694 1755 751 1826 flat
768 1757 845 1827 dein
859 1757 989 1826 testium
1002 1756 1151 1847 repetitio
1168 1785 1176 1824 :
1193 1764 1225 1824 et

82 1865 212 1934 tandem
226 1863 392 1957 quomodo
405 1864 531 1958 relique
544 1885 713 1958 processus
727 1863 926 1957 inquisitorii
939 1863 1005 1933 tela
1018 1871 1221 1932 contexatur.

84 1973 161 2053 Qus
176 1973 291 2042 omnia
308 1995 385 2042 cum
406 1972 476 2042 tuse
491 1972 751 2064 insequentibus
771 1971 1030 2042 subnectionibus
1045 1969 1225 2040 evolvenda

83 2079 159 2167 sint,
175 2079 229 2148 hic
243 2087 372 2148 tantum
382 2081 548 2171 praecipua
560 2078 714 2170 quiedam
729 2077 936 2170 inquisitioni
947 2078 1080 2170 speciali
1093 2078 1225 2170 propria

83 2184 234 2256 adnotare
247 2185 425 2258 voluimus.

536 2477 679 2546 CAPUT
703 2475 761 2546 tv.

287 2689 394 2736 NORMA
417 2687 601 2736 PROOEDENDI
624 2687 680 2734 ene
702 2685 900 2734 EXCEPHONIS
922 2686 1014 2733 vlunt.

122 2933 211 3002 Cum
224 2932 265 3001 nd
281 2931 492 3000 ordinarium
506 2953 694 3023 processum
701 2932 873 3024 pertineat,
890 2937 926 3000 ut
936 2953 1012 3000 reus
1022 2930 1124 3023 possit
1138 2932 1228 3000 ecci-

78 3063 167 3130 pcre‚
181 3037 288 3126 idest,
306 3039 430 3106 crimen
444 3037 575 3130 aliquod
589 3061 646 3108 seu
662 3038 807 3130 aliquam
818 3036 1068 3126 inhabilitatem,
1079 3045 1150 3106 tum
1164 3038 1224 3130 ju-

82 3146 156 3233 dici,
176 3154 250 3214 tum
272 3145 418 3230 testibus,
440 3145 482 3214 ad
500 3167 555 3213 eos
576 3145 616 3212 ab
638 3145 760 3214 intento
789 3141 1002 3235 repellendos,
1019 3142 1176 3233 objicere,
1194 3153 1227 3212 et

79 3275 118 3320 ex
134 3253 193 3322 tali
209 3251 389 3344 objectione
404 3253 438 3320 in
456 3251 582 3344 judicio
598 3252 682 3321 iacta
697 3251 822 3320 oriatur
841 3250 1022 3319 incidenter
1035 3273 1133 3320 musa
1147 3274 1226 3344 spe-

79 3361 180 3447 cialis,
199 3381 276 3452 quse
297 3367 329 3427 et
341 3359 411 3450 ipsa
420 3359 516 3450 juxte
529 3381 697 3430 sacrorum
713 3380 879 3446 canonum
896 3358 1158 3450 praescriptiones
1173 3358 1227 3429 di·

78 3467 231 3537 rimenda
245 3474 307 3555 est3
334 3465 510 3536 debuimus
527 3467 581 3536 hic
602 3465 760 3557 subjicere
776 3488 928 3536 normam
946 3463 1226 3557 expediendarum

77 3573 241 3667 ejusmodi
261 3595 447 3662 causarum,
470 3573 590 3666 quibus
614 3583 725 3642 ortum
749 3572 805 3640 dat
827 3573 986 3665 exceptio.
1003 3572 1070 3644 Nec
1084 3573 1223 3660 dicatur,

77 3681 117 3748 ad
146 3703 318 3774 processus
343 3679 603 3750 extraordinarii
626 3680 851 3750 tractationem
882 3680 990 3771 potius
1010 3679 1225 3771 rejiciendam

78 3789 181 3857 luisse
209 3787 293 3856 hene
317 3785 358 3855 de
381 3787 630 3880 exceptionibus
655 3787 842 3874 materiam,
866 3808 943 3858 cum
958 3787 1167 3856 Innocentius
1181 3787 1227 3855 lIl

78 3895 161 3988 (cap.
184 3894 347 3978 Qualiter,
361 3897 416 3981 21,
434 3894 483 3962 tit.
504 3895 535 3982 l,
551 3893 610 3962 lib.
630 3898 647 3962 5
663 3894 773 3983 Dect.)
792 3893 908 3964 modos
922 3892 1120 3985 procedendi
1134 3892 1226 3962 ordi·

80 4004 192 4072 corios
211 3999 421 4088 recensendo,
440 4007 601 4070 memoret
616 4009 744 4070 tantum
761 3999 849 4069 viam
872 4000 1006 4089 notorii,
1024 3999 1113 4069 viam
1129 4022 1228 4068 accu-

82 4109 227 4196 sationis,
244 4107 335 4179 viem
356 4107 623 4196 denuntiationis,
640 4113 672 4174 et
693 4107 784 4176 viam
799 4107 1029 4199 inquisitionis.
1053 4107 1138 4178 Nam
1162 4106 1227 4176 dici

83 4225 183 4306 petest
207 4214 428 4314 receptionem
454 4215 488 4290 in
517 4215 577 4296 hae
600 4215 846 4296 enumeratione
872 4215 1030 4295 contineri
1056 4213 1224 4307 implicite,
