3050 4984
299 508 361 575 426
670 526 844 573 raaursrus
867 528 906 573 os
927 526 1059 573 runicus.
1510 556 1511 620 t

300 673 317 712 a
338 655 372 714 et
391 646 462 738 ipsa
479 654 633 740 corrupta
650 648 707 735 sit,
729 648 777 717 ita
791 656 830 719 ut
848 670 953 740 neque
967 648 1057 719 aliud
1078 646 1250 719 honestum
1266 648 1439 717 matrimo-

296 778 315 819 a
339 752 432 821 nium
447 753 541 822 ieoile
555 753 652 842 inire,
669 776 775 846 neque
793 755 879 823 inter
891 777 999 823 sacras
1020 754 1167 846 virgines
1180 755 1218 823 in
1241 754 1441 824 monasterio

298 859 599 953 uveleripossit.n

336 969 369 1035 2.
390 966 479 1049 Quid
497 965 810 1060 siimpedimentnm
824 967 867 1036 sit
881 972 1030 1037 certum?
1043 995 1118 1033 -a
1136 969 1250 1037 Denuo
1273 966 1442 1037 distinctio

294 1099 312 1137 a
334 1082 383 1141 est
399 1072 595 1160 adhibenda,
611 1082 643 1142 et
658 1073 838 1145 ridendum
855 1096 897 1145 au
912 1075 1066 1145 mesdeus
1080 1075 1197 1147 habeat
1213 1084 1344 1168 paratas
1358 1098 1444 1167 pro-

296 1205 313 1246 u
335 1181 482 1251 bationes
496 1182 549 1251 vel
558 1204 628 1253 nou
647 1209 655 1251 :

338 1315 355 1353 o
379 1288 415 1359 Si
438 1298 566 1381 paretes
591 1290 707 1361 babeat
731 1300 764 1359 et
783 1290 817 1359 in
839 1288 1052 1359 incontinenti
1075 1288 1191 1359 offerm
1214 1288 1439 1380 probationes,
1512 1327 1513 1381 p

293 1394 495 1464 «audienda
523 1405 572 1465 est
608 1419 684 1489 pars
717 1396 870 1467 recedens
900 1422 908 1465 ε
937 1404 969 1465 et
1003 1396 1032 1465 si
1067 1395 1254 1488 probaverit
1293 1395 1441 1487 impedi-
1512 1384 1513 1397 ¹

293 1529 310 1567 a
333 1511 493 1589 mentum,
509 1504 708 1575 absolvenda
721 1504 763 1573 ab
776 1504 973 1595 obligatione
989 1502 1199 1572 matrimonii.
1220 1529 1237 1569 s
1259 1500 1442 1593 (Schmun-

290 1608 442 1699 grueber,
467 1610 537 1679 loco
559 1610 628 1701 eit.)
652 1610 748 1681 Unde
772 1619 849 1679 tuuc
870 1632 934 1680 non
955 1608 1136 1681 audiendus
1153 1618 1203 1678 est
1225 1610 1347 1700 conjux
1368 1632 1441 1679 res-

292 1716 476 1785 titutionem
506 1718 689 1809 postulans;
719 1718 776 1787 sed
804 1720 911 1787 statim
940 1714 1164 1809 cognoscenda
1191 1722 1240 1784 est
1268 1738 1369 1785 rausa
1399 1718 1440 1785 de
1513 1712 1514 1783 ?

292 1823 454 1892 nullitate.

335 1928 371 1997 Si
398 1930 549 1999 recedens
579 1953 643 2000 nou
674 1930 792 2001 habeat
825 1940 955 2022 paratas
982 1929 1200 2022 probationes,
1230 1927 1440 1997 decernenda

291 2043 339 2104 est
364 2036 537 2123 restitutio,
562 2036 686 2105 interea
711 2038 793 2107 dum
817 2037 1049 2129 pronuntietur
1077 2037 1113 2105 in
1135 2056 1232 2105 eausa
1259 2035 1439 2123 nullitstis5
1514 2099 1515 2146 p

290 2142 346 2210 sed
370 2141 477 2234 quoad
505 2142 737 2213 habitationem
755 2142 941 2232 dumtaxat,
969 2166 1033 2214 non
1055 2142 1162 2235 quoad
1189 2150 1310 2213 torum.
1342 2144 1441 2234 (vide
1514 2162 1515 2171 ³

291 2247 595 2341 Scbmalrgrueber,
613 2250 708 2343 ibid.)

333 2357 477 2441 Qussrro
492 2362 539 2427 2⁸.
557 2396 602 2411 -
625 2358 716 2443 Quid
728 2358 894 2450 apendum
909 2358 1053 2450 quondo,
1072 2371 1298 2427 consummato
1318 2356 1440 2427 matri-

291 2466 413 2549 monio,
432 2467 557 2557 conjux
569 2465 729 2535 abeodem
741 2464 918 2557 pretendit
933 2464 1205 2558 impedimentum
1220 2464 1392 2549 dirimeres,
1409 2478 1441 2535 et
1515 2484 1516 2511 ¹

289 2576 374 2643 ulter
390 2574 473 2665 petit
489 2595 522 2641 se
534 2574 664 2641 restitui
676 2573 710 2641 in
724 2573 924 2664 possessione
938 2573 1112 2663 conjuqis?
1126 2610 1170 2624 -
1185 2572 1223 2640 lu
1239 2570 1441 2663 precedenti

288 2680 470 2773 quaestione
482 2679 725 2747 matrimonium
739 2679 984 2770 supponebatur
997 2686 1118 2763 ratum,
1134 2678 1191 2747 sed
1202 2700 1269 2746 non
1281 2700 1440 2747 consum-

290 2796 414 2855 matum
432 2813 440 2853 :
458 2785 513 2855 bie
532 2809 610 2855 vero
632 2785 740 2878 quoad
766 2786 1012 2855 matrimonium
1036 2794 1298 2855 consummatum
1323 2782 1440 2853 eadem

288 2892 428 2985 quaestio
441 2892 650 2985 expenditur.
672 2893 777 2977 Quam
794 2892 958 2961 solvemus
974 2890 1103 2961 easdem
1125 2892 1192 2960 lere
1213 2889 1441 2961 distinctiones

290 2999 501 3087 instituendo,
520 3022 660 3091 nempe:

333 3107 359 3174 l.
393 3108 496 3175 Onnes
524 3130 588 3198 quo
614 3106 884 3199 impedimentum
913 3106 1095 3199 nlleputum
1122 3106 1164 3174 sit
1187 3105 1367 3174 notorium.
1396 3146 1440 3157 —-

288 3214 381 3281 Tunc
400 3235 466 3282 non
488 3222 537 3283 est
556 3212 741 3305 recipienda
754 3214 838 3283 aetio
859 3214 1058 3303 possessorii,
1082 3213 1140 3283 sed
1163 3214 1294 3282 Benam
1313 3212 1442 3281 interea

289 3317 503 3412 relinquendo
514 3342 534 3388 a
546 3319 664 3389 manto
679 3342 739 3389 suo
754 3328 947 3411 separatam,
965 3320 1059 3389 debet
1070 3319 1173 3410 judex
1189 3340 1321 3389 oausam
1336 3319 1440 3388 nuti-

288 3427 364 3496 tatis
379 3449 571 3517 cognoscere
594 3437 627 3495 et
644 3427 799 3495 dirimere
825 3428 901 3518 (qua
919 3434 1029 3495 autern
1054 3425 1172 3513 forma,
1195 3426 1364 3517 dicetur§
1390 3425 1436 3517 3).

287 3534 430 3603 Militant
450 3534 539 3602 enim
559 3534 700 3603 rationes
719 3555 820 3625 supra
846 3533 1003 3623 expositas
1026 3532 1133 3625 quoad
1156 3532 1295 3601 similem
1322 3554 1439 3602 casum

290 3641 375 3711 cirea
392 3640 634 3709 matrimonium
653 3648 760 3710 ratum
775 3662 841 3710 non
855 3648 1129 3709 consummatum.

334 3749 375 3817 ll.
397 3750 498 3819 Casus
517 3746 743 3839 impedimenti
757 3770 822 3817 uon
835 3746 966 3817 notorii.
982 3784 1027 3799 -
1041 3746 1104 3815 'iel
1125 3768 1201 3838 pars
1216 3745 1440 3837 impedimen-

291 3866 361 3926 tum
376 3856 459 3924 illud
481 3854 625 3943 allegans
645 3863 773 3945 paratas
794 3854 1000 3946 probationes
1021 3853 1129 3939 offert,
1151 3853 1202 3923 vel
1218 3864 1348 3945 paratas
1370 3876 1439 3923 uon

292 3964 398 4050 habet,
414 3970 446 4030 et
459 3961 647 4030 dilationem
662 3961 703 4030 ad
719 3984 774 4029 eas
788 3961 988 4031 exhibendas
1004 3960 1158 4052 postulat.

337 4076 367 4138 1.
385 4068 475 4153 Quid
485 4068 515 4136 si
527 4068 675 4158 ailepons
687 4066 968 4159 impedimentum,
979 4068 1192 4161 predationes
1207 4068 1243 4137 in
1258 4068 1442 4139 contiuerni

290 4180 439 4249 subibat?
453 4216 498 4231 -
516 4205 532 4243 u
552 4176 763 4247 Restitueuda
784 4178 917 4271 quidem
935 4185 984 4245 est
1006 4200 1092 4247 uxor
1114 4178 1187 4247 viro
1209 4176 1318 4269 quoad
1341 4176 1439 4247 babi-

296 4314 312 4351 u
335 4287 502 4369 tationem,
521 4308 587 4357 aon
608 4307 686 4355 vero
699 4284 806 4379 quoad
831 4295 950 4357 torum.
970 4312 986 4349 a
1011 4286 1058 4355 lta
1082 4282 1375 4375 Sohmalrgrueber
1392 4286 1439 4377 (in
