3050 4984
557 527 631 576 rens
654 528 799 576 suusne.
1205 509 1244 572 st

106 671 193 738 reus,
209 649 239 718 si
254 647 338 718 lorte
353 649 585 741 interrogetur,
602 650 767 720 tenebitur
784 649 928 743 seipsum
948 651 1141 742 patefecere;
1159 651 1249 744 quod

108 764 214 824 temen
232 756 363 824 admitti
378 757 503 850 nequit.
522 795 567 810 -
585 757 791 850 Respondes,
810 779 852 825 ex
867 755 1011 848 eoquod
1030 757 1131 848 possit
1147 756 1251 848 judex

108 861 189 930 hanc
200 862 488 953 interrogationem
502 864 618 951 iecere,
632 885 697 932 non
707 863 965 956 sequiturteneri
976 865 1141 933 occultum
1156 887 1251 934 reum

108 991 174 1037 sese
190 969 399 1038 manifestare
415 994 423 1036 :
438 993 553 1038 sensus
565 971 653 1039 enim
669 971 933 1062 interrogationis
947 977 1008 1056 est,
1023 994 1066 1040 an
1079 979 1252 1062 cognoscat

109 1076 248 1167 aliquem
270 1079 366 1168 santo
390 1078 525 1170 publica
548 1077 732 1148 indicatum
758 1085 917 1171 tanquam
939 1078 1048 1148 delicti
1070 1087 1247 1149 auctorem.

108 1183 159 1252 dd
178 1207 280 1276 quam
301 1183 438 1277 proinde
457 1186 744 1276 interrogationem
758 1185 827 1279 ipae
843 1207 941 1255 verus
959 1185 1109 1256 miminis
1122 1196 1249 1275 auctor,

108 1299 222 1384 potest,
240 1291 268 1360 si
284 1293 429 1362 occultus
443 1293 499 1381 sit,
514 1294 664 1384 negative
677 1293 884 1386 respondere.

149 1398 281 1468 tticum
302 1403 349 1468 2².
368 1435 414 1454 -
426 1399 600 1492 Inquisitio
618 1401 743 1482 mictu,
763 1400 912 1493 specialis
929 1399 1043 1493 quood
1058 1423 1248 1492 personam,

109 1507 208 1598 liujus
223 1507 341 1578 scilicet
356 1510 494 1599 sume,
515 1530 558 1576 en
574 1508 679 1577 Titius
697 1507 807 1602 aliqua
819 1506 958 1579 crimine
970 1507 1165 1600 patraverit,
1184 1530 1250 1599 pu·

109 1627 197 1684 teme
210 1614 345 1708 quidem
356 1615 434 1706 fieti
440 1627 561 1707 potest,
577 1639 644 1684 non
657 1627 771 1684 autem
779 1614 997 1706 judicialiter.
1056 1659 1061 1669 ·

151 1725 185 1788 1⁰
204 1749 221 1788 α
244 1720 339 1803 Quod
356 1729 488 1814 paterne
502 1721 575 1790 fieri
590 1731 699 1814 queat,
714 1729 802 1814 patet
816 1745 858 1792 ex
870 1721 1048 1792 universali
1063 1729 1130 1791 tem
1146 1745 1251 1792 emou-

110 1855 127 1894 a
148 1829 284 1918 lanum,
303 1849 403 1922 qnam
414 1828 705 1898 aeclesiasticorum
721 1828 928 1922 superiorum
944 1829 1039 1919 praxi
1059 1838 1091 1898 et
1110 1851 1249 1899 consue-

109 1963 125 2001 α
148 1936 276 2022 tudine,
291 1959 366 2030 qne
379 1944 428 2004 est
442 1937 565 2027 optime
578 1936 689 2026 legum
705 1935 878 2028 interpres.
894 1935 1028 2004 Constat
1042 1936 1142 2025 enim,
1160 1935 1249 2028 quod

108 2071 125 2110 e
147 2043 303 2136 Episcopi
317 2065 495 2136 eorumque
511 2043 692 2112 visitatores
707 2044 742 2110 in
756 2042 907 2112 dimcesis
922 2043 1127 2130 visitatione,
1147 2066 1248 2135 quam

109 2177 125 2216 e
147 2151 316 2220 ordinarie
329 2151 460 2220 nonnisi
466 2163 607 2244 paterne
619 2148 754 2236 iaciunt,
771 2147 813 2218 de
827 2149 980 2241 parochis
991 2158 1024 2218 et
1036 2149 1109 2218 aliis
1123 2150 1250 2218 clericis

108 2285 124 2323 i
147 2260 185 2326 in
204 2259 310 2349 specie
328 2258 493 2350 inquirere
509 2265 542 2326 et
558 2257 715 2348 indagare
730 2256 869 2343 soleant,
884 2255 1047 2348 quomodo
1065 2278 1100 2325 se
1118 2268 1247 2347 gerant,

108 2392 124 2430 ι
147 2389 192 2434 an
205 2365 294 2456 leges
311 2374 344 2434 et
361 2367 488 2434 decretu
503 2365 688 2453 observent,
705 2385 747 2432 nn
762 2385 841 2434 vero
859 2371 1113 2454 transgressores
1134 2386 1248 2432 earum

108 2499 125 2538 s
147 2474 303 2540 existam.
320 2497 336 2537 r

147 2585 184 2647 2⁰
204 2606 220 2644 r
235 2577 330 2664 Quod
344 2589 452 2649 eutem
461 2579 670 2672 judicialiter
683 2578 716 2647 id
731 2577 804 2647 fieri
817 2585 974 2671 nequeat,
990 2578 1075 2647 rstio
1088 2585 1152 2667 est,
1170 2579 1248 2671 quis

108 2713 122 2752 a
146 2687 189 2756 de
204 2686 329 2756 delictis
343 2689 379 2756 in
394 2709 523 2779 perime,
540 2709 616 2779 quse
632 2687 666 2756 in
682 2687 786 2779 specie
802 2708 868 2754 non
887 2686 1119 2776 exprimuntur
1136 2694 1168 2755 et
1188 2709 1246 2756 su-

106 2823 123 2861 e
146 2796 270 2888 periori
291 2805 330 2866 ut
347 2797 451 2888 judici
470 2804 714 2889 proponuntur,
740 2818 835 2865 nemo
858 2803 962 2888 potest
982 2795 1127 2887 legitime
1148 2819 1247 2866 accir-

106 2931 121 2966 tt
143 2905 224 2992 seri,
243 2905 442 2993 denuntiari,
456 2913 513 2974 ent
529 2905 678 2974 infamari
683 2957 693 2995 ,
709 2905 750 2974 sd
766 2904 826 2974 hoc
841 2914 879 2973 ut
890 2905 1038 2997 superior
1048 2905 1246 2996 judicialiter

105 3038 122 3076 t
146 3013 316 3105 inquirere
330 3021 362 3081 et
373 3011 545 3106 procedere
556 3012 672 3082 valeat.
692 3038 709 3078 s
731 3010 964 3103 (Reidenstucl
982 3013 1017 3080 in
1029 3011 1079 3081 tit.
1100 3016 1132 3102 1,
1148 3013 1206 3082 lib.
1226 3017 1244 3080 5

102 3119 246 3209 secret,
264 3143 298 3189 ιι.
319 3125 380 3189 ree
396 3127 428 3189 et
445 3119 534 3211 πο.)

468 3543 546 3594 Germ
558 3540 736 3608 inquisitionis
744 3538 881 3606 questu.

20 3791 21 3794 ¹
143 3765 230 3833 Cum
246 3759 407 3852 generdis
422 3758 588 3851 inquisitio
600 3756 721 3850 duplici
730 3755 828 3826 modo
842 3755 968 3824 institui
980 3757 1096 3846 valeat,
1109 3767 1242 3852 paterne

101 3871 224 3940 scilicet
244 3877 277 3937 et
292 3867 506 3960 judicialiter,
532 3864 639 3958 quoad
661 3871 835 3956 utramque
855 3863 994 3956 speciem
1017 3865 1173 3935 solvenda
1193 3877 1242 3938 est

100 3977 252 4072 questio,
269 3985 381 4045 utrum
395 3974 651 4068 praerequiralur
666 3973 813 4041 infamis
829 3971 924 4042 Unde
939 3971 995 4060 sit,

144 4089 289 4171 Quarto
314 4087 359 4150 1⁸.
384 4121 428 4136 --
451 4084 501 4151 An
529 4079 576 4149 ad
597 4079 839 4172 inquisitionem
863 4080 1046 4170 pecualem
1063 4094 1240 4172 paternam

96 4191 361 4286 praerequiratur
373 4189 539 4280 infamia?
554 4225 598 4240 -
615 4187 749 4256 Certum
766 4192 815 4252 est
833 4207 901 4253 non
919 4186 1129 4278 praerequiri‚
1146 4191 1241 4258 etsie

101 4299 302 4377 unanimiter
322 4305 432 4373 tenent
449 4294 606 4368 doctores.
629 4293 784 4386 Sequitur
805 4297 837 4361 1ο
852 4315 894 4361 er
909 4315 948 4362 eo
964 4293 1053 4386 qnod
1070 4301 1243 4369 teneantur
