3050 4984
263 474 325 539 230
641 494 816 540 reseratus
840 496 877 540 nn
900 494 1031 541 inurens.

265 642 280 681 a
306 616 462 683 flecteres
477 614 578 683 libelli
592 614 746 707 petitione
758 624 875 706 potest,
889 624 921 684 et
936 616 1112 707 aliquando
1129 617 1215 708 plus,
1228 617 1408 709 aliquando

263 750 280 786 a
306 724 414 790 miuus
431 723 465 790 in
481 723 640 791 sententia
659 720 889 807 determinare,
906 746 1005 815 quam
1020 724 1054 791 in
1068 724 1178 793 libello
1196 726 1332 815 petitum
1349 728 1404 793 sit.

264 856 279 893 a
304 830 344 897 Et
358 829 430 897 talis
439 840 488 899 est
497 852 589 898 casus
596 830 723 921 primo,
741 832 769 897 si
784 829 846 899 hoc
860 831 1034 899 necessitas
1043 832 1095 899 vel
1105 832 1404 923 aequitassuadeat5

262 966 278 1001 a
303 960 378 1005 naui
404 937 482 1006 huic
507 938 612 1026 magis
631 960 730 1030 quem
752 936 862 1006 libello
888 938 1089 1007 conformem
1116 962 1187 1006 esse
1210 942 1407 1009 sententiam

263 1072 279 1109 u
302 1044 403 1129 decet,
430 1053 539 1137 utpote
555 1068 629 1137 quae
648 1046 699 1114 vel
717 1046 858 1115 maxime
878 1046 973 1114 debet
991 1068 1060 1115 esse
1081 1068 1122 1114 ex
1147 1068 1243 1137 aequo
1261 1058 1293 1115 et
1313 1048 1407 1137 justa

261 1179 277 1216 a
301 1151 376 1219 lata.
395 1151 557 1233 Secundo,
576 1161 681 1243 potest
697 1152 800 1243 judex
817 1153 904 1221 ultre
922 1153 1021 1243 petita
1041 1152 1074 1220 iu
1089 1153 1200 1221 libello
1218 1162 1251 1221 et
1265 1153 1410 1224 deducta

261 1285 277 1323 a
300 1259 471 1349 injudicio
486 1258 715 1346 condemnare,
733 1260 768 1327 in
784 1259 837 1346 iis,
852 1283 927 1351 quae
938 1259 1120 1329 virtualiter
1135 1269 1167 1329 et
1182 1262 1275 1332 tacite
1289 1264 1409 1332 insunt

260 1396 276 1433 a
301 1368 364 1453 rei;
378 1376 415 1437 ut
426 1368 453 1435 si
463 1374 592 1459 petatur
602 1365 737 1453 fundus,
752 1373 858 1459 potest
870 1366 1088 1437 condemnere
1099 1368 1197 1438 etiem
1209 1367 1250 1437 ad
1261 1370 1404 1439 fructus.

260 1504 277 1539 a
304 1474 420 1554 Tertia,
438 1474 473 1540 in
489 1474 594 1541 causis
609 1473 846 1560 criminalibus,
862 1475 897 1543 iu
914 1474 1033 1566 quihus
1044 1475 1149 1565 judex
1164 1476 1313 1544 mamad
1329 1500 1407 1568 pm-

259 1609 275 1644 a
300 1604 377 1649 narn
406 1602 480 1669 quae
503 1580 565 1649 sibi
590 1581 678 1670 juste
704 1579 834 1649 videtur
859 1579 1075 1651 condemnere
1103 1592 1205 1673 potest
1229 1606 1265 1652 ac
1291 1583 1406 1669 debet,

260 1716 276 1755 a
300 1687 523 1780 quamtumvis
536 1688 571 1755 iu
584 1686 695 1756 libello
710 1710 780 1755 eam
798 1710 864 1756 non
876 1690 1085 1781 expresserit,
1103 1699 1159 1760 out
1177 1690 1274 1759 aliam
1292 1691 1407 1785 intligi

260 1823 276 1861 a
302 1795 430 1887 petierit
442 1802 651 1863 accusator...
669 1820 686 1857 n
1377 1849 1385 1863 .

300 1902 443 1984 Qunsrro
466 1904 511 1967 6².
526 1939 571 1951 -
589 1904 662 1982 Ono
680 1924 775 1969 sensa
794 1902 953 1969 sententia
970 1903 1048 1992 jnri
1065 1905 1238 1995 conformis
1258 1928 1321 1973 ease
1342 1906 1409 1975 ‹te-

257 2010 350 2077 beat?
375 2048 419 2059 -
439 2008 617 2098 Dupliciter
648 2008 806 2077 sententia
834 2007 943 2099 eliqua
966 2031 1035 2077 esse
1061 2020 1164 2100 potest
1186 2021 1298 2080 contre
1324 2012 1404 2103 jus;

256 2116 412 2184 nimirum
441 2115 494 2184 vel
518 2124 629 2184 oontm
649 2115 704 2204 jus
728 2116 980 2195 constitutiones,
1003 2117 1135 2205 quando
1158 2140 1274 2210 nempe
1296 2118 1408 2209 judex

255 2224 349 2291 aliter
369 2222 492 2315 judicat
515 2245 614 2313 quam
641 2230 689 2289 est
709 2246 729 2289 a
751 2222 822 2311 lege
845 2222 1032 2309 definitum5
1056 2224 1109 2291 vel
1128 2234 1239 2293 contra
1257 2225 1311 2316 jus
1328 2227 1410 2295 liti-

255 2332 382 2421 pantis,·
401 2328 531 2421 quando
552 2328 654 2419 judex
677 2328 759 2397 male
780 2338 877 2418 negat
901 2352 959 2421 par
979 2331 1172 2399 sententiam
1194 2331 1228 2399 id
1249 2333 1289 2401 ed
1309 2336 1407 2424 quod

256 2436 289 2506 se
315 2438 369 2529 jus
395 2437 513 2505 habere
537 2437 613 2505 satis
639 2435 789 2526 probavit
810 2436 955 2525 litigans.
982 2435 1055 2517 Quo
1080 2446 1273 2528 praeuotato,
1306 2464 1408 2530 quee-

256 2547 342 2616 ritur

299 2655 323 2721 l.
347 2652 395 2720 An
410 2652 518 2719 valeat
531 2650 689 2718 sententia
704 2663 819 2717 contra
830 2651 891 2740 jus
906 2653 1145 2721 constitutionis
1160 2654 1255 2723 lata?
1266 2692 1311 2707 -
1323 2655 1408 2723 uis-

257 2758 472 2850 tinguendum
494 2786 500 2824 :
525 2758 575 2825 vel
595 2757 683 2825 enim
705 2757 752 2841 id,
778 2758 812 2825 in
833 2781 899 2849 quo
923 2760 1083 2827 sententia
1102 2760 1195 2829 taedit
1212 2762 1331 2852 legem,
1350 2775 1410 2833 est

255 2868 333 2961 qnid
349 2888 455 2935 causae
475 2864 692 2933 extrinsecum
708 2864 811 2953 (verbi
832 2865 950 2953 gratia,
965 2865 993 2931 si
1006 2866 1122 2955 judex,
1140 2869 1290 2958 quamvis
1304 2878 1409 2941 noto-

255 2978 302 3043 rie
328 2972 639 3053 excommunicatus,
664 2971 855 3038 sententiam
877 2972 1094 3063 pronuntiet);
1120 2975 1170 3041 vel
1191 2975 1271 3066 quid
1293 2999 1410 3047 ceusae

253 3083 464 3151 intrinsecum
481 3077 583 3169 (verbi
598 3078 716 3167 gretie,
734 3078 763 3145 si
781 3077 922 3145 validam
945 3081 1133 3168 pronuntiet
1145 3081 1248 3170 judex
1264 3082 1408 3153 electio-

255 3212 329 3258 nem
346 3190 461 3256 lactam
477 3210 497 3253 a
511 3184 635 3253 clericis
649 3184 839 3275 suspensis).

299 3297 340 3365 Si
355 3294 462 3386 prins,
484 3291 642 3360 sententie
661 3298 710 3361 est
731 3291 802 3382 ipso
820 3290 896 3382 jure
921 3292 1038 3361 irrita:
1060 3320 1076 3356 a
1099 3294 1181 3363 Nem
1204 3297 1410 3385 regulariter

257 3430 274 3466 a
298 3401 355 3490 (ait
371 3395 672 3484 Schmalzgrueber‚
691 3394 760 3463 loeo
779 3395 886 3483 citato,
911 3420 943 3464 n.
967 3399 1034 3487 ll),
1051 3398 1212 3490 quidquid
1233 3400 1271 3468 lit
1286 3412 1410 3475 contra

259 3539 275 3573 a
296 3509 351 3598 jus
367 3512 414 3574 est
429 3502 569 3571 nullum.
589 3528 605 3565 n

298 3615 338 3683 Si
347 3610 518 3702 posterius,
537 3618 569 3676 et
584 3630 674 3675 error
685 3608 718 3675 in
730 3610 888 3677 sententia
899 3612 1105 3703 exprimatur
1120 3614 1226 3703 (verbi
1237 3616 1356 3703 gratia,
1374 3623 1410 3689 si

248 3726 352 3817 judex
369 3718 556 3813 pronuntiet
571 3719 760 3789 electionem
776 3742 845 3790 esse
858 3722 1000 3791 validam
1012 3724 1093 3815 qnia
1104 3728 1250 3816 suspensi
1258 3749 1411 3819 possunt

253 3830 396 3923 alipene),
420 3826 492 3895 talis
515 3827 673 3895 sententia
693 3838 741 3895 est
762 3828 832 3918 ipso
849 3829 924 3919 jure
946 3830 1056 3917 irrita;
1081 3832 1126 3900 ita
1148 3842 1185 3901 ut
1207 3835 1305 3903 etiam
1326 3852 1414 3927 post

252 3942 398 4030 elapsum
421 3932 595 4003 terminum
619 3931 660 3999 ad
687 3933 917 4025 appellandum
943 3938 1044 4027 possit
1067 3938 1269 4030 impugnari,
1294 3965 1413 4036 usqne

250 4046 291 4115 ed
319 4049 358 4112 30
380 4062 483 4110 anuos
503 4067 512 4108 ε
534 4046 658 4108 constet
681 4040 788 4131 capite
810 4043 983 4111 Sententia
999 4044 1044 4131 (l,
1060 4043 1099 4113 de
1118 4047 1291 4115 Sententia
1314 4062 1345 4118 et
1366 4076 1413 4124 re

245 4151 433 4243 judicata);
458 4146 529 4236 lege
553 4145 644 4215 lllnd
665 4148 709 4238 (1,
737 4148 772 4215 ff.
800 4150 882 4232 Ona
901 4150 1063 4218 sententia
1086 4153 1156 4221 sine
1176 4156 1413 4246 appellatione

251 4256 416 4349 rescmd.);
433 4263 464 4323 et
477 4255 548 4345 lege
561 4253 601 4323 Si
615 4274 805 4347 expressum
822 4256 847 4349 (t
857 4260 889 4342 o,
905 4255 939 4324 ff.
957 4256 998 4326 de
1012 4258 1138 4352 Appell.
1157 4272 1188 4329 et
1203 4263 1327 4355 relat).
