3050 4984
531 507 604 554 anns
627 505 773 554 satanan.
1157 488 1218 552 595

77 628 146 696 lari
154 651 220 696 non
231 630 352 720 possit,·
367 629 485 722 quibas
508 629 631 698 casibus
652 649 823 698 sacrorum
836 642 867 696 et
888 628 1104 720 antiquaram
1117 652 1218 698 cano-

78 757 163 802 nam
176 747 303 805 statuta
323 736 463 804 illabata
480 737 670 828 persistant.
694 737 779 804 Hine
795 742 904 804 autem
925 734 992 804 duo
1011 747 1217 828 sequuntur:

81 847 116 908 1ο
130 841 237 912 adhuc
251 841 322 912 dari
336 867 429 934 posse
443 844 551 913 locum
572 842 779 935 appellationi
793 865 815 910 a
830 842 996 911 sententiis
1009 843 1221 914 interlocuto-

77 950 157 1037 riis3
175 953 208 1018 2⁰
219 950 261 1019 ad
276 951 514 1042 legitimitatem
526 950 750 1043 appellationis
763 949 955 1040 hujusmodi
964 949 1033 1040 jam
1048 973 1114 1019 non
1128 953 1220 1022 suffi-

78 1079 151 1124 cere
167 1079 366 1146 gravamen,
383 1058 439 1126 sed
452 1057 576 1149 requiri
591 1066 626 1126 ut
640 1079 821 1148 gravamen
837 1056 990 1147 junctum
1006 1057 1047 1125 sit
1061 1081 1139 1126 cum
1155 1083 1221 1128 una

77 1187 120 1231 ex
136 1163 263 1232 duobus
279 1164 331 1232 his
352 1165 617 1252 circumstantiis,
638 1187 768 1256 nempe,
785 1164 839 1232 vel
857 1163 945 1256 quod
969 1187 1036 1234 non
1051 1167 1152 1255 possit
1167 1189 1219 1236 re-

76 1269 189 1362 parari
208 1293 267 1362 per
288 1272 479 1340 sententiam
501 1271 715 1360 definitivam,
735 1270 788 1338 vel
805 1269 893 1362 quod
914 1271 950 1338 in
972 1272 1119 1360 materia,
1135 1273 1221 1344 circa

76 1401 176 1468 quam
198 1385 347 1448 versatur
366 1401 548 1470 processus,
566 1401 633 1447 non
651 1378 747 1447 detur
763 1377 953 1446 asententia
974 1375 1145 1449 definitiva
1157 1404 1220 1473 ap-

76 1485 219 1575 pellatio.
241 1485 292 1554 Ex
321 1509 386 1578 quo
416 1485 553 1555 ulterius
574 1485 723 1578 sequitur
744 1485 780 1553 in
797 1483 939 1553 formula
956 1485 1180 1576 appellationis
1201 1512 1221 1557 a

75 1593 237 1662 sententia
252 1593 506 1681 interlocutoria,
521 1615 587 1663 non
602 1599 729 1660 tantum
738 1591 881 1683 exprimi
896 1590 1013 1660 debere
1028 1615 1219 1684 gravamen,

76 1699 167 1792 quod
191 1699 252 1768 sibi
271 1699 400 1769 illatum
425 1699 599 1792 pretendit
621 1721 710 1786 reus,
734 1698 792 1767 sed
813 1699 947 1790 insuper
972 1699 1162 1770 alterutram
1180 1726 1222 1772 ex

77 1807 179 1876 modo
195 1807 384 1877 memoratis
403 1806 666 1876 circumstantiis.
683 1806 768 1873 Hine
790 1804 961 1874 fidendum
980 1828 1046 1874 non
1069 1816 1117 1876 est
1137 1811 1221 1880 anti-

76 1913 153 2004 quis
166 1913 328 2002 formulis,
343 1911 438 2004 juxta
449 1914 504 2005 jus
517 1913 694 2004 antiquum
710 1919 784 1980 ante
805 1911 1033 1980 Tridentinam
1055 1917 1221 2006 synodum

77 2020 194 2110 vigens
206 2022 363 2100 exaratis3
381 2019 437 2089 sed
453 2022 683 2090 convenienter
699 2017 902 2108 corrigendae
917 2028 1004 2088 sunt.
1024 2020 1145 2091 Poterit
1160 2047 1221 2094 au-

77 2137 147 2196 tem
161 2128 326 2196 enuntiata
341 2128 483 2196 formula
496 2126 684 2196 concinnari
699 2126 734 2194 in
746 2126 834 2194 hunc
849 2125 986 2194 modam
1001 2154 1008 2192 :

124 2257 139 2292 o
156 2233 278 2300 Coram
295 2234 469 2298 renuendo
487 2233 542 2312 N,
569 2234 694 2300 Vicario
712 2231 868 2314 paternii,
888 2242 1055 2314 comparet
1071 2235 1222 2303 dominas

78 2341 138 2418 N,
163 2360 238 2406 reas
266 2343 326 2426 qui
348 2361 466 2425 sapra,·
486 2351 517 2405 et
540 2340 619 2404 dicit
638 2358 671 2403 se
694 2358 759 2403 esse
778 2346 955 2420 praeatum
974 2357 1034 2420 per
1043 2345 1221 2424 prefatam

78 2449 294 2514 reverendam
324 2450 487 2516 Vicariam
509 2447 705 2530 pecoralem,
730 2447 764 2509 in
789 2447 926 2524 decreto,
947 2465 1011 2528 qao
1034 2449 1154 2531 rejecta
1177 2463 1224 2518 est

79 2564 239 2638 tanquam
256 2557 377 2637 frivola
401 2557 544 2639 eaceptio
562 2574 624 2619 sna
645 2562 758 2618 contra
783 2562 874 2618 testes
896 2555 939 2622 N.
953 2562 984 2618 et
994 2555 1035 2617 N.
1057 2557 1118 2635 (vet
1134 2560 1222 2626 aliud

79 2664 281 2744 exprimatur
295 2683 485 2745 gravamen,
497 2663 523 2728 si
534 2663 621 2726 aliud
633 2663 695 2742 sit).
706 2663 795 2728 Dicit
808 2664 940 2745 insuper
952 2663 1015 2727 tale
1029 2683 1095 2729 esse
1113 2667 1224 2749 liujus-

79 2769 173 2834 modi
190 2789 381 2853 pronomen,
399 2779 520 2836 utnon
540 2771 642 2856 possit
659 2788 720 2852 per
738 2772 931 2834 sententiam
953 2770 1154 2850 definitivam
1175 2795 1222 2840 re-

72 2879 227 2960 parari:
251 2897 326 2942 ocem
354 2880 441 2942 enim
470 2879 550 2943 dicti
572 2886 663 2944 testes
686 2887 885 2958 pratensnm
910 2878 1062 2943 delictam
1089 2900 1111 2942 a
1139 2881 1223 2947 dieto

79 2985 212 3049 domino
230 3005 285 3049 reo
304 2993 474 3068 patratam
498 2985 600 3066 fnisse
620 2986 727 3049 testati
747 2985 824 3064 sint,
843 2985 874 3048 si
892 3002 1005 3050 eorum
1027 2986 1223 3053 admittatur

78 3093 311 3172 testimoniam,
325 3091 410 3156 nihil
423 3091 534 3156 eadem
548 3111 603 3156 reo
618 3091 855 3176 asportandam
872 3110 937 3157 esse
951 3112 1053 3177 qnam
1072 3097 1221 3162 condem-

77 3199 255 3264 nationem.
282 3201 378 3280 Hine,
402 3203 481 3284 qnia
508 3204 645 3266 sustinet
672 3200 769 3264 idem·
788 3200 938 3266 dominus
964 3203 1020 3282 N,
1044 3213 1223 3286 praeurens

78 3325 166 3386 reas,
181 3326 214 3371 se
227 3307 418 3389 sufficienter
442 3309 596 3391 probasse
615 3308 715 3374 dictos
739 3315 831 3372 testes
854 3326 921 3372 esse
941 3310 1044 3393 ipsias
1064 3313 1222 3396 inimices,

75 3417 239 3496 perperos,
267 3415 441 3496 r'nlzabiles;
469 3416 539 3480 idea
568 3435 641 3481 acm
669 3418 760 3480 omni
784 3415 893 3482 debita
925 3417 1129 3502 subiectione,
1157 3441 1224 3488 nan

79 3523 192 3586 animo
204 3521 374 3605 judiciam
390 3525 589 3606 protelandi,
605 3525 663 3589 sed
678 3542 712 3589 se
726 3525 894 3589 eximendi
906 3543 928 3588 a
944 3529 1148 3610 pravamine,
1162 3549 1222 3614 op-

75 3630 179 3714 pellat
202 3649 298 3713 saper
316 3631 473 3715 praedicto
492 3631 617 3696 decreto
640 3651 696 3697 sen
723 3633 881 3697 sententia
904 3633 1146 3699 interlocutoria
1152 3658 1166 3712 ,·
1194 3646 1227 3702 et

78 3738 152 3801 uult
174 3746 204 3802 et
226 3740 325 3802 instat
342 3739 433 3802 illam
451 3740 591 3804 rescindi
608 3761 617 3802 :
638 3741 733 3804 aliter
744 3747 905 3824 provocat
922 3741 969 3804 ad
984 3743 1224 3824 metropolitam

80 3853 113 3910 et
132 3843 178 3908 ad
201 3845 319 3910 Salem
338 3846 571 3928 Apostolrcam;
591 3854 622 3909 et
636 3848 722 3930 petit
737 3847 801 3910 sili
820 3850 1010 3929 responderi
1022 3848 1061 3913 de
1072 3851 1224 3931 apostolis

82 3956 250 4032 instanter,
272 3955 443 4017 instantias
464 3963 495 4016 et
516 3955 757 4017 instantissime.
779 3955 902 4018 Datum
923 3954 974 4018 die
1049 3959 1166 4021 mensis

82 4063 198 4124 anni...
216 4097 254 4106 -
268 4059 341 4143 Epa
360 4062 402 4128 N.
418 4062 544 4144 appello
558 4069 719 4143 utsupra.

128 4193 142 4227 a
168 4169 369 4234 Praesentata
394 4171 462 4250 fait
487 4169 709 4251 suprascripta
736 4171 922 4253 appellatio,
947 4182 978 4235 et
1004 4172 1044 4238 de
1067 4178 1225 4243 mandato

84 4277 255 4344 reverendi
281 4277 402 4342 Vicarit
427 4277 588 4359 pancratis
613 4280 647 4341 tn
668 4279 747 4341 actis
769 4287 908 4361 recepta,
928 4287 959 4343 et
982 4285 1115 4350 nonnisi
1129 4297 1231 4370 prout
