3050 4984
527 474 601 521 neus
624 474 768 521 secunus.
1151 456 1208 519 211

82 596 171 665 habet
186 597 248 665 hoc
265 598 336 689 ipso
358 598 413 687 jus
434 596 636 691 proponendi
658 597 834 683 articulos3
858 596 1023 687 siquidem
1040 594 1216 687 positiones

81 705 115 771 ab
129 705 318 773 adversario
340 710 466 793 negetis
482 704 626 773 evadunt
646 702 707 772 boc
721 704 793 794 ipso
808 702 948 788 articuli,
978 724 1037 793 per
1066 712 1161 771 testes
1186 711 1217 770 et

81 811 294 880 instrumenta
308 810 480 903 probandi.

118 918 177 986 Ju's
190 926 303 986 nutem
317 918 378 986 hoe
393 918 566 1008 positiones
581 928 613 984 et
632 918 790 986 articulos
805 915 917 1002 dandi,
933 916 1050 985 debere
1077 918 1111 985 in
1123 917 1216 1010 judi-

82 1024 124 1091 cio
147 1024 238 1091 civili
255 1046 324 1092 esse
348 1026 563 1115 reciprocum,
588 1024 657 1114 ipsa
675 1024 783 1091 innuit
798 1022 957 1091 naturalis
972 1024 1109 1114 aequites
1125 1051 1133 1089 :
1151 1047 1218 1093 non

83 1132 185 1199 minus
209 1131 296 1199 enim
318 1152 374 1199 reo
388 1152 489 1223 quum
503 1130 604 1198 actori
617 1130 761 1221 expedit,
779 1138 816 1199 ut
831 1152 929 1221 super
945 1130 1039 1197 certis
1054 1131 1216 1220 capitibus

82 1240 297 1328 interrogetur
322 1236 544 1325 adversarium
572 1245 609 1307 nt
633 1238 679 1305 sic
704 1236 861 1307 liberetur
875 1236 917 1304 ab
945 1260 1042 1306 onere
1056 1238 1216 1329 probandi

82 1366 114 1411 ee
126 1347 251 1431 omnia,
267 1368 343 1438 quse
359 1352 447 1415 ector
461 1346 628 1415 confessus
642 1342 752 1414 luerit.

118 1452 302 1522 Prorosrrro
314 1453 385 1521 111⁸.
402 1491 448 1505 -
458 1456 498 1521 ln
510 1474 661 1544 processu
677 1452 854 1532 sennan
869 1452 1108 1541 siprocedutur
1122 1475 1220 1521 accu-

82 1559 212 1627 unns
217 1559 285 1642 oin,
300 1559 683 1651 videturpossccopitulu
694 1558 771 1627 duri
778 1558 968 1650 abutrnque
977 1572 1093 1649 parte·
1103 1560 1133 1626 si
1144 1582 1219 1628 vero

79 1666 271 1752 procedatur
285 1667 507 1758 inquisitionis
521 1667 586 1748 oia,
615 1665 740 1735 debebit
759 1677 933 1755 promotor
956 1664 1036 1733 dure
1056 1666 1214 1757 capitulo,

84 1771 133 1839 set
143 1773 319 1864 inquisitus
338 1797 403 1843 non
418 1772 547 1842 uidetur
561 1772 641 1841 dure
652 1794 745 1862 posse
758 1772 824 1840 nisi
837 1772 995 1840 articulos
1010 1771 1217 1863 desenoiios.

84 1915 123 1931 -
137 1880 218 1951 Rem
227 1902 293 1949 nou
308 1882 435 1973 reperio
450 1881 537 1973 apud
547 1888 696 1949 auctores
709 1880 889 1949 discussam
903 1908 910 1956 ;
927 1879 982 1947 sed
993 1880 1159 1948 conclusio
1171 1882 1221 1948 vi·

85 1984 173 2053 detur
188 1988 283 2079 sequi
306 2010 348 2057 ex
376 1989 446 2081 ipsa
474 1995 592 2057 nature
619 1986 790 2078 utriusque
818 2008 1000 2079 processus,
1031 1988 1221 2055 accusatorii

85 2114 197 2185 nempe
222 2105 255 2163 st
277 2093 485 2186 inqu'mitorii.
508 2094 591 2163 Num
615 2093 746 2186 quando
761 2093 937 2162 intervenit
950 2103 1129 2178 accusator,
1145 2116 1222 2162 cum

86 2200 151 2268 fieri
165 2202 269 2292 possit
283 2210 319 2269 ut
334 2202 566 2285 calumnietur,
589 2210 621 2269 et
641 2210 810 2287 accusatus
830 2198 865 2267 id
885 2222 926 2267 ca
945 2200 1042 2268 certis
1062 2200 1223 2291 capitibus

85 2308 218 2396 probare
241 2330 334 2400 posse
353 2316 471 2400 speret,
492 2308 587 2380 debet
615 2308 692 2377 huic
712 2306 854 2376 liberum
877 2329 947 2377 esse
974 2330 1012 2375 eu
1033 2308 1140 2399 capita
1165 2328 1223 2399 per

86 2414 214 2483 modum
229 2413 427 2506 positionum
443 2436 637 2507 proponere,
659 2423 694 2483 ut
716 2414 866 2483 videatur
890 2413 970 2505 quid
993 2424 1159 2482 accusator
1183 2415 1223 2479 ad

86 2520 210 2610 singula
223 2521 428 2612 respoudeat,
445 2530 477 2589 et
491 2544 646 2613 quoennm
669 2520 861 2591 confiteatur
882 2530 939 2589 aut
961 2529 1066 2609 neget.
1085 2522 1129 2587 At
1145 2542 1224 2588 vero

86 2628 212 2715 quando
236 2628 382 2718 procedit
394 2628 496 2718 iudex
523 2627 743 2719 inquisitionis
768 2629 835 2713 via,
852 2649 910 2695 seu
925 2650 966 2695 ex
983 2650 1074 2695 mero
1102 2626 1221 2713 officio,

86 2742 247 2803 amassint
270 2756 329 2804 seu
350 2756 426 2825 pers
440 2734 578 2804 edversa
602 2743 752 2803 censetur
779 2756 850 2803 esse
874 2734 963 2803 tama
989 2734 1130 2826 publice,
1147 2756 1223 2825 quae
1349 2785 1351 2788 -

87 2840 276 2931 interrogari
299 2851 331 2911 et
355 2841 549 2933 respondere
572 2842 700 2935 nequit;
728 2840 815 2909 unde
839 2851 917 2909 tunc
938 2841 1028 2911 locus
1047 2863 1113 2909 non
1127 2840 1225 2910 datur

87 2950 295 3034 positionibus
322 2972 363 3017 ex
385 2958 476 3039 parte
499 2950 651 3018 eecusati.
677 2949 714 3016 ln
738 2970 891 3041 processa
918 2970 997 3037 ergo
1019 2948 1223 3039 inquisitorio

87 3056 198 3124 debent
220 3056 354 3147 quidem
368 3056 474 3124 deria
499 3067 683 3147 promotore
706 3056 818 3141 fiscali,
846 3064 879 3123 ct
899 3056 1055 3146 inquisito
1074 3078 1223 3125 commu-

87 3161 181 3231 nicen
197 3163 357 3254 cuprtsth,
375 3174 412 3231 ut
428 3163 526 3254 possit
542 3162 716 3254 inquisitus
739 3162 962 3229 defensionem
983 3183 1075 3229 suam
1092 3184 1220 3252 perure,

89 3278 178 3356 prout
195 3272 292 3338 citata
317 3269 468 3339 decretali
498 3269 649 3353 Qualiter
675 3272 741 3358 (24,
769 3268 809 3336 de
831 3270 956 3357 Accius.)
980 3268 1203 3359 prescribitur
1210 3297 1219 3355 ;

89 3377 139 3443 set
160 3378 334 3469 inquisitus
355 3378 446 3446 debit
462 3386 587 3445 tentum
609 3378 764 3445 articulos
780 3376 982 3468 defensorios.
1002 3376 1041 3443 Et
1056 3376 1089 3443 in
1106 3376 1223 3444 dandis

89 3483 230 3572 capitulis
242 3485 361 3576 poterit
384 3494 551 3575 promotor
575 3484 692 3551 fiscalis
706 3484 767 3552 hac
791 3482 844 3552 rel
868 3482 968 3551 simili
990 3481 1133 3551 formula
1147 3485 1218 3552 uti:

90 3590 190 3659 Fiscrn
200 3592 307 3683 ponit,
325 3604 368 3673 ct,
386 3605 546 3683 qnatenus
561 3604 707 3682 neqetur,
718 3591 863 3683 probare
875 3590 1015 3658 intendit
1031 3595 1045 3657 1
1064 3643 1115 3675 ...,
1130 3597 1148 3657 2
1165 3644 1217 3676 ...‚

91 3700 144 3761 etc.
159 3724 166 3773 ;
183 3708 214 3763 et
230 3694 309 3764 dicit
332 3696 454 3765 borum
474 3695 698 3787 capitulorum
711 3695 941 3785 probationem
959 3696 1039 3764 sutis
1060 3698 1221 3764 emersisoe

91 3822 127 3867 cc
135 3826 283 3891 processu
298 3804 520 3894 informativo.
537 3802 610 3871 Non
625 3812 736 3871 tamen
752 3803 798 3869 ibi
819 3802 999 3871 nominabit
1014 3810 1121 3888 testes,
1143 3805 1221 3895 quie

92 3912 229 3980 neudum
251 3910 447 4002 supponitur
472 3909 555 3981 lecta
579 3908 774 3999 legitinmtio
800 3932 968 3999 processus
995 3910 1218 3997 informativi;

93 4040 158 4107 qum
174 4018 365 4109 legitimatio
381 4016 429 4103 fit,
445 4017 498 4085 vel
507 4039 564 4108 per
578 4016 802 4107 repetitionem
816 4016 961 4100 testium,
975 4017 1028 4085 vel
1041 4038 1099 4108 per
1111 4017 1219 4085 decla-

93 4128 240 4197 rationem
255 4128 316 4213 rei,
333 4148 484 4217 expresse
498 4124 647 4210 dicentis,
665 4146 698 4191 se
714 4123 833 4192 habere
841 4132 947 4210 testes,
960 4125 992 4191 in
1002 4146 1153 4215 processu
1167 4126 1220 4191 in-

95 4231 259 4307 lormstivo
273 4234 446 4323 adhibitos,
463 4256 522 4325 pro
537 4232 598 4301 rite
621 4240 653 4299 et
667 4232 812 4321 legitime
834 4231 939 4299 citetis
963 4241 995 4300 et
1012 4232 1216 4307 examinatis.
