3050 4984
257 430 319 493 296
630 450 806 497 rarcrsrus
829 452 867 496 ns
889 446 1022 495 runicus.

261 596 276 632 ι
300 569 387 661 quod
413 570 539 662 publice
561 570 608 657 fit,
634 580 665 639 et
687 572 807 662 saepius
833 570 981 655 iteratur,
1007 590 1072 635 non
1095 576 1204 634 tamen
1224 564 1398 649 continne;

261 702 277 739 «
301 685 338 743 ut
358 698 431 743 cnm
455 677 554 745 verba
573 677 762 769 blasphema
783 677 834 746 vel
854 676 1086 746 contumeliosa
1103 673 1222 765 saepius
1239 674 1404 739 iterantur

262 808 278 846 ιι
301 783 472 874 publice.»

305 917 321 953 ιι
336 894 368 957 l.
395 892 443 958 llx
463 891 513 959 his
536 891 627 960 facile
648 893 813 981 colligitur
828 892 907 984 quid
922 894 963 959 sit
983 890 1146 960 notorium
1159 890 1194 956 in
1212 910 1341 977 genere,
1366 894 1403 954 et

262 1022 277 1058 ιι
301 996 379 1087 quid
399 998 559 1066 occultum
578 999 742 1066 delictum.
760 1000 937 1069 Notorium
951 999 985 1065 in
1001 1018 1119 1087 genere
1141 993 1222 1062 illud
1243 994 1403 1062 delictum

260 1131 277 1169 ιι
300 1104 431 1190 dicitur,
445 1104 532 1197 quod
548 1106 600 1174 vel
615 1107 648 1173 in
662 1106 748 1197 jure,
760 1106 812 1174 vel
827 1129 869 1173 ex
885 1106 969 1173 lacto
985 1128 1044 1174 suo
1057 1105 1102 1171 ita
1109 1111 1233 1170 certum
1245 1100 1400 1185 habetur,

261 1236 276 1273 ιι
300 1222 336 1277 ut
352 1212 442 1279 nulla
455 1211 595 1302 amplius
606 1213 806 1280 discussione
819 1220 924 1301 egeat,
939 1234 1043 1301 neque
1056 1210 1121 1278 ulla
1133 1206 1403 1297 tergiversatione

261 1345 277 1381 «
301 1318 397 1385 celari
412 1318 522 1408 possit.
542 1320 711 1386 Occultum
728 1341 806 1385 vcro
821 1320 854 1385 in
868 1340 986 1407 genere
1002 1315 1217 1384 diciturillud
1232 1312 1317 1405 quod
1331 1334 1403 1380 non

262 1450 278 1489 ιι
302 1426 345 1491 ita
361 1434 483 1493 certum
499 1432 557 1492 est.
580 1453 595 1487 n
619 1424 932 1517 (Schmalzgrueber,
957 1425 992 1491 iu
1006 1424 1139 1492 titulum
1157 1428 1186 1507 l,
1203 1420 1277 1489 libri
1298 1419 1405 1486 atte-

260 1531 440 1617 cretalium,
455 1555 487 1599 n.
513 1536 525 1598 l
545 1532 676 1623 etseq.)

305 1644 334 1705 5.
353 1639 520 1729 Requisita
537 1653 576 1705 ut
597 1640 733 1730 aliprtod
747 1640 903 1709 delictum
918 1640 983 1708 diei
991 1639 1098 1731 possit
1117 1637 1285 1706 notorium
1298 1649 1405 1703 noto-

257 1746 372 1813 rietute
380 1744 473 1835 facti.
490 1785 534 1797 -
552 1774 567 1809 ι
590 1747 668 1814 Tria
682 1748 901 1815 communiter
922 1747 1159 1838 requiruntur:
1170 1744 1295 1837 primo,
1313 1766 1407 1833 qaa-

263 1880 279 1916 «
303 1853 380 1919 litas
399 1853 487 1933 locis,
512 1861 547 1920 ut
568 1853 686 1921 scilicet
703 1855 744 1921 sit
767 1855 887 1923 lactum
908 1854 943 1922 in
965 1855 1034 1922 loco
1049 1852 1188 1943 publico.
1207 1852 1291 1919 Hinc
1310 1850 1405 1940 qnod

263 1985 278 2023 ιι
302 1960 508 2027 commissum
520 1968 567 2028 est
577 1961 609 2027 in
622 1960 719 2030 domo
729 1962 866 2053 privata,
879 1970 936 2030 aut
946 1960 1071 2045 villula,
1085 1960 1137 2028 vel
1146 1959 1243 2026 ctiam
1252 1958 1289 2024 in
1296 1978 1405 2047 parva

263 2094 278 2131 ιι
304 2066 469 2157 parochia,
496 2067 670 2157 inquibus
696 2091 760 2137 non
788 2069 996 2160 reperiuntur
1020 2068 1130 2135 decem
1149 2066 1312 2148 homines,
1332 2086 1404 2131 non

262 2200 278 2238 ιι
303 2182 406 2263 potest
419 2174 483 2242 dici
501 2176 681 2261 notorium3
700 2178 777 2267 quia
796 2176 890 2244 debet
904 2199 972 2244 esse
993 2172 1199 2243 multitudini
1221 2171 1402 2257 notorium,

127 2303 137 2327 ¹
264 2309 279 2345 ιι
303 2290 340 2347 ut
361 2280 525 2349 notorium
549 2282 612 2350 dici
639 2283 740 2373 possit
774 2284 887 2374 (capite
909 2283 1011 2365 finali,
1033 2281 1073 2350 de
1097 2280 1246 2351 Gotattt.
1272 2280 1346 2348 «ter.
1368 2293 1404 2348 et

264 2414 279 2451 «
304 2388 412 2477 mut).

308 2524 325 2561 ιι
349 2495 508 2577 Secundo,
523 2496 698 2587 requiritur
714 2497 859 2588 qualitas
873 2498 1028 2588 temporis
1045 2525 1057 2564 .-
1072 2506 1104 2565 et
1115 2505 1285 2589 propterea
1297 2498 1325 2564 si
1341 2496 1404 2565 de-

265 2631 281 2668 «
303 2604 415 2671 lictum
432 2603 592 2671 diceretur
606 2606 816 2672 commissum
832 2605 873 2672 dc
889 2615 992 2688 nocte,
1010 2604 1203 2694 regulariter
1214 2628 1279 2673 non
1294 2614 1405 2697 posset

265 2737 281 2774 ιι
305 2710 368 2777 dici
399 2708 561 2777 notorium
589 2738 595 2777 :
618 2710 774 2800 intellige,
800 2712 865 2778 nisi
894 2711 1010 2780 delicto
1038 2711 1078 2779 de
1109 2719 1201 2780 nocte
1229 2714 1404 2783 commisso

266 2846 283 2883 ιι
307 2826 395 2885 tauta
416 2818 586 2885 hominum
611 2818 788 2886 multitudo
808 2819 906 2886 fuerit
924 2841 1080 2909 praesens,
1102 2828 1139 2886 ut
1155 2819 1196 2887 ab
1214 2819 1265 2887 his
1288 2820 1405 2888 notitia

265 2951 281 2989 ιι
305 2924 374 3015 ejus
388 2924 428 2992 ad
445 2946 540 2991 aures
557 2925 690 3015 majoris
707 2927 807 3016 partis
822 2925 861 2993 de
877 2926 1107 2993 communitate
1119 2926 1296 3017 perveniat.
1310 2927 1405 2996 Tunc

266 3059 282 3095 ιι
305 3032 392 3099 enim
422 3032 577 3121 temporis
603 3041 749 3123 respectu
781 3034 898 3101 notorii
930 3033 1078 3101 habenda
1106 3056 1172 3101 non
1198 3032 1282 3101 foret
1305 3034 1403 3118 ratio,

267 3165 282 3202 ιι
307 3139 426 3229 quippe
440 3138 526 3229 quod
543 3138 615 3206 ideo
630 3139 735 3207 solum
751 3141 974 3208 notorietatem
996 3139 1144 3231 impedit,
1160 3142 1237 3231 qrria
1255 3140 1296 3207 de
1310 3148 1404 3208 nocte

266 3272 282 3310 ιι
306 3270 370 3313 non
391 3246 470 3312 solet
489 3268 557 3313 esse
581 3254 689 3314 tantus
712 3246 826 3337 populi
846 3246 1009 3315 affluentis
1032 3268 1220 3334 concursus,
1244 3255 1405 3339 quantum
1516 3313 1517 3326 ,

267 3382 283 3419 ιι
307 3352 481 3422 notorictas
495 3353 571 3421 facti
587 3354 702 3443 exigit.

312 3486 328 3524 «
346 3460 451 3528 Tertio
474 3461 652 3550 requiritur
671 3460 878 3530 adstantium
896 3462 1075 3530 multitudo
1095 3469 1201 3552 :quot
1218 3469 1326 3530 autem
1343 3461 1406 3528 ho-

268 3596 284 3633 «
309 3568 435 3636 minum
467 3568 600 3635 scientia
627 3570 810 3660 requiratur
835 3570 876 3637 ad
905 3570 1089 3638 laciendum
1114 3570 1280 3638 notorium
1304 3570 1403 3660 juris,

268 3704 285 3741 ιι
308 3676 498 3765 interpretes
527 3697 592 3742 non
623 3676 788 3745 modicum
817 3677 955 3746 varient.
987 3677 1070 3745 Nam
1100 3676 1200 3767 aliqui
1233 3677 1406 3767 requirnnt

268 3810 285 3849 ιι
309 3783 455 3851 notitiam
470 3782 568 3849 totius
584 3783 726 3870 viciniae,
750 3785 807 3852 alii
827 3785 960 3876 majoris
982 3786 1094 3877 partis,
1115 3784 1170 3851 alii
1187 3784 1299 3871 uiam,
1320 3808 1407 3854 non-

266 3919 282 3956 «
307 3890 390 3959 uulli
403 3889 514 3957 decem
530 3889 713 3962 hominurn.
732 3919 748 3957 n
767 3893 980 3961 Communior
998 3894 1156 3960 sententia
1174 3892 1209 3959 id
1229 3895 1356 3984 reponit
1368 3895 1407 3963 in

264 3998 398 4065 arbitrio
417 3996 537 4087 judicis
555 4025 561 4063 :
582 4024 598 4061 ι
614 3996 697 4078 Quia
717 4000 772 4067 ubi
787 3999 912 4091 aliquid
927 4022 994 4067 non
1009 4009 1057 4067 est
1070 4023 1089 4068 a
1100 4000 1175 4090 jure
1194 4007 1339 4067 taxatum
1354 4003 1406 4069 vel

269 4131 285 4169 «
309 4102 495 4189 delinitum,
518 4114 666 4173 censetur
684 4106 763 4175 illud
786 4130 855 4175 esse
875 4106 1084 4177 commissum
1105 4106 1238 4174 arbitrio
1256 4106 1404 4198 judicis:

270 4236 286 4273 ι
310 4212 342 4277 in
360 4234 425 4305 quo
442 4210 576 4279 arbitrio
596 4235 635 4283 nc
655 4220 739 4283 erret
754 4214 870 4304 judex,
893 4213 1097 4283 considerare
1116 4212 1243 4284 debebit
1264 4214 1407 4283 circuni-
