3050 4984
276 454 316 524 82
645 475 823 525 moranus
845 477 883 526 ou
905 477 1037 526 montis.

277 629 294 666 a
317 599 517 686 stationarii,
527 595 681 686 latrones,
697 600 870 690 sacrilegos
878 607 911 669 et
919 601 999 670 alios
1013 600 1192 670 criminum
1203 623 1276 670 reos
1289 599 1323 668 in
1336 622 1414 694 pro-

275 733 292 774 c
316 707 431 775 vinciis
445 707 689 798 conquirebant,
704 707 743 776 de
753 709 913 800 sociisque
923 716 955 775 et
967 709 1219 800 receptatoribus
1231 709 1414 798 interroga·

274 841 292 880 c
315 815 394 883 hant
413 814 745 906 interrogationesque
760 813 876 882 litteris
892 813 1033 883 inducas
1047 823 1080 883 et
1094 815 1279 905 obsignatas
1296 815 1338 883 ad
1355 838 1415 883 co-

272 947 290 990 c
312 923 491 1012 gnitionem
507 922 714 1011 magistratus
730 922 917 1009 mittebant3
934 922 1047 1013 reique
1060 923 1150 990 missi
1164 945 1240 991 cum
1253 922 1361 1013 elogio
1370 947 1413 992 ex

272 1058 290 1098 c
312 1030 440 1118 integro
448 1028 676 1115 audiebantur,
687 1051 753 1098 nou
763 1038 890 1098 tantum
900 1029 927 1096 si
936 1031 1414 1121 quisaccusctoresset,verum

270 1163 288 1204 c
311 1137 371 1205 etsi
386 1142 553 1205 accusator
567 1157 635 1205 non
649 1145 830 1228 appareret.
847 1162 865 1202 s

311 1247 358 1314 De
385 1246 438 1314 his
461 1242 654 1313 officialibus
675 1243 826 1335 publicis,
848 1242 926 1312 dicit
946 1253 1077 1314 sanctus
1097 1245 1303 1335 Augustinus
1332 1246 1416 1337 (epi-

267 1353 349 1422 stola
369 1353 460 1442 159),
477 1350 743 1434 Ireuorclzurum,
762 1349 810 1419 ad
822 1373 903 1442 quos
917 1350 1047 1421 tuendas
1060 1352 1201 1443 publicar
1217 1353 1311 1444 pacr's
1328 1353 1416 1443 or'qi-

266 1458 532 1549 lorrtr'apertinet.
543 1457 682 1526 Eacerte
693 1456 1011 1544 notiosatisindicat,
1022 1459 1413 1550 nonquaelihetcrimina‚

264 1567 450 1658 presertim
465 1564 601 1653 occulta,
612 1565 654 1633 ab
665 1565 705 1632 iis
716 1563 858 1657 puhlicis
864 1564 1056 1634 officialibus
1063 1563 1248 1634 denuntiari
1256 1567 1413 1658 potuisse,

265 1673 321 1741 sed
335 1673 447 1764 aliqua
460 1679 587 1740 tantum
606 1699 613 1739 ι
632 1671 699 1740 imo
722 1671 787 1740 dici
805 1679 910 1764 potest
927 1671 1067 1740 crimina
1080 1695 1156 1741 cum
1172 1672 1218 1740 sic
1237 1672 1416 1742 denuntia-

264 1781 385 1849 bantur
392 1780 460 1870 jam
475 1779 610 1848 infamia
621 1777 781 1847 ueletiam
792 1780 982 1847 notorietate
990 1801 1057 1847 non
1066 1779 1221 1848 caruisse.
1231 1779 1413 1848 Ettandem

265 1889 292 1956 si
310 1910 424 1956 verum
442 1885 526 1954 foret
545 1886 687 1976 potuisse
706 1885 793 1976 apud
808 1885 974 1955 Romanos
992 1885 1115 1978 absque
1132 1886 1257 1978 pravis
1277 1886 1415 1955 iufamia

265 1993 394 2085 procedi
418 1993 454 2061 in
476 1992 614 2060 crimina
634 2013 692 2083 per
711 1990 882 2060 officialem
902 1992 1070 2083 publicum
1093 1992 1210 2080 delata,
1229 1993 1306 2061 inde
1327 1993 1414 2062 male

263 2101 365 2171 illatio
375 2099 468 2169 fieret
476 2100 518 2168 ad
527 2101 583 2192 jus
594 2099 800 2188 canonicum,
814 2099 843 2166 si
853 2099 893 2168 de
904 2100 1067 2170 contraria
1077 2099 1228 2168 Ecclesiae
1242 2099 1415 2190 disciplina

263 2208 460 2278 sufficienter
487 2215 621 2277 constet.
650 2207 855 2276 Contrarium
882 2215 989 2275 auum
1020 2205 1226 2298 disciplinam
1255 2207 1414 2277 exhibent

264 2316 495 2386 innocentiana
524 2314 707 2407 prasertim
734 2314 874 2401 decreta,
903 2313 1023 2405 quibus
1048 2315 1173 2404 previa
1200 2314 1335 2383 infamia
1367 2315 1412 2383 ad

263 2424 505 2517 inquisitionem
526 2422 697 2514 specialem
711 2422 874 2512 exigitur3
892 2422 991 2513 idque
1011 2421 1204 2490 nominatim
1223 2421 1355 2514 quando
1367 2422 1412 2492 ad

263 2533 448 2600 instantiam
464 2529 699 2599 denuntiatoris
712 2530 911 2621 proceditur.
928 2528 1041 2620 Neque
1054 2529 1160 2598 ullum
1175 2529 1334 2599 indicium
1347 2541 1410 2619 est,

264 2638 520 2730 excipiendasab
535 2637 594 2706 bac
606 2636 750 2727 generali
765 2637 880 2727 regula
895 2659 965 2704 esse
980 2637 1255 2725 denuntiationes,
1266 2661 1324 2729 per
1336 2638 1413 2707 offi-

263 2749 376 2817 cialem
393 2745 560 2838 publicum
577 2745 686 2813 iactas.
710 2745 750 2812 Et
768 2744 809 2813 de
822 2744 879 2813 tali
892 2744 1081 2835 exceptione
1096 2766 1301 2837 nequaquam
1316 2748 1414 2836 eogi-

262 2856 342 2926 tavit
365 2855 460 2922 citata
483 2851 602 2942 glossa,
631 2851 711 2920 dum
736 2838 848 2923 casum
876 2851 1096 2942 inquisitionis
1126 2852 1167 2920 ad
1188 2851 1413 2922 denuntiantis

263 2961 450 3030 instantiam
461 2958 631 3051 expendit.

307 3070 392 3137 Hinc
405 3068 513 3159 potius
524 3063 785 3136 concludendum
797 3063 928 3134 videtur
938 3063 1133 3158 praereqniri
1147 3065 1328 3154 infamiam,
1343 3091 1412 3137 uon

264 3187 389 3245 tantum
406 3173 537 3267 quando
552 3171 701 3264 superior
716 3195 756 3240 ex
774 3192 864 3240 mero
878 3170 997 3258 officio,
1014 3171 1122 3240 velud
1138 3172 1277 3265 alicujus
1290 3174 1413 3266 privati

263 3282 498 3352 denuntiatoris
514 3279 713 3368 instantiam,
728 3279 886 3372 procedit,
902 3279 1068 3347 sedetiam
1084 3280 1216 3372 quando
1227 3281 1268 3349 ad
1283 3282 1413 3350 instan-

263 3392 343 3460 tiam
359 3388 477 3456 fiscalis
493 3411 549 3456 seu
569 3386 764 3479 promotoris
780 3385 882 3454 curia
904 3407 974 3454 suae
995 3387 1237 3478 inquisitionem
1254 3387 1410 3459 instituit.

262 3499 399 3588 Semper
414 3508 533 3581 umen,
550 3495 640 3563 salva
653 3495 855 3585 exceptione,
871 3502 1035 3562 certorum
1048 3517 1197 3581 casuum,
1212 3518 1295 3587 quos
1309 3520 1413 3589 supra

262 3605 323 3674 sub
338 3625 475 3672 numero
495 3609 525 3690 t,
544 3602 762 3693 propositione
778 3605 811 3687 2,
829 3601 1073 3691 descripsimus.
1514 3592 1515 3595 '

307 3709 399 3794 Quod
417 3711 445 3779 si
464 3709 578 3795 lector,
599 3708 641 3778 ob
657 3708 805 3777 doctores
824 3708 1020 3776 contrariam
1035 3708 1278 3778 conclusionem
1293 3718 1413 3781 mnen-

263 3831 321 3906 tes,
348 3817 504 3908 expositae
527 3815 685 3886 doctrinm
708 3817 742 3883 in
763 3823 866 3883 totum
885 3815 1041 3884 assentire
1064 3817 1266 3905 reformidet,
1288 3827 1325 3888 ut
1341 3822 1414 3889 sal-

262 3939 327 3996 tem
350 3922 459 4018 quoad
475 3945 586 3991 casum
609 3921 729 3990 occulti
747 3921 867 4004 delicti,
890 3922 953 3990 soli
971 3921 1174 4015 delinquenti
1193 3925 1310 4008 norici,
1334 3949 1412 3998 eam

262 4033 407 4124 recipiat,
425 4028 592 4098 nonnullis
607 4027 739 4119 adjectis
753 4029 935 4099 rationibus
947 4029 1103 4122 tantisper
1114 4031 1249 4120 urgebo.
1263 4031 1415 4104 ludiciu-

261 4141 334 4209 liter
349 4139 468 4208 scilieet
480 4133 714 4228 inquirendum
730 4158 797 4204 uon
810 4157 880 4206 esse
890 4137 926 4204 in
942 4135 1058 4205 delicta
1071 4139 1195 4207 occulta
1211 4140 1288 4208 solis
1301 4140 1417 4210 deliu-

261 4247 435 4342 quentibus
449 4245 578 4333 nociva,
596 4243 733 4314 suadere
744 4241 887 4332 videtur,
905 4250 976 4314 tum
994 4245 1077 4314 ratio
1091 4244 1170 4313 boni
1183 4246 1317 4339 publici,
1333 4257 1414 4322 turn
