3050 4984
621 462 798 509 reseratus
821 463 858 507 DE
880 461 1012 507 runicus,

769 804 843 895 ξι.

239 978 275 1027 De
290 976 442 1027 executione
460 974 604 1036 sententie,
626 975 652 1025 iu
667 973 698 1023 iis
710 972 873 1037 regionibus,
890 973 917 1023 in
934 973 1027 1037 quibua
1046 986 1098 1023 uon
1117 971 1191 1022 deest
1204 970 1289 1037 judici
1303 970 1394 1020 aecle-

269 1056 372 1107 siastico
390 1058 512 1121 potestne,
532 1053 564 1104 ad
582 1052 763 1105 executionem
784 1052 898 1118 pervim
916 1054 1059 1105 coactivam
1079 1052 1227 1119 decurrendi
1244 1053 1394 1102 sententias

273 1150 341 1188 auae.

281 1324 462 1416 Gujitslibet
487 1322 607 1416 judicis
634 1330 776 1413 poteras
801 1321 896 1391 debet
926 1345 994 1390 esse
1022 1323 1162 1413 imperio
1191 1323 1315 1402 mixta3
1342 1324 1395 1391 ita

239 1454 368 1524 nempe,
386 1440 422 1499 ut
441 1430 554 1522 possit,
571 1452 638 1497 non
653 1438 780 1498 tuntum
797 1429 852 1521 jus
871 1429 1064 1516 diceresed
1084 1430 1172 1521 quod
1188 1429 1393 1519 pronuntia-

239 1539 289 1609 vit
317 1538 357 1607 acl
381 1537 605 1606 executionem
631 1533 802 1605 efficaciter
826 1535 997 1605 deducere.
1025 1537 1127 1605 Debet
1155 1558 1234 1626 ergo
1263 1535 1393 1605 babere

237 1654 426 1738 potestatem
457 1651 488 1711 et
516 1642 709 1711 sufficientia
737 1642 864 1729 media,
894 1643 936 1711 ad
965 1642 1125 1735 ejusmodi
1155 1644 1392 1713 executionem

238 1754 334 1821 etiam
350 1752 391 1819 ab
405 1750 516 1819 invitis
531 1749 752 1819 obtinendam.
772 1749 999 1819 Necessarium
1019 1750 1158 1843 proinde
1178 1761 1227 1819 est
1247 1752 1283 1818 in
1301 1773 1392 1843 quo·

238 1857 432 1949 libetjudica
447 1856 579 1949 aliquod
594 1856 785 1949 imperium,
798 1856 832 1924 id
845 1864 894 1925 est
905 1857 1015 1949 aliqua
1029 1859 1099 1927 vim
1110 1865 1278 1927 externam
1291 1880 1392 1926 coac-

239 1966 343 2036 tivam
359 1964 535 2033 adhibendi
550 1972 700 2055 potestas.
719 1964 877 2056 Alioquin
891 1964 1031 2033 inaniter
1046 1987 1106 2056 pro
1120 1965 1277 2034 tribunali
1292 1964 1392 2033 sece-

240 2070 416 2164 retjudex,
429 2071 708 2161 cujuasenteutias
721 2069 1071 2161 impunacoudemnati
1082 2070 1389 2162 posaeutderidere.

287 2178 342 2247 llst
363 2176 494 2270 quidem
511 2176 676 2268 judicibus
697 2176 919 2246 ecclesiasticis
941 2178 1131 2268 proprium,
1153 2187 1190 2247 ut
1212 2177 1392 2246 nonnullas

241 2284 521 2355 condemnatorias
549 2284 723 2353 sententias
754 2284 839 2353 ferre
870 2284 1011 2375 possint,
1042 2307 1119 2376 quae
1152 2307 1247 2353 suam
1276 2306 1392 2353 secum

241 2393 463 2463 executionem
474 2390 624 2478 trahunt;
637 2414 690 2460 eas
706 2412 822 2482 nempe
835 2414 910 2482 quae
926 2412 1021 2461 reum
1035 2392 1390 2477 excommunicatione,

241 2500 344 2569 aliave
367 2520 504 2567 censura
524 2498 737 2567 ecclesiastica
759 2498 893 2567 feriunt.
918 2499 981 2567 Ast
1006 2498 1042 2566 in
1067 2499 1179 2575 multis
1197 2500 1322 2585 causis,
1346 2498 1393 2565 ad

242 2606 350 2674 lorum
369 2626 482 2673 eorum
508 2599 756 2695 pertinentibus,
777 2626 866 2695 saepe
887 2605 1047 2695 contingit
1066 2614 1104 2673 ut
1120 2604 1200 2673 alias
1220 2605 1307 2673 ierre
1326 2604 1394 2673 de·

241 2712 339 2781 beant
358 2711 551 2797 renuntias,
573 2734 634 2802 pro
653 2711 774 2803 quibus
796 2710 996 2803 exequendis
1014 2712 1194 2781 necessaria
1214 2711 1394 2803 catulique

243 2832 378 2889 externa
392 2819 486 2887 actio
505 2818 599 2887 Tales
612 2829 699 2906 suut,
721 2820 814 2889 verbi
834 2820 954 2908 gratia,
970 2820 1140 2888 sententie
1159 2818 1281 2911 quibus
1295 2840 1394 2887 reum

244 2949 338 3019 poena
366 2926 550 3019 pecuniaria
572 2924 729 3017 plectunt,
752 2926 874 3017 quibus
896 2948 973 2997 eum
996 2925 1154 2995 damnant
1174 2927 1208 2994 iu
1230 2948 1394 3017 expensus

241 3035 322 3122 litis,
337 3034 456 3125 quibua
470 3055 583 3102 causas
597 3032 708 3102 civiles
724 3032 787 3102 iuri
801 3032 1004 3102 ecclesiastici
1018 3054 1112 3101 reum
1127 3032 1391 3119 condemnando,

242 3140 415 3210 dirimunt.
436 3141 529 3208 Tunc
549 3163 665 3232 nempe
686 3150 819 3209 externe
839 3140 984 3231 cogenda
1002 3148 1143 3231 estpars
1161 3140 1390 3227 condemnata,

241 3250 283 3317 ad
297 3246 517 3339 praestandum
535 3247 581 3336 id,
592 3247 678 3340 quod
696 3247 931 3317 sententialiter
944 3255 1100 3316 statutum
1115 3258 1174 3315 est.
1189 3247 1392 3338 Hiucpotea-

243 3356 316 3425 tatis
335 3356 500 3425 saecularis
520 3354 663 3423 officium
686 3364 733 3423 cst
752 3354 937 3447 providere,
960 3366 996 3424 ut
1017 3378 1077 3425 aua
1091 3358 1134 3423 sit
1148 3353 1314 3447 judicibus
1336 3378 1392 3423 ec-

242 3462 425 3532 clesiasticis
443 3463 617 3531 sententias
637 3486 712 3532 suas
733 3463 774 3529 ad
795 3462 1018 3531 executionem
1040 3460 1220 3530 deducendi
1239 3461 1390 3531 [ocultam

243 3572 337 3654 Quod
374 3580 529 3661 praestare
571 3570 673 3640 solent
714 3570 864 3638 catholici
904 3570 1084 3661 principes,
1121 3569 1204 3637 hanc
1239 3570 1393 3661 judicum

244 3677 528 3750 ecclesiasticorum
553 3686 744 3769 potestatem
768 3677 993 3767 agnoscendo,
1022 3688 1053 3744 et
1076 3677 1201 3745 brachii
1224 3678 1395 3746 saecularis

243 3788 416 3875 auxilium,
435 3807 494 3877 pro
509 3784 631 3853 efficaci
644 3784 790 3876 ejusdem
808 3785 973 3876 potcstatis
986 3785 1156 3871 exercitio,
1173 3783 1391 3854 decernendo.

245 3900 354 3989 Atque
381 3902 418 3962 ut
443 3895 487 3961 ita
514 3914 565 3961 res
590 3901 804 3983 componatur
827 3892 870 3960 ab
895 3892 935 3960 iis
961 3893 1017 3982 qui
1044 3892 1277 3983 temporalibus
1301 3901 1395 3982 piae-

247 4010 323 4072 sunt
342 3998 558 4087 societatibus,
574 3999 629 4089 jus
644 3998 777 4086 babent,
794 4006 863 4067 tum
886 3997 1029 4067 Ecclesia
1044 3999 1128 4087 ipsa,
1151 4007 1220 4067 tum
1241 3998 1396 4068 catholici

247 4110 382 4201 quilibet
396 4107 521 4200 populi.

292 4216 355 4285 Ubi
371 4238 450 4307 ergo
464 4216 552 4305 viget
567 4212 632 4301 illa,
651 4215 862 4305 temporalem
878 4215 963 4283 iuter
975 4224 1007 4283 et
1020 4213 1265 4283 ecclesiasticam
1281 4222 1393 4305 potes-
