<?xml version="1.0" encoding="UTF-8"?>
<!DOCTYPE html PUBLIC "-//W3C//DTD XHTML 1.0 Transitional//EN"
    "http://www.w3.org/TR/xhtml1/DTD/xhtml1-transitional.dtd">
<html xmlns="http://www.w3.org/1999/xhtml" xml:lang="en" lang="en">
 <head>
  <title>
</title>
<meta http-equiv="Content-Type" content="text/html;charset=utf-8" />
  <meta name='ocr-system' content='tesseract 3.04.00' />
  <meta name='ocr-capabilities' content='ocr_page ocr_carea ocr_par ocr_line ocrx_word'/>
</head>
<body>
  <div class='ocr_page' id='page_1' title='image "./tractatusdejudi00goog_0283.png"; bbox 0 0 3050 4984; ppageno 0'>
   <div class='ocr_carea' id='block_1_1' title="bbox 536 476 1222 543">
    <p class='ocr_par' dir='ltr' id='par_1_1' title="bbox 536 476 1222 543">
     <span class='ocr_line' id='line_1_1' title="bbox 536 476 1222 543; baseline -0.001 -2"><span class='ocrx_word' id='word_1_1' title='bbox 536 494 610 543; x_wconf 75' lang='lat' dir='ltr'><strong>raus</strong></span> <span class='ocrx_word' id='word_1_2' title='bbox 634 494 779 543; x_wconf 66' lang='lat' dir='ltr'><strong>manue.</strong></span> <span class='ocrx_word' id='word_1_3' title='bbox 1159 476 1222 541; x_wconf 79' lang='lat'><strong>275</strong></span> 
     </span>
    </p>
   </div>
   <div class='ocr_carea' id='block_1_2' title="bbox 89 614 1236 2853">
    <p class='ocr_par' dir='ltr' id='par_1_2' title="bbox 89 614 1229 1675">
     <span class='ocr_line' id='line_1_2' title="bbox 129 614 1225 707; baseline 0 -22"><span class='ocrx_word' id='word_1_4' title='bbox 129 615 273 698; x_wconf 71' lang='lat' dir='ltr'><strong>Quaene</strong></span> <span class='ocrx_word' id='word_1_5' title='bbox 291 618 336 684; x_wconf 77' lang='lat'><strong>3¹.</strong></span> <span class='ocrx_word' id='word_1_6' title='bbox 357 652 402 671; x_wconf 90' lang='lat'>-</span> <span class='ocrx_word' id='word_1_7' title='bbox 420 616 589 700; x_wconf 81' lang='lat' dir='ltr'><em>Quomodo</em></span> <span class='ocrx_word' id='word_1_8' title='bbox 605 616 647 685; x_wconf 85' lang='lat' dir='ltr'><strong>sit</strong></span> <span class='ocrx_word' id='word_1_9' title='bbox 661 614 898 707; x_wconf 80' lang='lat' dir='ltr'><strong>appellandum</strong></span> <span class='ocrx_word' id='word_1_10' title='bbox 913 616 1106 685; x_wconf 78' lang='lat' dir='ltr'><strong>asententia</strong></span> <span class='ocrx_word' id='word_1_11' title='bbox 1117 616 1225 685; x_wconf 88' lang='lat' dir='ltr'><strong>inter-</strong></span> 
     </span>
     <span class='ocr_line' id='line_1_3' title="bbox 89 721 1226 810; baseline 0.002 -19"><span class='ocrx_word' id='word_1_12' title='bbox 89 722 267 791; x_wconf 77' lang='lat' dir='ltr'><strong>locutoria?</strong></span> <span class='ocrx_word' id='word_1_13' title='bbox 279 762 324 777; x_wconf 91' lang='lat'><em>-</em></span> <span class='ocrx_word' id='word_1_14' title='bbox 336 722 474 806; x_wconf 78' lang='lat' dir='ltr'><em>Quando</em></span> <span class='ocrx_word' id='word_1_15' title='bbox 486 723 727 793; x_wconf 83' lang='lat' dir='ltr'><strong>interlocutoria</strong></span> <span class='ocrx_word' id='word_1_16' title='bbox 740 722 809 791; x_wconf 85' lang='lat' dir='ltr'><strong>vim</strong></span> <span class='ocrx_word' id='word_1_17' title='bbox 824 723 920 791; x_wconf 83' lang='lat' dir='ltr'><strong>habet</strong></span> <span class='ocrx_word' id='word_1_18' title='bbox 932 721 1120 810; x_wconf 83' lang='lat' dir='ltr'><strong>definitivae,</strong></span> <span class='ocrx_word' id='word_1_19' title='bbox 1136 723 1226 793; x_wconf 87' lang='lat' dir='ltr'><strong>idem</strong></span> 
     </span>
     <span class='ocr_line' id='line_1_4' title="bbox 89 829 1224 923; baseline 0.002 -26"><span class='ocrx_word' id='word_1_20' title='bbox 89 829 328 900; x_wconf 82' lang='lat' dir='ltr'><strong>observandum</strong></span> <span class='ocrx_word' id='word_1_21' title='bbox 340 830 427 923; x_wconf 88' lang='lat' dir='ltr'><strong>quod</strong></span> <span class='ocrx_word' id='word_1_22' title='bbox 439 832 473 901; x_wconf 90' lang='lat' dir='ltr'><strong>in</strong></span> <span class='ocrx_word' id='word_1_23' title='bbox 484 830 700 923; x_wconf 75' lang='lat' dir='ltr'><strong>appellatione</strong></span> <span class='ocrx_word' id='word_1_24' title='bbox 714 854 734 899; x_wconf 90' lang='lat' dir='ltr'><strong>a</strong></span> <span class='ocrx_word' id='word_1_25' title='bbox 749 829 926 900; x_wconf 85' lang='lat' dir='ltr'><strong>definitiva.</strong></span> <span class='ocrx_word' id='word_1_26' title='bbox 941 856 959 897; x_wconf 81' lang='lat' dir='ltr'><strong>a</strong></span> <span class='ocrx_word' id='word_1_27' title='bbox 972 831 1056 912; x_wconf 84' lang='lat' dir='ltr'><strong>Quia</strong></span> <span class='ocrx_word' id='word_1_28' title='bbox 1067 830 1139 899; x_wconf 76' lang='lat' dir='ltr'><strong>hane</strong></span> <span class='ocrx_word' id='word_1_29' title='bbox 1151 854 1224 900; x_wconf 89' lang='lat' dir='ltr'><strong>seu-</strong></span> 
     </span>
     <span class='ocr_line' id='line_1_5' title="bbox 93 939 1227 1032; baseline 0.008 -31"><span class='ocrx_word' id='word_1_30' title='bbox 93 964 107 1001; x_wconf 79' lang='lat' dir='ltr'><strong>a</strong></span> <span class='ocrx_word' id='word_1_31' title='bbox 131 939 234 1007; x_wconf 90' lang='lat' dir='ltr'><strong>tentia</strong></span> <span class='ocrx_word' id='word_1_32' title='bbox 249 940 425 1009; x_wconf 77' lang='lat' dir='ltr'><strong>definitiva</strong></span> <span class='ocrx_word' id='word_1_33' title='bbox 442 940 625 1032; x_wconf 87' lang='lat' dir='ltr'><strong>peremnia</strong></span> <span class='ocrx_word' id='word_1_34' title='bbox 650 941 883 1032; x_wconf 84' lang='lat' dir='ltr'><strong>aequiparatur,</strong></span> <span class='ocrx_word' id='word_1_35' title='bbox 907 961 975 1007; x_wconf 87' lang='lat' dir='ltr'><strong>uon</strong></span> <span class='ocrx_word' id='word_1_36' title='bbox 995 940 1104 1008; x_wconf 85' lang='lat' dir='ltr'><strong>solum</strong></span> <span class='ocrx_word' id='word_1_37' title='bbox 1119 942 1227 1032; x_wconf 88' lang='lat' dir='ltr'><strong>quoad</strong></span> 
     </span>
     <span class='ocr_line' id='line_1_6' title="bbox 93 1045 1229 1139; baseline 0.005 -30"><span class='ocrx_word' id='word_1_38' title='bbox 93 1071 107 1109; x_wconf 84' lang='lat' dir='ltr'><strong>a</strong></span> <span class='ocrx_word' id='word_1_39' title='bbox 131 1045 275 1115; x_wconf 83' lang='lat' dir='ltr'><strong>formam</strong></span> <span class='ocrx_word' id='word_1_40' title='bbox 291 1046 535 1138; x_wconf 78' lang='lat' dir='ltr'><strong>interponendae</strong></span> <span class='ocrx_word' id='word_1_41' title='bbox 559 1046 796 1139; x_wconf 74' lang='lat' dir='ltr'><strong>appellationis,</strong></span> <span class='ocrx_word' id='word_1_42' title='bbox 825 1045 882 1114; x_wconf 92' lang='lat' dir='ltr'><strong>sed</strong></span> <span class='ocrx_word' id='word_1_43' title='bbox 902 1045 1001 1114; x_wconf 87' lang='lat' dir='ltr'><strong>etiam</strong></span> <span class='ocrx_word' id='word_1_44' title='bbox 1015 1047 1122 1138; x_wconf 87' lang='lat' dir='ltr'><strong>quoad</strong></span> <span class='ocrx_word' id='word_1_45' title='bbox 1148 1049 1229 1116; x_wconf 87' lang='lat' dir='ltr'><strong>alios</strong></span> 
     </span>
     <span class='ocr_line' id='line_1_7' title="bbox 93 1152 1227 1243; baseline 0.005 -26"><span class='ocrx_word' id='word_1_46' title='bbox 93 1179 107 1217; x_wconf 85' lang='lat' dir='ltr'><strong>a</strong></span> <span class='ocrx_word' id='word_1_47' title='bbox 127 1152 214 1243; x_wconf 86' lang='lat' dir='ltr'><strong>juris</strong></span> <span class='ocrx_word' id='word_1_48' title='bbox 237 1154 379 1223; x_wconf 84' lang='lat' dir='ltr'><strong>effeetus.</strong></span> <span class='ocrx_word' id='word_1_49' title='bbox 396 1154 493 1225; x_wconf 91' lang='lat' dir='ltr'><strong>Paria</strong></span> <span class='ocrx_word' id='word_1_50' title='bbox 515 1154 605 1223; x_wconf 89' lang='lat' dir='ltr'><strong>enim</strong></span> <span class='ocrx_word' id='word_1_51' title='bbox 626 1163 702 1223; x_wconf 88' lang='lat' dir='ltr'><strong>suut</strong></span> <span class='ocrx_word' id='word_1_52' title='bbox 717 1154 908 1223; x_wconf 90' lang='lat' dir='ltr'><strong>seutentiam</strong></span> <span class='ocrx_word' id='word_1_53' title='bbox 924 1176 993 1223; x_wconf 88' lang='lat' dir='ltr'><strong>esse</strong></span> <span class='ocrx_word' id='word_1_54' title='bbox 1008 1153 1227 1242; x_wconf 82' lang='lat' dir='ltr'><strong>definitivam,</strong></span> 
     </span>
     <span class='ocr_line' id='line_1_8' title="bbox 94 1260 1226 1352; baseline 0.004 -27"><span class='ocrx_word' id='word_1_55' title='bbox 94 1288 108 1325; x_wconf 76' lang='lat' dir='ltr'><strong>a</strong></span> <span class='ocrx_word' id='word_1_56' title='bbox 130 1268 163 1329; x_wconf 89' lang='lat' dir='ltr'><strong>et</strong></span> <span class='ocrx_word' id='word_1_57' title='bbox 176 1260 295 1331; x_wconf 87' lang='lat' dir='ltr'><strong>habere</strong></span> <span class='ocrx_word' id='word_1_58' title='bbox 305 1263 376 1331; x_wconf 83' lang='lat' dir='ltr'><strong>vim</strong></span> <span class='ocrx_word' id='word_1_59' title='bbox 389 1262 581 1349; x_wconf 65' lang='lat' dir='ltr'><strong>definitivae,</strong></span> <span class='ocrx_word' id='word_1_60' title='bbox 597 1289 613 1328; x_wconf 79' lang='lat' dir='ltr'><strong>a</strong></span> <span class='ocrx_word' id='word_1_61' title='bbox 629 1262 946 1352; x_wconf 84' lang='lat' dir='ltr'><strong>(Sehmalzgrueber‚</strong></span> <span class='ocrx_word' id='word_1_62' title='bbox 962 1262 1054 1330; x_wconf 90' lang='lat' dir='ltr'><strong>intit.</strong></span> <span class='ocrx_word' id='word_1_63' title='bbox 1072 1264 1126 1343; x_wconf 81' lang='lat'><strong>28,</strong></span> <span class='ocrx_word' id='word_1_64' title='bbox 1137 1262 1226 1330; x_wconf 75' lang='lat' dir='ltr'><strong>lina</strong></span> 
     </span>
     <span class='ocr_line' id='line_1_9' title="bbox 89 1367 1228 1460; baseline 0.002 -24"><span class='ocrx_word' id='word_1_65' title='bbox 89 1367 229 1451; x_wconf 68' lang='lat' dir='ltr'><strong>Deerat„</strong></span> <span class='ocrx_word' id='word_1_66' title='bbox 244 1393 278 1437; x_wconf 92' lang='lat' dir='ltr'><strong>n.</strong></span> <span class='ocrx_word' id='word_1_67' title='bbox 297 1370 364 1459; x_wconf 75' lang='grc'><strong>61.)</strong></span> <span class='ocrx_word' id='word_1_68' title='bbox 379 1367 474 1439; x_wconf 88' lang='lat' dir='ltr'><strong>Unde</strong></span> <span class='ocrx_word' id='word_1_69' title='bbox 488 1378 636 1438; x_wconf 87' lang='lat' dir='ltr'><strong>remanat</strong></span> <span class='ocrx_word' id='word_1_70' title='bbox 650 1376 779 1438; x_wconf 89' lang='lat' dir='ltr'><strong>tantum</strong></span> <span class='ocrx_word' id='word_1_71' title='bbox 796 1368 969 1437; x_wconf 81' lang='lat' dir='ltr'><strong>indicanda</strong></span> <span class='ocrx_word' id='word_1_72' title='bbox 990 1370 1097 1437; x_wconf 84' lang='lat' dir='ltr'><strong>forma</strong></span> <span class='ocrx_word' id='word_1_73' title='bbox 1116 1370 1228 1460; x_wconf 87' lang='lat' dir='ltr'><strong>appel-</strong></span> 
     </span>
     <span class='ocr_line' id='line_1_10' title="bbox 89 1473 1229 1569; baseline 0 -26"><span class='ocrx_word' id='word_1_74' title='bbox 89 1473 177 1545; x_wconf 85' lang='lat' dir='ltr'><strong>landi</strong></span> <span class='ocrx_word' id='word_1_75' title='bbox 192 1476 234 1545; x_wconf 91' lang='lat' dir='ltr'><strong>ab</strong></span> <span class='ocrx_word' id='word_1_76' title='bbox 248 1477 489 1546; x_wconf 78' lang='lat' dir='ltr'><strong>interlocutoria</strong></span> <span class='ocrx_word' id='word_1_77' title='bbox 503 1476 656 1569; x_wconf 80' lang='lat' dir='ltr'><strong>simplici,</strong></span> <span class='ocrx_word' id='word_1_78' title='bbox 672 1476 704 1543; x_wconf 90' lang='lat' dir='ltr'><strong>id</strong></span> <span class='ocrx_word' id='word_1_79' title='bbox 721 1484 782 1562; x_wconf 87' lang='lat' dir='ltr'><strong>est,</strong></span> <span class='ocrx_word' id='word_1_80' title='bbox 796 1498 870 1568; x_wconf 83' lang='lat' dir='ltr'><strong>quae</strong></span> <span class='ocrx_word' id='word_1_81' title='bbox 888 1476 957 1545; x_wconf 86' lang='lat' dir='ltr'><strong>vim</strong></span> <span class='ocrx_word' id='word_1_82' title='bbox 969 1475 1147 1544; x_wconf 79' lang='lat' dir='ltr'><strong>definitivae</strong></span> <span class='ocrx_word' id='word_1_83' title='bbox 1162 1498 1229 1545; x_wconf 90' lang='lat' dir='ltr'><strong>nou</strong></span> 
     </span>
     <span class='ocr_line' id='line_1_11' title="bbox 90 1581 836 1675; baseline 0.003 -27"><span class='ocrx_word' id='word_1_84' title='bbox 90 1581 196 1651; x_wconf 88' lang='lat' dir='ltr'><strong>habet.</strong></span> <span class='ocrx_word' id='word_1_85' title='bbox 213 1582 326 1665; x_wconf 84' lang='lat' dir='ltr'><strong>Quoad</strong></span> <span class='ocrx_word' id='word_1_86' title='bbox 342 1585 516 1653; x_wconf 83' lang='lat' dir='ltr'><strong>hanovere</strong></span> <span class='ocrx_word' id='word_1_87' title='bbox 532 1584 594 1652; x_wconf 87' lang='lat' dir='ltr'><strong>tria</strong></span> <span class='ocrx_word' id='word_1_88' title='bbox 610 1584 836 1675; x_wconf 87' lang='lat' dir='ltr'><strong>requiruntur.</strong></span> 
     </span>
    </p>

    <p class='ocr_par' dir='ltr' id='par_1_3' title="bbox 90 1690 1235 2745">
     <span class='ocr_line' id='line_1_12' title="bbox 134 1690 1230 1782; baseline 0.004 -27"><span class='ocrx_word' id='word_1_89' title='bbox 134 1692 163 1755; x_wconf 92' lang='grc'><strong>1.</strong></span> <span class='ocrx_word' id='word_1_90' title='bbox 182 1690 284 1759; x_wconf 86' lang='lat' dir='ltr'><strong>Debet</strong></span> <span class='ocrx_word' id='word_1_91' title='bbox 300 1691 371 1759; x_wconf 82' lang='lat' dir='ltr'><strong>fieri</strong></span> <span class='ocrx_word' id='word_1_92' title='bbox 388 1691 577 1781; x_wconf 83' lang='lat' dir='ltr'><strong>inscriptis,</strong></span> <span class='ocrx_word' id='word_1_93' title='bbox 600 1699 747 1781; x_wconf 85' lang='lat' dir='ltr'><strong>porreeto</strong></span> <span class='ocrx_word' id='word_1_94' title='bbox 764 1690 873 1758; x_wconf 86' lang='lat' dir='ltr'><strong>libello</strong></span> <span class='ocrx_word' id='word_1_95' title='bbox 888 1690 1098 1782; x_wconf 77' lang='lat' dir='ltr'><strong>appellatorio</strong></span> <span class='ocrx_word' id='word_1_96' title='bbox 1115 1692 1230 1782; x_wconf 86' lang='lat' dir='ltr'><strong>(capite</strong></span> 
     </span>
     <span class='ocr_line' id='line_1_13' title="bbox 94 1795 1230 1888; baseline 0.003 -26"><span class='ocrx_word' id='word_1_97' title='bbox 94 1795 194 1865; x_wconf 82' lang='lat' dir='ltr'><strong>Cordi</strong></span> <span class='ocrx_word' id='word_1_98' title='bbox 210 1802 241 1883; x_wconf 88' lang='lat'><strong>1,</strong></span> <span class='ocrx_word' id='word_1_99' title='bbox 255 1796 295 1865; x_wconf 86' lang='lat' dir='ltr'><strong>de</strong></span> <span class='ocrx_word' id='word_1_100' title='bbox 309 1798 449 1888; x_wconf 68' lang='lat' dir='ltr'><strong>Appell„</strong></span> <span class='ocrx_word' id='word_1_101' title='bbox 463 1799 498 1865; x_wconf 90' lang='lat' dir='ltr'><strong>iu</strong></span> <span class='ocrx_word' id='word_1_102' title='bbox 514 1797 558 1887; x_wconf 84' lang='lat' dir='ltr'><strong>b).</strong></span> <span class='ocrx_word' id='word_1_103' title='bbox 575 1796 790 1888; x_wconf 86' lang='lat' dir='ltr'><strong>Proceditque</strong></span> <span class='ocrx_word' id='word_1_104' title='bbox 806 1798 879 1883; x_wconf 88' lang='lat' dir='ltr'><strong>hoe,</strong></span> <span class='ocrx_word' id='word_1_105' title='bbox 897 1798 968 1864; x_wconf 82' lang='lat' dir='ltr'><strong>sive</strong></span> <span class='ocrx_word' id='word_1_106' title='bbox 983 1797 1164 1888; x_wconf 85' lang='lat' dir='ltr'><strong>appelletur</strong></span> <span class='ocrx_word' id='word_1_107' title='bbox 1178 1798 1230 1865; x_wconf 89' lang='lat' dir='ltr'><strong>in-</strong></span> 
     </span>
     <span class='ocr_line' id='line_1_14' title="bbox 90 1903 1233 1995; baseline 0.002 -26"><span class='ocrx_word' id='word_1_108' title='bbox 90 1903 280 1990; x_wconf 75' lang='lat' dir='ltr'><strong>continenti,</strong></span> <span class='ocrx_word' id='word_1_109' title='bbox 299 1904 368 1973; x_wconf 88' lang='lat' dir='ltr'><strong>sive</strong></span> <span class='ocrx_word' id='word_1_110' title='bbox 383 1926 425 1972; x_wconf 83' lang='lat' dir='ltr'><strong>aa</strong></span> <span class='ocrx_word' id='word_1_111' title='bbox 441 1903 632 1989; x_wconf 89' lang='lat' dir='ltr'><strong>intervallo;</strong></span> <span class='ocrx_word' id='word_1_112' title='bbox 663 1926 739 1971; x_wconf 88' lang='lat' dir='ltr'><strong>nam</strong></span> <span class='ocrx_word' id='word_1_113' title='bbox 769 1926 899 1995; x_wconf 86' lang='lat' dir='ltr'><strong>semper</strong></span> <span class='ocrx_word' id='word_1_114' title='bbox 923 1904 1103 1995; x_wconf 83' lang='lat' dir='ltr'><strong>inscriptis</strong></span> <span class='ocrx_word' id='word_1_115' title='bbox 1121 1905 1233 1994; x_wconf 86' lang='lat' dir='ltr'><strong>porri-</strong></span> 
     </span>
     <span class='ocr_line' id='line_1_15' title="bbox 91 2009 1233 2101; baseline 0.001 -24"><span class='ocrx_word' id='word_1_116' title='bbox 91 2009 197 2097; x_wconf 78' lang='lat' dir='ltr'><strong>genda</strong></span> <span class='ocrx_word' id='word_1_117' title='bbox 211 2017 260 2079; x_wconf 86' lang='lat' dir='ltr'><strong>est</strong></span> <span class='ocrx_word' id='word_1_118' title='bbox 274 2010 447 2101; x_wconf 88' lang='lat' dir='ltr'><strong>appellatio</strong></span> <span class='ocrx_word' id='word_1_119' title='bbox 465 2010 506 2079; x_wconf 90' lang='lat' dir='ltr'><strong>ab</strong></span> <span class='ocrx_word' id='word_1_120' title='bbox 518 2010 779 2095; x_wconf 78' lang='lat' dir='ltr'><strong>interlocutoria3</strong></span> <span class='ocrx_word' id='word_1_121' title='bbox 801 2017 898 2101; x_wconf 88' lang='lat' dir='ltr'><strong>prout</strong></span> <span class='ocrx_word' id='word_1_122' title='bbox 914 2018 1004 2077; x_wconf 86' lang='lat' dir='ltr'><strong>notet</strong></span> <span class='ocrx_word' id='word_1_123' title='bbox 1018 2009 1126 2099; x_wconf 81' lang='lat' dir='ltr'><strong>glossa</strong></span> <span class='ocrx_word' id='word_1_124' title='bbox 1138 2010 1174 2077; x_wconf 88' lang='lat' dir='ltr'><strong>in</strong></span> <span class='ocrx_word' id='word_1_125' title='bbox 1187 2012 1233 2078; x_wconf 88' lang='lat' dir='ltr'><strong>ei·</strong></span> 
     </span>
     <span class='ocr_line' id='line_1_16' title="bbox 92 2118 1232 2211; baseline 0.002 -26"><span class='ocrx_word' id='word_1_126' title='bbox 92 2124 194 2187; x_wconf 89' lang='lat' dir='ltr'><strong>tatum</strong></span> <span class='ocrx_word' id='word_1_127' title='bbox 219 2127 315 2211; x_wconf 87' lang='lat' dir='ltr'><strong>eaput</strong></span> <span class='ocrx_word' id='word_1_128' title='bbox 334 2120 436 2189; x_wconf 82' lang='lat' dir='ltr'><strong>Cordi</strong></span> <span class='ocrx_word' id='word_1_129' title='bbox 458 2120 503 2210; x_wconf 84' lang='grc'><strong>(1,</strong></span> <span class='ocrx_word' id='word_1_130' title='bbox 521 2119 561 2187; x_wconf 82' lang='lat' dir='ltr'><strong>de</strong></span> <span class='ocrx_word' id='word_1_131' title='bbox 576 2120 716 2210; x_wconf 68' lang='lat' dir='ltr'><strong>appell„</strong></span> <span class='ocrx_word' id='word_1_132' title='bbox 734 2120 770 2186; x_wconf 89' lang='lat' dir='ltr'><strong>in</strong></span> <span class='ocrx_word' id='word_1_133' title='bbox 788 2120 833 2209; x_wconf 84' lang='lat' dir='ltr'><strong>b),</strong></span> <span class='ocrx_word' id='word_1_134' title='bbox 850 2119 950 2187; x_wconf 85' lang='lat' dir='ltr'><strong>verbo</strong></span> <span class='ocrx_word' id='word_1_135' title='bbox 971 2118 1232 2187; x_wconf 82' lang='lat' dir='ltr'><strong>lnterloeutoria.</strong></span> 
     </span>
     <span class='ocr_line' id='line_1_17' title="bbox 90 2224 1235 2318; baseline 0.001 -26"><span class='ocrx_word' id='word_1_136' title='bbox 90 2224 248 2295; x_wconf 86' lang='lat' dir='ltr'><strong>Nonnulli</strong></span> <span class='ocrx_word' id='word_1_137' title='bbox 264 2236 370 2295; x_wconf 86' lang='lat' dir='ltr'><strong>tamea</strong></span> <span class='ocrx_word' id='word_1_138' title='bbox 386 2225 531 2295; x_wconf 54' lang='lat' dir='ltr'><strong>doceres</strong></span> <span class='ocrx_word' id='word_1_139' title='bbox 544 2235 700 2318; x_wconf 87' lang='lat' dir='ltr'><strong>putarunt</strong></span> <span class='ocrx_word' id='word_1_140' title='bbox 716 2225 887 2318; x_wconf 77' lang='lat' dir='ltr'><strong>praelatam</strong></span> <span class='ocrx_word' id='word_1_141' title='bbox 902 2226 1167 2294; x_wconf 83' lang='lat' dir='ltr'><strong>constitutionem</strong></span> <span class='ocrx_word' id='word_1_142' title='bbox 1182 2226 1235 2293; x_wconf 90' lang='lat' dir='ltr'><strong>in·</strong></span> 
     </span>
     <span class='ocr_line' id='line_1_18' title="bbox 92 2331 1235 2425; baseline 0 -24"><span class='ocrx_word' id='word_1_143' title='bbox 92 2332 305 2423; x_wconf 80' lang='lat' dir='ltr'><strong>telligendam</strong></span> <span class='ocrx_word' id='word_1_144' title='bbox 320 2334 425 2403; x_wconf 88' lang='lat' dir='ltr'><strong>solnm</strong></span> <span class='ocrx_word' id='word_1_145' title='bbox 442 2354 511 2402; x_wconf 86' lang='lat' dir='ltr'><strong>ease</strong></span> <span class='ocrx_word' id='word_1_146' title='bbox 527 2332 568 2401; x_wconf 90' lang='lat' dir='ltr'><strong>de</strong></span> <span class='ocrx_word' id='word_1_147' title='bbox 581 2355 669 2419; x_wconf 67' lang='lat' dir='ltr'><strong>wau,</strong></span> <span class='ocrx_word' id='word_1_148' title='bbox 688 2356 753 2425; x_wconf 90' lang='lat' dir='ltr'><strong>quo</strong></span> <span class='ocrx_word' id='word_1_149' title='bbox 769 2332 950 2425; x_wconf 89' lang='lat' dir='ltr'><strong>appelletur</strong></span> <span class='ocrx_word' id='word_1_150' title='bbox 972 2331 1012 2401; x_wconf 89' lang='lat' dir='ltr'><strong>ad</strong></span> <span class='ocrx_word' id='word_1_151' title='bbox 1027 2332 1152 2423; x_wconf 89' lang='lat' dir='ltr'><strong>Papam</strong></span> <span class='ocrx_word' id='word_1_152' title='bbox 1161 2358 1171 2419; x_wconf 89' lang='lat'>;</span> <span class='ocrx_word' id='word_1_153' title='bbox 1189 2333 1235 2401; x_wconf 90' lang='lat' dir='ltr'><strong>ita</strong></span> 
     </span>
     <span class='ocr_line' id='line_1_19' title="bbox 93 2439 1235 2532; baseline 0.002 -25"><span class='ocrx_word' id='word_1_154' title='bbox 93 2449 127 2507; x_wconf 91' lang='lat' dir='ltr'><strong>ut</strong></span> <span class='ocrx_word' id='word_1_155' title='bbox 139 2448 236 2508; x_wconf 83' lang='lat' dir='ltr'><strong>extra</strong></span> <span class='ocrx_word' id='word_1_156' title='bbox 249 2440 336 2509; x_wconf 89' lang='lat' dir='ltr'><strong>hune</strong></span> <span class='ocrx_word' id='word_1_157' title='bbox 352 2463 462 2509; x_wconf 71' lang='lat' dir='ltr'><strong>msam</strong></span> <span class='ocrx_word' id='word_1_158' title='bbox 477 2440 578 2531; x_wconf 87' lang='lat' dir='ltr'><strong>possit</strong></span> <span class='ocrx_word' id='word_1_159' title='bbox 592 2440 764 2532; x_wconf 86' lang='lat' dir='ltr'><strong>appellatio</strong></span> <span class='ocrx_word' id='word_1_160' title='bbox 778 2441 819 2509; x_wconf 89' lang='lat' dir='ltr'><strong>ab</strong></span> <span class='ocrx_word' id='word_1_161' title='bbox 835 2440 1088 2528; x_wconf 87' lang='lat' dir='ltr'><strong>interloeutoria,</strong></span> <span class='ocrx_word' id='word_1_162' title='bbox 1103 2439 1235 2530; x_wconf 87' lang='lat' dir='ltr'><strong>quando</strong></span> 
     </span>
     <span class='ocr_line' id='line_1_20' title="bbox 93 2546 1234 2639; baseline 0.003 -26"><span class='ocrx_word' id='word_1_163' title='bbox 93 2547 303 2617; x_wconf 86' lang='lat' dir='ltr'><strong>inaoutinenti</strong></span> <span class='ocrx_word' id='word_1_164' title='bbox 319 2548 546 2639; x_wconf 87' lang='lat' dir='ltr'><strong>interponitur,</strong></span> <span class='ocrx_word' id='word_1_165' title='bbox 564 2546 637 2615; x_wconf 86' lang='lat' dir='ltr'><strong>lieri</strong></span> <span class='ocrx_word' id='word_1_166' title='bbox 662 2548 739 2616; x_wconf 84' lang='lat' dir='ltr'><strong>viva</strong></span> <span class='ocrx_word' id='word_1_167' title='bbox 754 2570 843 2616; x_wconf 86' lang='lat' dir='ltr'><strong>vooe.</strong></span> <span class='ocrx_word' id='word_1_168' title='bbox 862 2547 961 2637; x_wconf 87' lang='lat' dir='ltr'><strong>(Vide</strong></span> <span class='ocrx_word' id='word_1_169' title='bbox 984 2546 1234 2639; x_wconf 70' lang='lat' dir='ltr'><strong>Sohumhgrua·</strong></span> 
     </span>
     <span class='ocr_line' id='line_1_21' title="bbox 92 2654 763 2745; baseline -0.004 -22"><span class='ocrx_word' id='word_1_170' title='bbox 92 2656 161 2745; x_wconf 87' lang='lat' dir='ltr'><strong>ber,</strong></span> <span class='ocrx_word' id='word_1_171' title='bbox 178 2657 213 2723; x_wconf 92' lang='lat' dir='ltr'><strong>in</strong></span> <span class='ocrx_word' id='word_1_172' title='bbox 229 2656 280 2724; x_wconf 88' lang='lat' dir='ltr'><strong>tit.</strong></span> <span class='ocrx_word' id='word_1_173' title='bbox 300 2659 354 2742; x_wconf 80' lang='lat'><strong>28,</strong></span> <span class='ocrx_word' id='word_1_174' title='bbox 370 2656 426 2723; x_wconf 89' lang='lat' dir='ltr'><strong>lib.</strong></span> <span class='ocrx_word' id='word_1_175' title='bbox 445 2659 463 2722; x_wconf 78' lang='lat'>2</span> <span class='ocrx_word' id='word_1_176' title='bbox 481 2655 622 2741; x_wconf 76' lang='lat' dir='ltr'><strong>Deerat,</strong></span> <span class='ocrx_word' id='word_1_177' title='bbox 641 2678 673 2721; x_wconf 92' lang='lat' dir='ltr'><strong>n.</strong></span> <span class='ocrx_word' id='word_1_178' title='bbox 695 2654 763 2745; x_wconf 85' lang='grc'><strong>61.)</strong></span> 
     </span>
    </p>

    <p class='ocr_par' dir='ltr' id='par_1_4' title="bbox 137 2760 1236 2853">
     <span class='ocr_line' id='line_1_22' title="bbox 137 2760 1236 2853; baseline -0.001 -22"><span class='ocrx_word' id='word_1_179' title='bbox 137 2768 168 2831; x_wconf 84' lang='lat'><strong>2.</strong></span> <span class='ocrx_word' id='word_1_180' title='bbox 188 2764 289 2831; x_wconf 86' lang='lat' dir='ltr'><strong>Debet</strong></span> <span class='ocrx_word' id='word_1_181' title='bbox 307 2765 341 2829; x_wconf 92' lang='lat' dir='ltr'><strong>in</strong></span> <span class='ocrx_word' id='word_1_182' title='bbox 358 2786 395 2831; x_wconf 89' lang='lat' dir='ltr'><strong>ea</strong></span> <span class='ocrx_word' id='word_1_183' title='bbox 415 2760 559 2853; x_wconf 80' lang='lat' dir='ltr'><strong>exprimi</strong></span> <span class='ocrx_word' id='word_1_184' title='bbox 573 2784 669 2829; x_wconf 86' lang='lat' dir='ltr'><strong>eausa</strong></span> <span class='ocrx_word' id='word_1_185' title='bbox 683 2760 919 2853; x_wconf 74' lang='lat' dir='ltr'><strong>appellationis.</strong></span> <span class='ocrx_word' id='word_1_186' title='bbox 936 2762 1071 2830; x_wconf 86' lang='lat' dir='ltr'><strong>Constat</strong></span> <span class='ocrx_word' id='word_1_187' title='bbox 1083 2784 1124 2830; x_wconf 86' lang='lat' dir='ltr'><strong>ex</strong></span> <span class='ocrx_word' id='word_1_188' title='bbox 1139 2764 1236 2830; x_wconf 79' lang='lat' dir='ltr'><strong>citata</strong></span> 
     </span>
    </p>
   </div>
   <div class='ocr_carea' id='block_1_3' title="bbox 93 2868 1376 2960">
    <p class='ocr_par' dir='ltr' id='par_1_5' title="bbox 93 2868 1376 2960">
     <span class='ocr_line' id='line_1_23' title="bbox 93 2868 1376 2960; baseline 0.002 -22"><span class='ocrx_word' id='word_1_189' title='bbox 93 2870 243 2939; x_wconf 81' lang='lat' dir='ltr'><strong>decretali</strong></span> <span class='ocrx_word' id='word_1_190' title='bbox 260 2869 359 2940; x_wconf 81' lang='lat' dir='ltr'><strong>Coreli</strong></span> <span class='ocrx_word' id='word_1_191' title='bbox 376 2871 422 2959; x_wconf 83' lang='lat'><strong>(1,</strong></span> <span class='ocrx_word' id='word_1_192' title='bbox 436 2870 475 2937; x_wconf 82' lang='lat' dir='ltr'><strong>de</strong></span> <span class='ocrx_word' id='word_1_193' title='bbox 487 2868 631 2960; x_wconf 69' lang='lat' dir='ltr'><strong>appell,</strong></span> <span class='ocrx_word' id='word_1_194' title='bbox 649 2868 682 2935; x_wconf 93' lang='lat' dir='ltr'><strong>in</strong></span> <span class='ocrx_word' id='word_1_195' title='bbox 697 2868 743 2957; x_wconf 86' lang='grc'><strong>6),</strong></span> <span class='ocrx_word' id='word_1_196' title='bbox 762 2869 876 2960; x_wconf 90' lang='lat' dir='ltr'><strong>inqua</strong></span> <span class='ocrx_word' id='word_1_197' title='bbox 891 2869 936 2936; x_wconf 86' lang='lat' dir='ltr'><strong>sie</strong></span> <span class='ocrx_word' id='word_1_198' title='bbox 952 2869 1063 2937; x_wconf 86' lang='lat' dir='ltr'><strong>statuit</strong></span> <span class='ocrx_word' id='word_1_199' title='bbox 1077 2869 1236 2937; x_wconf 87' lang='lat' dir='ltr'><strong>lnuoeen-</strong></span> <span class='ocrx_word' id='word_1_200' title='bbox 1372 2933 1376 2941; x_wconf 92' lang='lat'>.</span> 
     </span>
    </p>
   </div>
   <div class='ocr_carea' id='block_1_4' title="bbox 90 2975 1236 4358">
    <p class='ocr_par' dir='ltr' id='par_1_6' title="bbox 90 2975 1236 4252">
     <span class='ocr_line' id='line_1_24' title="bbox 92 2975 1236 3068; baseline 0.001 -24"><span class='ocrx_word' id='word_1_201' title='bbox 92 2978 157 3047; x_wconf 90' lang='lat' dir='ltr'><strong>tius</strong></span> <span class='ocrx_word' id='word_1_202' title='bbox 170 2978 217 3047; x_wconf 88' lang='lat' dir='ltr'><strong>lV</strong></span> <span class='ocrx_word' id='word_1_203' title='bbox 234 3005 241 3045; x_wconf 93' lang='lat'>:</span> <span class='ocrx_word' id='word_1_204' title='bbox 259 2978 443 3057; x_wconf 73' lang='lat' dir='ltr'><strong>Sensimus,</strong></span> <span class='ocrx_word' id='word_1_205' title='bbox 462 2990 499 3043; x_wconf 86' lang='lat' dir='ltr'><strong>ut</strong></span> <span class='ocrx_word' id='word_1_206' title='bbox 510 2975 539 3043; x_wconf 82' lang='lat' dir='ltr'><strong>si</strong></span> <span class='ocrx_word' id='word_1_207' title='bbox 552 2976 624 3067; x_wconf 78' lang='lat' dir='ltr'><strong>quis</strong></span> <span class='ocrx_word' id='word_1_208' title='bbox 638 2976 812 3066; x_wconf 78' lang='lat' dir='ltr'><strong>injudicio</strong></span> <span class='ocrx_word' id='word_1_209' title='bbox 823 2976 877 3043; x_wconf 85' lang='lat' dir='ltr'><strong>vel</strong></span> <span class='ocrx_word' id='word_1_210' title='bbox 889 2988 995 3057; x_wconf 74' lang='lat' dir='ltr'><strong>extra,</strong></span> <span class='ocrx_word' id='word_1_211' title='bbox 1011 2998 1109 3068; x_wconf 82' lang='lat' dir='ltr'><strong>snper</strong></span> <span class='ocrx_word' id='word_1_212' title='bbox 1135 2978 1236 3045; x_wconf 88' lang='lat' dir='ltr'><strong>inter-</strong></span> 
     </span>
     <span class='ocr_line' id='line_1_25' title="bbox 93 3081 1234 3175; baseline 0.003 -25"><span class='ocrx_word' id='word_1_213' title='bbox 93 3084 251 3153; x_wconf 84' lang='lat' dir='ltr'><strong>locutoria</strong></span> <span class='ocrx_word' id='word_1_214' title='bbox 272 3085 325 3151; x_wconf 88' lang='lat' dir='ltr'><strong>ael</strong></span> <span class='ocrx_word' id='word_1_215' title='bbox 343 3083 537 3174; x_wconf 80' lang='lat' dir='ltr'><strong>probamina</strong></span> <span class='ocrx_word' id='word_1_216' title='bbox 558 3083 669 3174; x_wconf 84' lang='lat' dir='ltr'><strong>aliqua</strong></span> <span class='ocrx_word' id='word_1_217' title='bbox 693 3081 739 3151; x_wconf 84' lang='lat' dir='ltr'><strong>ad</strong></span> <span class='ocrx_word' id='word_1_218' title='bbox 753 3104 812 3150; x_wconf 81' lang='lat' dir='ltr'><strong>nos</strong></span> <span class='ocrx_word' id='word_1_219' title='bbox 831 3081 966 3150; x_wconf 72' lang='lat' dir='ltr'><strong>duxerit</strong></span> <span class='ocrx_word' id='word_1_220' title='bbox 986 3082 1234 3175; x_wconf 82' lang='lat' dir='ltr'><strong>appellandum,</strong></span> 
     </span>
     <span class='ocr_line' id='line_1_26' title="bbox 92 3188 1236 3284; baseline 0.002 -25"><span class='ocrx_word' id='word_1_221' title='bbox 92 3214 225 3260; x_wconf 82' lang='lat' dir='ltr'><strong>oausam</strong></span> <span class='ocrx_word' id='word_1_222' title='bbox 248 3190 479 3283; x_wconf 81' lang='lat' dir='ltr'><strong>appellationis</strong></span> <span class='ocrx_word' id='word_1_223' title='bbox 507 3189 696 3280; x_wconf 82' lang='lat' dir='ltr'><strong>inscriptis</strong></span> <span class='ocrx_word' id='word_1_224' title='bbox 725 3189 894 3281; x_wconf 78' lang='lat' dir='ltr'><strong>asaipnare</strong></span> <span class='ocrx_word' id='word_1_225' title='bbox 916 3188 1116 3282; x_wconf 82' lang='lat' dir='ltr'><strong>deproperet,</strong></span> <span class='ocrx_word' id='word_1_226' title='bbox 1137 3206 1236 3284; x_wconf 89' lang='lat' dir='ltr'><strong>petat</strong></span> 
     </span>
     <span class='ocr_line' id='line_1_27' title="bbox 93 3296 1234 3394; baseline 0.002 -29"><span class='ocrx_word' id='word_1_227' title='bbox 93 3300 265 3391; x_wconf 80' lang='lat' dir='ltr'><strong>apostolos,</strong></span> <span class='ocrx_word' id='word_1_228' title='bbox 282 3320 362 3389; x_wconf 82' lang='lat' dir='ltr'><strong>quoa</strong></span> <span class='ocrx_word' id='word_1_229' title='bbox 375 3298 405 3365; x_wconf 92' lang='lat' dir='ltr'><strong>ei</strong></span> <span class='ocrx_word' id='word_1_230' title='bbox 413 3296 627 3388; x_wconf 79' lang='lat' dir='ltr'><strong>precepimus</strong></span> <span class='ocrx_word' id='word_1_231' title='bbox 643 3296 789 3365; x_wconf 73' lang='lat' dir='ltr'><strong>celtiberi</strong></span> <span class='ocrx_word' id='word_1_232' title='bbox 805 3297 862 3365; x_wconf 83' lang='lat' dir='ltr'><strong>:in</strong></span> <span class='ocrx_word' id='word_1_233' title='bbox 875 3296 992 3394; x_wconf 69' lang='lat' dir='ltr'><strong>peribas</strong></span> <span class='ocrx_word' id='word_1_234' title='bbox 1002 3300 1234 3389; x_wconf 83' lang='lat' dir='ltr'><strong>appellationis</strong></span> 
     </span>
     <span class='ocr_line' id='line_1_28' title="bbox 92 3402 1236 3497; baseline -0.001 -22"><span class='ocrx_word' id='word_1_235' title='bbox 92 3429 225 3475; x_wconf 76' lang='lat' dir='ltr'><strong>curnam</strong></span> <span class='ocrx_word' id='word_1_236' title='bbox 236 3406 413 3497; x_wconf 74' lang='lat' dir='ltr'><strong>exprimat.</strong></span> <span class='ocrx_word' id='word_1_237' title='bbox 433 3403 523 3471; x_wconf 89' lang='lat' dir='ltr'><strong>idem</strong></span> <span class='ocrx_word' id='word_1_238' title='bbox 540 3409 664 3472; x_wconf 79' lang='lat' dir='ltr'><strong>constat</strong></span> <span class='ocrx_word' id='word_1_239' title='bbox 675 3426 716 3472; x_wconf 86' lang='lat' dir='ltr'><strong>ex</strong></span> <span class='ocrx_word' id='word_1_240' title='bbox 733 3402 886 3471; x_wconf 80' lang='lat' dir='ltr'><strong>decretali</strong></span> <span class='ocrx_word' id='word_1_241' title='bbox 904 3406 946 3471; x_wconf 89' lang='lat' dir='ltr'><strong>Ut</strong></span> <span class='ocrx_word' id='word_1_242' title='bbox 962 3403 1089 3474; x_wconf 73' lang='lat' dir='ltr'><strong>debitae</strong></span> <span class='ocrx_word' id='word_1_243' title='bbox 1112 3408 1179 3495; x_wconf 81' lang='grc'><strong>(59,</strong></span> <span class='ocrx_word' id='word_1_244' title='bbox 1196 3405 1236 3474; x_wconf 83' lang='lat' dir='ltr'><strong>de</strong></span> 
     </span>
     <span class='ocr_line' id='line_1_29' title="bbox 94 3510 1235 3605; baseline 0.001 -24"><span class='ocrx_word' id='word_1_245' title='bbox 94 3516 246 3605; x_wconf 70' lang='lat' dir='ltr'><strong>appell),</strong></span> <span class='ocrx_word' id='word_1_246' title='bbox 263 3534 329 3605; x_wconf 87' lang='lat' dir='ltr'><strong>qua</strong></span> <span class='ocrx_word' id='word_1_247' title='bbox 339 3513 385 3580; x_wconf 87' lang='lat' dir='ltr'><strong>sie</strong></span> <span class='ocrx_word' id='word_1_248' title='bbox 396 3512 437 3580; x_wconf 91' lang='lat' dir='ltr'><strong>ab</strong></span> <span class='ocrx_word' id='word_1_249' title='bbox 452 3511 639 3579; x_wconf 82' lang='lat' dir='ltr'><strong>innocentio</strong></span> <span class='ocrx_word' id='word_1_250' title='bbox 653 3510 699 3578; x_wconf 92' lang='lat' dir='ltr'><strong>lll</strong></span> <span class='ocrx_word' id='word_1_251' title='bbox 710 3510 896 3602; x_wconf 76' lang='lat' dir='ltr'><strong>injungitur</strong></span> <span class='ocrx_word' id='word_1_252' title='bbox 914 3538 921 3579; x_wconf 91' lang='lat'>:</span> <span class='ocrx_word' id='word_1_253' title='bbox 937 3514 1127 3581; x_wconf 82' lang='lat' dir='ltr'><strong>Statuimns</strong></span> <span class='ocrx_word' id='word_1_254' title='bbox 1142 3527 1190 3595; x_wconf 82' lang='lat' dir='ltr'><strong>ut,</strong></span> <span class='ocrx_word' id='word_1_255' title='bbox 1205 3515 1235 3581; x_wconf 80' lang='lat' dir='ltr'><strong>si</strong></span> 
     </span>
     <span class='ocr_line' id='line_1_30' title="bbox 93 3617 1233 3711; baseline -0.003 -20"><span class='ocrx_word' id='word_1_256' title='bbox 93 3623 164 3711; x_wconf 79' lang='lat' dir='ltr'><strong>petit</strong></span> <span class='ocrx_word' id='word_1_257' title='bbox 176 3643 289 3691; x_wconf 86' lang='lat' dir='ltr'><strong>coram</strong></span> <span class='ocrx_word' id='word_1_258' title='bbox 302 3619 416 3689; x_wconf 79' lang='lat' dir='ltr'><strong>idoneo</strong></span> <span class='ocrx_word' id='word_1_259' title='bbox 424 3620 445 3710; x_wconf 88' lang='lat' dir='ltr'><strong><em>j</em></strong></span> <span class='ocrx_word' id='word_1_260' title='bbox 448 3618 539 3687; x_wconf 64' lang='lat' dir='ltr'><strong>ailbe</strong></span> <span class='ocrx_word' id='word_1_261' title='bbox 552 3618 736 3686; x_wconf 83' lang='lat' dir='ltr'><strong>conuenerit</strong></span> <span class='ocrx_word' id='word_1_262' title='bbox 749 3617 988 3701; x_wconf 68' lang='lat' dir='ltr'><strong>advesarinm,</strong></span> <span class='ocrx_word' id='word_1_263' title='bbox 1007 3620 1062 3687; x_wconf 89' lang='lat' dir='ltr'><strong>ille</strong></span> <span class='ocrx_word' id='word_1_264' title='bbox 1073 3633 1148 3688; x_wconf 87' lang='lat' dir='ltr'><strong>ante</strong></span> <span class='ocrx_word' id='word_1_265' title='bbox 1160 3643 1233 3688; x_wconf 83' lang='lat' dir='ltr'><strong>sen·</strong></span> 
     </span>
     <span class='ocr_line' id='line_1_31' title="bbox 94 3724 1232 3819; baseline 0.001 -24"><span class='ocrx_word' id='word_1_266' title='bbox 94 3730 230 3797; x_wconf 85' lang='lat' dir='ltr'><strong>tentiam</strong></span> <span class='ocrx_word' id='word_1_267' title='bbox 246 3728 293 3797; x_wconf 84' lang='lat' dir='ltr'><strong>ad</strong></span> <span class='ocrx_word' id='word_1_268' title='bbox 306 3727 505 3819; x_wconf 78' lang='lat' dir='ltr'><strong>superiorem</strong></span> <span class='ocrx_word' id='word_1_269' title='bbox 523 3724 672 3816; x_wconf 84' lang='lat' dir='ltr'><strong>jadicem</strong></span> <span class='ocrx_word' id='word_1_270' title='bbox 694 3725 814 3815; x_wconf 84' lang='lat' dir='ltr'><strong>absque</strong></span> <span class='ocrx_word' id='word_1_271' title='bbox 839 3726 1033 3795; x_wconf 78' lang='lat' dir='ltr'><strong>rationabili</strong></span> <span class='ocrx_word' id='word_1_272' title='bbox 1049 3750 1151 3796; x_wconf 82' lang='lat' dir='ltr'><strong>eausa</strong></span> <span class='ocrx_word' id='word_1_273' title='bbox 1165 3750 1232 3796; x_wconf 86' lang='lat' dir='ltr'><strong>non</strong></span> 
     </span>
     <span class='ocr_line' id='line_1_32' title="bbox 90 3832 1233 3927; baseline -0.003 -21"><span class='ocrx_word' id='word_1_274' title='bbox 90 3849 282 3927; x_wconf 80' lang='lat' dir='ltr'><strong>provocet...</strong></span> <span class='ocrx_word' id='word_1_275' title='bbox 300 3837 384 3905; x_wconf 78' lang='lat' dir='ltr'><strong>uum</strong></span> <span class='ocrx_word' id='word_1_276' title='bbox 392 3846 504 3902; x_wconf 85' lang='lat' dir='ltr'><strong>autem</strong></span> <span class='ocrx_word' id='word_1_277' title='bbox 512 3855 553 3901; x_wconf 78' lang='lat' dir='ltr'><strong>ea</strong></span> <span class='ocrx_word' id='word_1_278' title='bbox 566 3832 760 3901; x_wconf 84' lang='lat' dir='ltr'><strong>rationabili</strong></span> <span class='ocrx_word' id='word_1_279' title='bbox 773 3854 875 3901; x_wconf 84' lang='lat' dir='ltr'><strong>eausa</strong></span> <span class='ocrx_word' id='word_1_280' title='bbox 882 3834 1053 3924; x_wconf 82' lang='lat' dir='ltr'><strong>putaverit</strong></span> <span class='ocrx_word' id='word_1_281' title='bbox 1062 3835 1233 3926; x_wconf 86' lang='lat' dir='ltr'><strong>appellan-</strong></span> 
     </span>
     <span class='ocr_line' id='line_1_33' title="bbox 92 3939 1230 4033; baseline -0.002 -22"><span class='ocrx_word' id='word_1_282' title='bbox 92 3944 184 4027; x_wconf 76' lang='lat' dir='ltr'><strong>dum,</strong></span> <span class='ocrx_word' id='word_1_283' title='bbox 200 3966 313 4013; x_wconf 84' lang='lat' dir='ltr'><strong>coram</strong></span> <span class='ocrx_word' id='word_1_284' title='bbox 329 3941 439 4011; x_wconf 84' lang='lat' dir='ltr'><strong>eodem</strong></span> <span class='ocrx_word' id='word_1_285' title='bbox 453 3940 567 4031; x_wconf 82' lang='lat' dir='ltr'><strong>jndice</strong></span> <span class='ocrx_word' id='word_1_286' title='bbox 582 3962 682 4009; x_wconf 84' lang='lat' dir='ltr'><strong>eausa</strong></span> <span class='ocrx_word' id='word_1_287' title='bbox 697 3939 864 4031; x_wconf 89' lang='lat' dir='ltr'><strong>probabili</strong></span> <span class='ocrx_word' id='word_1_288' title='bbox 878 3941 1109 4033; x_wconf 80' lang='lat' dir='ltr'><strong>appellationis</strong></span> <span class='ocrx_word' id='word_1_289' title='bbox 1126 3964 1230 4033; x_wconf 77' lang='lat' dir='ltr'><strong>eapo-</strong></span> 
     </span>
     <span class='ocr_line' id='line_1_34' title="bbox 95 4046 1233 4143; baseline -0.003 -22"><span class='ocrx_word' id='word_1_290' title='bbox 95 4055 158 4121; x_wconf 80' lang='lat' dir='ltr'><strong>sita</strong></span> <span class='ocrx_word' id='word_1_291' title='bbox 174 4054 248 4143; x_wconf 77' lang='lat' dir='ltr'><strong>(tali</strong></span> <span class='ocrx_word' id='word_1_292' title='bbox 261 4051 390 4133; x_wconf 78' lang='lat' dir='ltr'><strong>seilicet,</strong></span> <span class='ocrx_word' id='word_1_293' title='bbox 415 4072 487 4141; x_wconf 78' lang='lat' dir='ltr'><strong>qna</strong></span> <span class='ocrx_word' id='word_1_294' title='bbox 508 4049 536 4115; x_wconf 82' lang='lat' dir='ltr'><strong>si</strong></span> <span class='ocrx_word' id='word_1_295' title='bbox 556 4050 640 4138; x_wconf 74' lang='lat' dir='ltr'><strong>soret</strong></span> <span class='ocrx_word' id='word_1_296' title='bbox 651 4046 806 4138; x_wconf 84' lang='lat' dir='ltr'><strong>probata,</strong></span> <span class='ocrx_word' id='word_1_297' title='bbox 827 4048 953 4117; x_wconf 80' lang='lat' dir='ltr'><strong>deberet</strong></span> <span class='ocrx_word' id='word_1_298' title='bbox 967 4050 1114 4139; x_wconf 84' lang='lat' dir='ltr'><strong>lepitima</strong></span> <span class='ocrx_word' id='word_1_299' title='bbox 1133 4072 1233 4142; x_wconf 85' lang='lat' dir='ltr'><strong>repu-</strong></span> 
     </span>
     <span class='ocr_line' id='line_1_35' title="bbox 95 4155 832 4252; baseline -0.007 -24"><span class='ocrx_word' id='word_1_300' title='bbox 95 4162 187 4250; x_wconf 63' lang='lat' dir='ltr'><strong>tant,</strong></span> <span class='ocrx_word' id='word_1_301' title='bbox 203 4159 349 4252; x_wconf 67' lang='lat' dir='ltr'><strong>superior</strong></span> <span class='ocrx_word' id='word_1_302' title='bbox 362 4157 401 4225; x_wconf 86' lang='lat' dir='ltr'><strong>de</strong></span> <span class='ocrx_word' id='word_1_303' title='bbox 415 4155 635 4248; x_wconf 84' lang='lat' dir='ltr'><strong>appellatione</strong></span> <span class='ocrx_word' id='word_1_304' title='bbox 650 4168 832 4245; x_wconf 80' lang='lat' dir='ltr'><strong>eopnoseat.</strong></span> 
     </span>
    </p>

    <p class='ocr_par' dir='ltr' id='par_1_7' title="bbox 144 4260 1232 4358">
     <span class='ocr_line' id='line_1_36' title="bbox 144 4260 1232 4358; baseline 0 -25"><span class='ocrx_word' id='word_1_305' title='bbox 144 4271 172 4334; x_wconf 82' lang='grc'><strong>3.</strong></span> <span class='ocrx_word' id='word_1_306' title='bbox 202 4264 383 4358; x_wconf 80' lang='lat' dir='ltr'><strong>Appellatio</strong></span> <span class='ocrx_word' id='word_1_307' title='bbox 405 4264 446 4331; x_wconf 91' lang='lat' dir='ltr'><strong>ab</strong></span> <span class='ocrx_word' id='word_1_308' title='bbox 472 4261 713 4330; x_wconf 83' lang='lat' dir='ltr'><strong>interlocutoria</strong></span> <span class='ocrx_word' id='word_1_309' title='bbox 726 4260 897 4351; x_wconf 82' lang='lat' dir='ltr'><strong>justificari</strong></span> <span class='ocrx_word' id='word_1_310' title='bbox 922 4263 1033 4356; x_wconf 89' lang='lat' dir='ltr'><strong>nequit</strong></span> <span class='ocrx_word' id='word_1_311' title='bbox 1054 4286 1094 4331; x_wconf 86' lang='lat' dir='ltr'><strong>ex</strong></span> <span class='ocrx_word' id='word_1_312' title='bbox 1124 4268 1232 4357; x_wconf 87' lang='lat' dir='ltr'><strong>novis,</strong></span> 
     </span>
    </p>
   </div>
   <div class='ocr_carea' id='block_1_5' title="bbox 0 0 1536 4984">
    <p class='ocr_par' dir='ltr' id='par_1_8' title="bbox 0 0 1536 4984">
     <span class='ocr_line' id='line_1_37' title="bbox 0 0 1536 4984; baseline 0 0"><span class='ocrx_word' id='word_1_313' title='bbox 0 0 1536 4984; x_wconf 95' lang='lat' dir='ltr'><strong> </strong></span> 
     </span>
    </p>
   </div>
  </div>
 </body>
</html>
