<?xml version="1.0" encoding="UTF-8"?>
<!DOCTYPE html PUBLIC "-//W3C//DTD XHTML 1.0 Transitional//EN"
    "http://www.w3.org/TR/xhtml1/DTD/xhtml1-transitional.dtd">
<html xmlns="http://www.w3.org/1999/xhtml" xml:lang="en" lang="en">
 <head>
  <title>
</title>
<meta http-equiv="Content-Type" content="text/html;charset=utf-8" />
  <meta name='ocr-system' content='tesseract 3.04.00' />
  <meta name='ocr-capabilities' content='ocr_page ocr_carea ocr_par ocr_line ocrx_word'/>
</head>
<body>
  <div class='ocr_page' id='page_1' title='image "./tractatusdejudi00goog_0036.png"; bbox 0 0 3050 4984; ppageno 0'>
   <div class='ocr_carea' id='block_1_1' title="bbox 277 464 1422 801">
    <p class='ocr_par' dir='ltr' id='par_1_1' title="bbox 277 464 1422 801">
     <span class='ocr_line' id='line_1_1' title="bbox 278 464 1053 533; baseline 0 -4"><span class='ocrx_word' id='word_1_1' title='bbox 278 464 318 529; x_wconf 81' lang='lat'><strong>28</strong></span> <span class='ocrx_word' id='word_1_2' title='bbox 656 485 833 533; x_wconf 73' lang='lat' dir='ltr'><strong>ruminas</strong></span> <span class='ocrx_word' id='word_1_3' title='bbox 855 485 895 530; x_wconf 86' lang='lat' dir='ltr'><strong>os</strong></span> <span class='ocrx_word' id='word_1_4' title='bbox 917 483 1053 533; x_wconf 80' lang='lat' dir='ltr'><strong>inmens.</strong></span> 
     </span>
     <span class='ocr_line' id='line_1_2' title="bbox 277 602 1422 699; baseline -0.003 -24"><span class='ocrx_word' id='word_1_5' title='bbox 277 606 319 675; x_wconf 84' lang='lat' dir='ltr'><strong>ab</strong></span> <span class='ocrx_word' id='word_1_6' title='bbox 332 605 544 675; x_wconf 85' lang='lat' dir='ltr'><strong>eeclesiastico</strong></span> <span class='ocrx_word' id='word_1_7' title='bbox 558 604 668 697; x_wconf 84' lang='lat' dir='ltr'><strong>judice</strong></span> <span class='ocrx_word' id='word_1_8' title='bbox 680 606 791 699; x_wconf 83' lang='lat' dir='ltr'><strong>aliqua</strong></span> <span class='ocrx_word' id='word_1_9' title='bbox 812 606 963 693; x_wconf 64' lang='lat' dir='ltr'><strong>masma,</strong></span> <span class='ocrx_word' id='word_1_10' title='bbox 979 605 1150 673; x_wconf 85' lang='lat' dir='ltr'><strong>deficiente</strong></span> <span class='ocrx_word' id='word_1_11' title='bbox 1167 605 1229 697; x_wconf 84' lang='lat' dir='ltr'><strong>qui</strong></span> <span class='ocrx_word' id='word_1_12' title='bbox 1250 603 1294 673; x_wconf 87' lang='lat' dir='ltr'><strong>nd</strong></span> <span class='ocrx_word' id='word_1_13' title='bbox 1313 602 1422 672; x_wconf 83' lang='lat' dir='ltr'><strong>tribu·</strong></span> 
     </span>
     <span class='ocr_line' id='line_1_3' title="bbox 277 711 1421 801; baseline -0.001 -20"><span class='ocrx_word' id='word_1_14' title='bbox 277 713 332 781; x_wconf 85' lang='lat' dir='ltr'><strong>nal</strong></span> <span class='ocrx_word' id='word_1_15' title='bbox 357 712 607 783; x_wconf 76' lang='lat' dir='ltr'><strong>ecclesinsdcnm</strong></span> <span class='ocrx_word' id='word_1_16' title='bbox 636 736 675 783; x_wconf 82' lang='lat' dir='ltr'><strong>ea</strong></span> <span class='ocrx_word' id='word_1_17' title='bbox 697 713 837 784; x_wconf 82' lang='lat' dir='ltr'><strong>deferret</strong></span> <span class='ocrx_word' id='word_1_18' title='bbox 860 724 1061 801; x_wconf 81' lang='lat' dir='ltr'><strong>accusatore,</strong></span> <span class='ocrx_word' id='word_1_19' title='bbox 1087 736 1155 783; x_wconf 87' lang='lat' dir='ltr'><strong>non</strong></span> <span class='ocrx_word' id='word_1_20' title='bbox 1179 711 1261 781; x_wconf 86' lang='lat' dir='ltr'><strong>adeo</strong></span> <span class='ocrx_word' id='word_1_21' title='bbox 1287 733 1421 780; x_wconf 89' lang='lat' dir='ltr'><strong>censen·</strong></span> 
     </span>
    </p>
   </div>
   <div class='ocr_carea' id='block_1_2' title="bbox 276 820 1422 1343">
    <p class='ocr_par' dir='ltr' id='par_1_2' title="bbox 276 820 1422 1343">
     <span class='ocr_line' id='line_1_4' title="bbox 276 820 1422 941; baseline 0 -52"><span class='ocrx_word' id='word_1_22' title='bbox 276 821 417 941; x_wconf 25' lang='lat' dir='ltr'><strong>dnmtest</strong></span> <span class='ocrx_word' id='word_1_23' title='bbox 429 822 516 891; x_wconf 89' lang='lat' dir='ltr'><strong>hono</strong></span> <span class='ocrx_word' id='word_1_24' title='bbox 531 820 681 891; x_wconf 64' lang='lat' dir='ltr'><strong>&amp;dedis</strong></span> <span class='ocrx_word' id='word_1_25' title='bbox 696 821 864 910; x_wconf 81' lang='lat' dir='ltr'><strong>nocivum,</strong></span> <span class='ocrx_word' id='word_1_26' title='bbox 880 822 1038 891; x_wconf 79' lang='lat' dir='ltr'><strong>otiosius</strong></span> <span class='ocrx_word' id='word_1_27' title='bbox 1053 821 1141 891; x_wconf 79' lang='lat' dir='ltr'><strong>infra</strong></span> <span class='ocrx_word' id='word_1_28' title='bbox 1154 820 1345 891; x_wconf 82' lang='lat' dir='ltr'><strong>adnotatum</strong></span> <span class='ocrx_word' id='word_1_29' title='bbox 1365 840 1422 889; x_wconf 82' lang='lat' dir='ltr'><strong>re-</strong></span> 
     </span>
     <span class='ocr_line' id='line_1_5' title="bbox 279 936 1422 1129; baseline -0.002 -26"><span class='ocrx_word' id='word_1_30' title='bbox 279 936 481 1103; x_wconf 57' lang='lat' dir='ltr'><strong>cuiiitdictis</strong></span> <span class='ocrx_word' id='word_1_31' title='bbox 491 1042 600 1104; x_wconf 86' lang='lat' dir='ltr'><strong>antem</strong></span> <span class='ocrx_word' id='word_1_32' title='bbox 615 1043 701 1129; x_wconf 85' lang='lat' dir='ltr'><strong>patet</strong></span> <span class='ocrx_word' id='word_1_33' title='bbox 715 1036 803 1107; x_wconf 85' lang='lat' dir='ltr'><strong>viem</strong></span> <span class='ocrx_word' id='word_1_34' title='bbox 817 1035 1032 1107; x_wconf 67' lang='lat' dir='ltr'><strong>manationis</strong></span> <span class='ocrx_word' id='word_1_35' title='bbox 1044 1058 1121 1104; x_wconf 91' lang='lat' dir='ltr'><strong>cnm</strong></span> <span class='ocrx_word' id='word_1_36' title='bbox 1141 1034 1378 1126; x_wconf 70' lang='lat' dir='ltr'>subscriptione</span> <span class='ocrx_word' id='word_1_37' title='bbox 1390 1042 1422 1101; x_wconf 88' lang='lat' dir='ltr'><strong>ct</strong></span> 
     </span>
     <span class='ocr_line' id='line_1_6' title="bbox 279 1140 1421 1236; baseline 0 -27"><span class='ocrx_word' id='word_1_38' title='bbox 279 1140 407 1210; x_wconf 85' lang='lat' dir='ltr'><strong>talionis</strong></span> <span class='ocrx_word' id='word_1_39' title='bbox 426 1164 534 1234; x_wconf 80' lang='lat' dir='ltr'><strong>prena,</strong></span> <span class='ocrx_word' id='word_1_40' title='bbox 555 1165 624 1212; x_wconf 89' lang='lat' dir='ltr'><strong>csse</strong></span> <span class='ocrx_word' id='word_1_41' title='bbox 640 1166 755 1213; x_wconf 86' lang='lat' dir='ltr'><strong>revera</strong></span> <span class='ocrx_word' id='word_1_42' title='bbox 772 1144 814 1213; x_wconf 91' lang='lat' dir='ltr'><strong>de</strong></span> <span class='ocrx_word' id='word_1_43' title='bbox 827 1146 911 1236; x_wconf 86' lang='lat' dir='ltr'><strong>jore</strong></span> <span class='ocrx_word' id='word_1_44' title='bbox 930 1144 1101 1213; x_wconf 73' lang='lat' dir='ltr'><strong>mammii</strong></span> <span class='ocrx_word' id='word_1_45' title='bbox 1115 1142 1281 1211; x_wconf 88' lang='lat' dir='ltr'><strong>canonino.</strong></span> <span class='ocrx_word' id='word_1_46' title='bbox 1303 1140 1421 1211; x_wconf 88' lang='lat' dir='ltr'><strong>Utrum</strong></span> 
     </span>
     <span class='ocr_line' id='line_1_7' title="bbox 279 1246 1421 1343; baseline 0.002 -29"><span class='ocrx_word' id='word_1_47' title='bbox 279 1258 388 1316; x_wconf 87' lang='lat' dir='ltr'><strong>autem</strong></span> <span class='ocrx_word' id='word_1_48' title='bbox 398 1248 454 1339; x_wconf 89' lang='lat' dir='ltr'><strong>jus</strong></span> <span class='ocrx_word' id='word_1_49' title='bbox 466 1247 547 1318; x_wconf 90' lang='lat' dir='ltr'><strong>illud</strong></span> <span class='ocrx_word' id='word_1_50' title='bbox 567 1272 741 1319; x_wconf 90' lang='lat' dir='ltr'><strong>commune</strong></span> <span class='ocrx_word' id='word_1_51' title='bbox 754 1250 864 1343; x_wconf 86' lang='lat' dir='ltr'><strong>quoad</strong></span> <span class='ocrx_word' id='word_1_52' title='bbox 879 1250 964 1319; x_wconf 89' lang='lat' dir='ltr'><strong>hanc</strong></span> <span class='ocrx_word' id='word_1_53' title='bbox 983 1258 1111 1343; x_wconf 87' lang='lat' dir='ltr'><strong>partem</strong></span> <span class='ocrx_word' id='word_1_54' title='bbox 1126 1251 1161 1318; x_wconf 93' lang='lat' dir='ltr'><strong>in</strong></span> <span class='ocrx_word' id='word_1_55' title='bbox 1176 1246 1421 1319; x_wconf 74' lang='lat' dir='ltr'><strong>desuetudinem</strong></span> 
     </span>
    </p>
   </div>
   <div class='ocr_carea' id='block_1_3' title="bbox 279 1354 1061 1451">
    <p class='ocr_par' dir='ltr' id='par_1_3' title="bbox 279 1354 1061 1451">
     <span class='ocr_line' id='line_1_8' title="bbox 279 1354 1061 1451; baseline 0.005 -28"><span class='ocrx_word' id='word_1_56' title='bbox 279 1354 406 1443; x_wconf 85' lang='lat' dir='ltr'><strong>abierit,</strong></span> <span class='ocrx_word' id='word_1_57' title='bbox 422 1354 618 1447; x_wconf 83' lang='lat' dir='ltr'><strong>expenditur</strong></span> <span class='ocrx_word' id='word_1_58' title='bbox 632 1357 666 1427; x_wconf 88' lang='lat' dir='ltr'><strong>in</strong></span> <span class='ocrx_word' id='word_1_59' title='bbox 681 1358 830 1451; x_wconf 83' lang='lat' dir='ltr'><strong>sequenti</strong></span> <span class='ocrx_word' id='word_1_60' title='bbox 842 1358 1061 1450; x_wconf 79' lang='lat' dir='ltr'><strong>paragrapho.</strong></span> 
     </span>
    </p>
   </div>
   <div class='ocr_carea' id='block_1_4' title="bbox 802 1666 901 1759">
    <p class='ocr_par' dir='ltr' id='par_1_4' title="bbox 802 1666 901 1759">
     <span class='ocr_line' id='line_1_9' title="bbox 802 1666 901 1759; baseline -0.01 -24"><span class='ocrx_word' id='word_1_61' title='bbox 802 1666 901 1759; x_wconf 72' lang='lat' dir='ltr'><strong>§lli</strong></span> 
     </span>
    </p>
   </div>
   <div class='ocr_carea' id='block_1_5' title="bbox 279 1838 1425 1999">
    <p class='ocr_par' dir='ltr' id='par_1_5' title="bbox 279 1838 1425 1999">
     <span class='ocr_line' id='line_1_10' title="bbox 279 1838 1425 1907; baseline 0.002 -17"><span class='ocrx_word' id='word_1_62' title='bbox 279 1838 335 1899; x_wconf 82' lang='lat' dir='ltr'><strong>Qun</strong></span> <span class='ocrx_word' id='word_1_63' title='bbox 359 1854 390 1890; x_wconf 86' lang='lat' dir='ltr'><strong>er</strong></span> <span class='ocrx_word' id='word_1_64' title='bbox 416 1845 489 1905; x_wconf 85' lang='lat' dir='ltr'><strong>perte</strong></span> <span class='ocrx_word' id='word_1_65' title='bbox 511 1842 555 1907; x_wconf 87' lang='lat' dir='ltr'><strong>jus</strong></span> <span class='ocrx_word' id='word_1_66' title='bbox 579 1856 718 1894; x_wconf 88' lang='lat' dir='ltr'><strong>commune</strong></span> <span class='ocrx_word' id='word_1_67' title='bbox 740 1846 895 1896; x_wconf 80' lang='lat' dir='ltr'><strong>canonicum</strong></span> <span class='ocrx_word' id='word_1_68' title='bbox 915 1845 994 1897; x_wconf 89' lang='lat' dir='ltr'><strong>hodie</strong></span> <span class='ocrx_word' id='word_1_69' title='bbox 1019 1845 1182 1897; x_wconf 85' lang='lat' dir='ltr'><strong>immutatum</strong></span> <span class='ocrx_word' id='word_1_70' title='bbox 1207 1845 1368 1897; x_wconf 88' lang='lat' dir='ltr'><strong>censendum</strong></span> <span class='ocrx_word' id='word_1_71' title='bbox 1391 1844 1425 1893; x_wconf 89' lang='lat' dir='ltr'><strong>sit</strong></span> 
     </span>
     <span class='ocr_line' id='line_1_11' title="bbox 493 1930 1208 1999; baseline 0.007 -17"><span class='ocrx_word' id='word_1_72' title='bbox 493 1932 579 1995; x_wconf 85' lang='lat' dir='ltr'><strong>quood</strong></span> <span class='ocrx_word' id='word_1_73' title='bbox 588 1930 697 1983; x_wconf 81' lang='lat' dir='ltr'><strong>toi-mam</strong></span> <span class='ocrx_word' id='word_1_74' title='bbox 711 1934 873 1999; x_wconf 86' lang='lat' dir='ltr'><strong>procedendi</strong></span> <span class='ocrx_word' id='word_1_75' title='bbox 883 1950 931 1999; x_wconf 91' lang='lat' dir='ltr'><strong>per</strong></span> <span class='ocrx_word' id='word_1_76' title='bbox 944 1936 1116 1987; x_wconf 66' lang='lat' dir='ltr'><strong>accusationis</strong></span> <span class='ocrx_word' id='word_1_77' title='bbox 1129 1936 1208 1986; x_wconf 70' lang='lat' dir='ltr'><strong>uam.</strong></span> 
     </span>
    </p>
   </div>
   <div class='ocr_carea' id='block_1_6' title="bbox 276 2157 1424 2470">
    <p class='ocr_par' dir='ltr' id='par_1_6' title="bbox 276 2157 1424 2470">
     <span class='ocr_line' id='line_1_12' title="bbox 322 2157 1422 2232; baseline 0.005 -8"><span class='ocrx_word' id='word_1_78' title='bbox 322 2157 402 2225; x_wconf 90' lang='lat' dir='ltr'><strong>Tria</strong></span> <span class='ocrx_word' id='word_1_79' title='bbox 423 2158 476 2226; x_wconf 92' lang='lat' dir='ltr'><strong>hic</strong></span> <span class='ocrx_word' id='word_1_80' title='bbox 497 2161 690 2230; x_wconf 83' lang='lat' dir='ltr'><strong>excutiendi</strong></span> <span class='ocrx_word' id='word_1_81' title='bbox 712 2162 874 2231; x_wconf 89' lang='lat' dir='ltr'><strong>veniunt:</strong></span> <span class='ocrx_word' id='word_1_82' title='bbox 895 2168 926 2230; x_wconf 82' lang='grc' dir='ltr'><strong>1ο</strong></span> <span class='ocrx_word' id='word_1_83' title='bbox 944 2163 1152 2232; x_wconf 83' lang='lat' dir='ltr'><strong>ostendemus</strong></span> <span class='ocrx_word' id='word_1_84' title='bbox 1174 2164 1334 2232; x_wconf 84' lang='lat' dir='ltr'><strong>sublatum</strong></span> <span class='ocrx_word' id='word_1_85' title='bbox 1356 2185 1422 2230; x_wconf 89' lang='lat' dir='ltr'><strong>non</strong></span> 
     </span>
     <span class='ocr_line' id='line_1_13' title="bbox 277 2266 1424 2363; baseline 0.003 -31"><span class='ocrx_word' id='word_1_86' title='bbox 277 2286 346 2333; x_wconf 90' lang='lat' dir='ltr'><strong>esse</strong></span> <span class='ocrx_word' id='word_1_87' title='bbox 365 2266 579 2336; x_wconf 81' lang='lat' dir='ltr'><strong>accusationis</strong></span> <span class='ocrx_word' id='word_1_88' title='bbox 610 2270 716 2355; x_wconf 79' lang='lat' dir='ltr'><strong>viam3</strong></span> <span class='ocrx_word' id='word_1_89' title='bbox 736 2274 770 2337; x_wconf 81' lang='lat'><strong>2⁰</strong></span> <span class='ocrx_word' id='word_1_90' title='bbox 787 2272 999 2363; x_wconf 84' lang='lat' dir='ltr'><strong>exquiremus</strong></span> <span class='ocrx_word' id='word_1_91' title='bbox 1019 2295 1062 2340; x_wconf 88' lang='lat' dir='ltr'><strong>an</strong></span> <span class='ocrx_word' id='word_1_92' title='bbox 1082 2274 1212 2363; x_wconf 88' lang='lat' dir='ltr'><strong>penitus</strong></span> <span class='ocrx_word' id='word_1_93' title='bbox 1231 2270 1424 2340; x_wconf 85' lang='lat' dir='ltr'><strong>obsoleverit</strong></span> 
     </span>
     <span class='ocr_line' id='line_1_14' title="bbox 276 2371 1422 2470; baseline 0.003 -31"><span class='ocrx_word' id='word_1_94' title='bbox 276 2371 361 2461; x_wconf 81' lang='lat' dir='ltr'><strong>juris</strong></span> <span class='ocrx_word' id='word_1_95' title='bbox 386 2377 567 2442; x_wconf 88' lang='lat' dir='ltr'><strong>communis</strong></span> <span class='ocrx_word' id='word_1_96' title='bbox 592 2376 760 2469; x_wconf 88' lang='lat' dir='ltr'><strong>dispositio</strong></span> <span class='ocrx_word' id='word_1_97' title='bbox 785 2378 826 2447; x_wconf 90' lang='lat' dir='ltr'><strong>de</strong></span> <span class='ocrx_word' id='word_1_98' title='bbox 848 2379 1084 2470; x_wconf 85' lang='lat' dir='ltr'><strong>subscriptione</strong></span> <span class='ocrx_word' id='word_1_99' title='bbox 1110 2379 1211 2447; x_wconf 89' lang='lat' dir='ltr'><strong>libelli</strong></span> <span class='ocrx_word' id='word_1_100' title='bbox 1234 2387 1267 2445; x_wconf 90' lang='lat' dir='ltr'><strong>et</strong></span> <span class='ocrx_word' id='word_1_101' title='bbox 1293 2378 1422 2445; x_wconf 84' lang='lat' dir='ltr'><strong>talionis</strong></span> 
     </span>
    </p>
   </div>
   <div class='ocr_carea' id='block_1_7' title="bbox 278 2484 1423 2677">
    <p class='ocr_par' dir='ltr' id='par_1_7' title="bbox 278 2484 1423 2677">
     <span class='ocr_line' id='line_1_15' title="bbox 278 2484 1423 2577; baseline 0.006 -32"><span class='ocrx_word' id='word_1_102' title='bbox 278 2501 397 2567; x_wconf 87' lang='lat' dir='ltr'><strong>poena;</strong></span> <span class='ocrx_word' id='word_1_103' title='bbox 415 2484 448 2547; x_wconf 73' lang='grc' dir='ltr'><strong>3ο</strong></span> <span class='ocrx_word' id='word_1_104' title='bbox 461 2504 502 2547; x_wconf 84' lang='lat' dir='ltr'><strong>an</strong></span> <span class='ocrx_word' id='word_1_105' title='bbox 518 2491 643 2551; x_wconf 66' lang='lat' dir='ltr'><strong>ceeoerae</strong></span> <span class='ocrx_word' id='word_1_106' title='bbox 657 2484 741 2573; x_wconf 86' lang='lat' dir='ltr'><strong>juris</strong></span> <span class='ocrx_word' id='word_1_107' title='bbox 757 2486 940 2553; x_wconf 89' lang='lat' dir='ltr'><strong>communis</strong></span> <span class='ocrx_word' id='word_1_108' title='bbox 952 2486 1184 2577; x_wconf 89' lang='lat' dir='ltr'><strong>dispositiones</strong></span> <span class='ocrx_word' id='word_1_109' title='bbox 1198 2487 1283 2554; x_wconf 83' lang='lat' dir='ltr'><strong>circa</strong></span> <span class='ocrx_word' id='word_1_110' title='bbox 1294 2507 1423 2576; x_wconf 88' lang='lat' dir='ltr'><strong>proces-</strong></span> 
     </span>
     <span class='ocr_line' id='line_1_16' title="bbox 279 2590 1258 2677; baseline 0.008 -25"><span class='ocrx_word' id='word_1_111' title='bbox 279 2608 352 2653; x_wconf 88' lang='lat' dir='ltr'><strong>sum</strong></span> <span class='ocrx_word' id='word_1_112' title='bbox 368 2609 425 2677; x_wconf 89' lang='lat' dir='ltr'><strong>per</strong></span> <span class='ocrx_word' id='word_1_113' title='bbox 435 2590 647 2659; x_wconf 80' lang='lat' dir='ltr'><strong>accusationis</strong></span> <span class='ocrx_word' id='word_1_114' title='bbox 662 2592 749 2659; x_wconf 87' lang='lat' dir='ltr'><strong>viam</strong></span> <span class='ocrx_word' id='word_1_115' title='bbox 763 2592 940 2662; x_wconf 88' lang='lat' dir='ltr'><strong>hodiedum</strong></span> <span class='ocrx_word' id='word_1_116' title='bbox 956 2593 1169 2662; x_wconf 76' lang='lat' dir='ltr'><strong>observandis</strong></span> <span class='ocrx_word' id='word_1_117' title='bbox 1183 2594 1258 2661; x_wconf 88' lang='lat' dir='ltr'><strong>sint.</strong></span> 
     </span>
    </p>
   </div>
   <div class='ocr_carea' id='block_1_8' title="bbox 837 2894 864 2961">
    <p class='ocr_par' dir='ltr' id='par_1_8' title="bbox 837 2894 864 2961">
     <span class='ocr_line' id='line_1_17' title="bbox 837 2894 864 2961; baseline -0.037 0"><span class='ocrx_word' id='word_1_118' title='bbox 837 2894 864 2961; x_wconf 85' lang='lat'><strong>1.</strong></span> 
     </span>
    </p>
   </div>
   <div class='ocr_carea' id='block_1_9' title="bbox 480 3062 1227 3129">
    <p class='ocr_par' dir='ltr' id='par_1_9' title="bbox 480 3062 1227 3129">
     <span class='ocr_line' id='line_1_18' title="bbox 480 3062 1227 3129; baseline 0.003 -16"><span class='ocrx_word' id='word_1_119' title='bbox 480 3062 518 3113; x_wconf 79' lang='lat' dir='ltr'><strong>dri</strong></span> <span class='ocrx_word' id='word_1_120' title='bbox 530 3062 608 3113; x_wconf 84' lang='lat' dir='ltr'><strong>stiam</strong></span> <span class='ocrx_word' id='word_1_121' title='bbox 621 3062 696 3113; x_wconf 76' lang='lat' dir='ltr'><strong>nodie</strong></span> <span class='ocrx_word' id='word_1_122' title='bbox 707 3063 813 3128; x_wconf 77' lang='lat' dir='ltr'><strong>procedi</strong></span> <span class='ocrx_word' id='word_1_123' title='bbox 822 3066 900 3129; x_wconf 82' lang='lat' dir='ltr'><strong>pariit</strong></span> <span class='ocrx_word' id='word_1_124' title='bbox 911 3077 959 3128; x_wconf 82' lang='lat' dir='ltr'><strong>per</strong></span> <span class='ocrx_word' id='word_1_125' title='bbox 971 3064 1139 3115; x_wconf 80' lang='lat' dir='ltr'><strong>acccioti&#39;onir</strong></span> <span class='ocrx_word' id='word_1_126' title='bbox 1150 3066 1227 3115; x_wconf 84' lang='lat' dir='ltr'><strong>aiom.</strong></span> 
     </span>
    </p>
   </div>
   <div class='ocr_carea' id='block_1_10' title="bbox 276 3286 1424 4349">
    <p class='ocr_par' dir='ltr' id='par_1_10' title="bbox 276 3286 1424 4349">
     <span class='ocr_line' id='line_1_19' title="bbox 321 3286 1423 3380; baseline -0.002 -23"><span class='ocrx_word' id='word_1_127' title='bbox 321 3286 466 3357; x_wconf 86' lang='lat' dir='ltr'><strong>Omnino</strong></span> <span class='ocrx_word' id='word_1_128' title='bbox 487 3296 610 3358; x_wconf 88' lang='lat' dir='ltr'><strong>certum</strong></span> <span class='ocrx_word' id='word_1_129' title='bbox 630 3297 677 3359; x_wconf 89' lang='lat' dir='ltr'><strong>est</strong></span> <span class='ocrx_word' id='word_1_130' title='bbox 697 3289 810 3380; x_wconf 85' lang='lat' dir='ltr'><strong>ajuro</strong></span> <span class='ocrx_word' id='word_1_131' title='bbox 831 3289 986 3357; x_wconf 89' lang='lat' dir='ltr'><strong>canonico</strong></span> <span class='ocrx_word' id='word_1_132' title='bbox 1010 3289 1186 3357; x_wconf 81' lang='lat' dir='ltr'><strong>stabilitam</strong></span> <span class='ocrx_word' id='word_1_133' title='bbox 1210 3287 1310 3357; x_wconf 79' lang='lat' dir='ltr'><strong>inisse</strong></span> <span class='ocrx_word' id='word_1_134' title='bbox 1339 3287 1423 3356; x_wconf 85' lang='lat' dir='ltr'><strong>hunc</strong></span> 
     </span>
     <span class='ocr_line' id='line_1_20' title="bbox 276 3395 1423 3489; baseline -0.002 -24"><span class='ocrx_word' id='word_1_135' title='bbox 276 3395 471 3486; x_wconf 88' lang='lat' dir='ltr'><strong>procedendi</strong></span> <span class='ocrx_word' id='word_1_136' title='bbox 496 3420 667 3486; x_wconf 88' lang='lat' dir='ltr'><strong>normnm;</strong></span> <span class='ocrx_word' id='word_1_137' title='bbox 693 3404 803 3489; x_wconf 82' lang='lat' dir='ltr'><strong>operte</strong></span> <span class='ocrx_word' id='word_1_138' title='bbox 826 3396 860 3465; x_wconf 94' lang='lat' dir='ltr'><strong>id</strong></span> <span class='ocrx_word' id='word_1_139' title='bbox 883 3396 1022 3487; x_wconf 87' lang='lat' dir='ltr'><strong>probent</strong></span> <span class='ocrx_word' id='word_1_140' title='bbox 1048 3396 1192 3486; x_wconf 86' lang='lat' dir='ltr'><strong>plurima</strong></span> <span class='ocrx_word' id='word_1_141' title='bbox 1215 3395 1355 3482; x_wconf 83' lang='lat' dir='ltr'><strong>decreta,</strong></span> <span class='ocrx_word' id='word_1_142' title='bbox 1380 3418 1423 3464; x_wconf 85' lang='lat' dir='ltr'><strong>ex</strong></span> 
     </span>
     <span class='ocr_line' id='line_1_21' title="bbox 277 3501 1420 3595; baseline -0.001 -24"><span class='ocrx_word' id='word_1_143' title='bbox 277 3502 397 3594; x_wconf 89' lang='lat' dir='ltr'><strong>quibus</strong></span> <span class='ocrx_word' id='word_1_144' title='bbox 406 3504 483 3572; x_wconf 86' lang='lat' dir='ltr'><strong>satis</strong></span> <span class='ocrx_word' id='word_1_145' title='bbox 493 3504 533 3572; x_wconf 88' lang='lat' dir='ltr'><strong>sit</strong></span> <span class='ocrx_word' id='word_1_146' title='bbox 544 3503 704 3573; x_wconf 81' lang='lat' dir='ltr'><strong>adducere</strong></span> <span class='ocrx_word' id='word_1_147' title='bbox 715 3513 813 3595; x_wconf 88' lang='lat' dir='ltr'><strong>ceput</strong></span> <span class='ocrx_word' id='word_1_148' title='bbox 827 3504 977 3587; x_wconf 83' lang='lat' dir='ltr'><strong>Qualiter</strong></span> <span class='ocrx_word' id='word_1_149' title='bbox 985 3516 1016 3571; x_wconf 90' lang='lat' dir='ltr'><strong>et</strong></span> <span class='ocrx_word' id='word_1_150' title='bbox 1026 3502 1157 3594; x_wconf 89' lang='lat' dir='ltr'><strong>quando</strong></span> <span class='ocrx_word' id='word_1_151' title='bbox 1169 3504 1235 3594; x_wconf 77' lang='lat' dir='ltr'><strong>(it,</strong></span> <span class='ocrx_word' id='word_1_152' title='bbox 1247 3501 1420 3592; x_wconf 78' lang='lat' dir='ltr'><strong>dedecus.)</strong></span> 
     </span>
     <span class='ocr_line' id='line_1_22' title="bbox 278 3609 1423 3702; baseline 0 -25"><span class='ocrx_word' id='word_1_153' title='bbox 278 3610 313 3677; x_wconf 90' lang='lat' dir='ltr'><strong>in</strong></span> <span class='ocrx_word' id='word_1_154' title='bbox 326 3632 392 3701; x_wconf 93' lang='lat' dir='ltr'><strong>quo</strong></span> <span class='ocrx_word' id='word_1_155' title='bbox 404 3612 449 3679; x_wconf 91' lang='lat' dir='ltr'><strong>sic</strong></span> <span class='ocrx_word' id='word_1_156' title='bbox 465 3612 671 3680; x_wconf 87' lang='lat' dir='ltr'><strong>Innocentius</strong></span> <span class='ocrx_word' id='word_1_157' title='bbox 684 3612 729 3680; x_wconf 92' lang='lat'><strong>111</strong></span> <span class='ocrx_word' id='word_1_158' title='bbox 741 3638 748 3679; x_wconf 94' lang='lat'>:</span> <span class='ocrx_word' id='word_1_159' title='bbox 758 3611 810 3680; x_wconf 80' lang='lat' dir='ltr'><strong>Ad</strong></span> <span class='ocrx_word' id='word_1_160' title='bbox 816 3610 1141 3702; x_wconf 75' lang='lat' dir='ltr'><strong>coniqeodositoque</strong></span> <span class='ocrx_word' id='word_1_161' title='bbox 1150 3609 1355 3678; x_wconf 71' lang='lat' dir='ltr'><strong>subditorum</strong></span> <span class='ocrx_word' id='word_1_162' title='bbox 1365 3632 1423 3677; x_wconf 81' lang='lat' dir='ltr'><strong>ea-</strong></span> 
     </span>
     <span class='ocr_line' id='line_1_23' title="bbox 276 3715 1423 3811; baseline -0.001 -26"><span class='ocrx_word' id='word_1_163' title='bbox 276 3738 389 3801; x_wconf 88' lang='lat' dir='ltr'><strong>cessus,</strong></span> <span class='ocrx_word' id='word_1_164' title='bbox 408 3732 501 3788; x_wconf 86' lang='lat' dir='ltr'><strong>tanto</strong></span> <span class='ocrx_word' id='word_1_165' title='bbox 517 3718 704 3811; x_wconf 80' lang='lat' dir='ltr'><strong>diliqentius</strong></span> <span class='ocrx_word' id='word_1_166' title='bbox 715 3717 807 3786; x_wconf 88' lang='lat' dir='ltr'><strong>debet</strong></span> <span class='ocrx_word' id='word_1_167' title='bbox 820 3718 985 3788; x_wconf 79' lang='lat' dir='ltr'><strong>Prclatus</strong></span> <span class='ocrx_word' id='word_1_168' title='bbox 997 3740 1177 3809; x_wconf 77' lang='lat' dir='ltr'><strong>assurpere,</strong></span> <span class='ocrx_word' id='word_1_169' title='bbox 1190 3728 1315 3808; x_wconf 86' lang='lat' dir='ltr'><strong>quanto</strong></span> <span class='ocrx_word' id='word_1_170' title='bbox 1326 3715 1423 3785; x_wconf 90' lang='lat' dir='ltr'><strong>dam·</strong></span> 
     </span>
     <span class='ocr_line' id='line_1_24' title="bbox 277 3822 1424 3916; baseline -0.001 -25"><span class='ocrx_word' id='word_1_171' title='bbox 277 3823 419 3893; x_wconf 84' lang='lat' dir='ltr'><strong>nobilius</strong></span> <span class='ocrx_word' id='word_1_172' title='bbox 432 3848 546 3893; x_wconf 85' lang='lat' dir='ltr'><strong>eorum</strong></span> <span class='ocrx_word' id='word_1_173' title='bbox 560 3825 696 3916; x_wconf 69' lang='lat' dir='ltr'><strong>offusos</strong></span> <span class='ocrx_word' id='word_1_174' title='bbox 704 3822 861 3893; x_wconf 84' lang='lat' dir='ltr'><strong>desereret</strong></span> <span class='ocrx_word' id='word_1_175' title='bbox 869 3824 1074 3892; x_wconf 67' lang='lat' dir='ltr'><strong>incorrectos.</strong></span> <span class='ocrx_word' id='word_1_176' title='bbox 1088 3826 1318 3914; x_wconf 74' lang='lat' dir='ltr'><strong>contraponi,</strong></span> <span class='ocrx_word' id='word_1_177' title='bbox 1332 3835 1370 3890; x_wconf 86' lang='lat' dir='ltr'><strong>iit</strong></span> <span class='ocrx_word' id='word_1_178' title='bbox 1383 3822 1424 3891; x_wconf 91' lang='lat' dir='ltr'><strong>de</strong></span> 
     </span>
     <span class='ocr_line' id='line_1_25' title="bbox 276 3929 1424 4023; baseline -0.004 -21"><span class='ocrx_word' id='word_1_179' title='bbox 276 3934 411 4002; x_wconf 72' lang='lat' dir='ltr'><strong>notoriis</strong></span> <span class='ocrx_word' id='word_1_180' title='bbox 423 3932 598 4001; x_wconf 72' lang='lat' dir='ltr'><strong>excessibus</strong></span> <span class='ocrx_word' id='word_1_181' title='bbox 611 3946 773 4016; x_wconf 87' lang='lat' dir='ltr'><strong>taceatur,</strong></span> <span class='ocrx_word' id='word_1_182' title='bbox 787 3934 847 4001; x_wconf 88' lang='lat' dir='ltr'><strong>etsi</strong></span> <span class='ocrx_word' id='word_1_183' title='bbox 861 3933 965 4001; x_wconf 81' lang='lat' dir='ltr'><strong>tribus</strong></span> <span class='ocrx_word' id='word_1_184' title='bbox 978 3931 1084 4001; x_wconf 88' lang='lat' dir='ltr'><strong>modis</strong></span> <span class='ocrx_word' id='word_1_185' title='bbox 1092 3932 1194 4023; x_wconf 86' lang='lat' dir='ltr'><strong>possit</strong></span> <span class='ocrx_word' id='word_1_186' title='bbox 1204 3929 1349 4021; x_wconf 83' lang='lat' dir='ltr'><strong>procedi,</strong></span> <span class='ocrx_word' id='word_1_187' title='bbox 1362 3953 1424 4021; x_wconf 83' lang='lat' dir='ltr'><strong>per</strong></span> 
     </span>
     <span class='ocr_line' id='line_1_26' title="bbox 277 4038 1421 4132; baseline -0.004 -23"><span class='ocrx_word' id='word_1_188' title='bbox 277 4041 516 4109; x_wconf 82' lang='lat' dir='ltr'><strong>accusationem</strong></span> <span class='ocrx_word' id='word_1_189' title='bbox 540 4038 696 4124; x_wconf 86' lang='lat' dir='ltr'><strong>videlicet,</strong></span> <span class='ocrx_word' id='word_1_190' title='bbox 714 4038 997 4109; x_wconf 74' lang='lat' dir='ltr'><strong>denuntiationem</strong></span> <span class='ocrx_word' id='word_1_191' title='bbox 1014 4053 1046 4108; x_wconf 84' lang='lat' dir='ltr'><strong>ct</strong></span> <span class='ocrx_word' id='word_1_192' title='bbox 1066 4038 1312 4132; x_wconf 73' lang='lat' dir='ltr'><strong>inquisitionem</strong></span> <span class='ocrx_word' id='word_1_193' title='bbox 1330 4038 1421 4128; x_wconf 85' lang='lat' dir='ltr'><strong>ipso·</strong></span> 
     </span>
     <span class='ocr_line' id='line_1_27' title="bbox 278 4144 1421 4239; baseline -0.006 -21"><span class='ocrx_word' id='word_1_194' title='bbox 278 4172 374 4233; x_wconf 65' lang='lat' dir='ltr'><strong>riom·</strong></span> <span class='ocrx_word' id='word_1_195' title='bbox 396 4162 435 4217; x_wconf 88' lang='lat' dir='ltr'><strong>ut</strong></span> <span class='ocrx_word' id='word_1_196' title='bbox 452 4160 562 4218; x_wconf 85' lang='lat' dir='ltr'><strong>tameo</strong></span> <span class='ocrx_word' id='word_1_197' title='bbox 578 4149 615 4217; x_wconf 87' lang='lat' dir='ltr'><strong>in</strong></span> <span class='ocrx_word' id='word_1_198' title='bbox 635 4147 783 4216; x_wconf 85' lang='lat' dir='ltr'><strong>omnibns</strong></span> <span class='ocrx_word' id='word_1_199' title='bbox 800 4147 935 4239; x_wconf 69' lang='lat' dir='ltr'><strong>ditionis</strong></span> <span class='ocrx_word' id='word_1_200' title='bbox 955 4147 1152 4216; x_wconf 76' lang='lat' dir='ltr'><strong>adhibeatur</strong></span> <span class='ocrx_word' id='word_1_201' title='bbox 1174 4145 1314 4229; x_wconf 79' lang='lat' dir='ltr'><strong>cautela,</strong></span> <span class='ocrx_word' id='word_1_202' title='bbox 1337 4144 1421 4212; x_wconf 81' lang='lat' dir='ltr'><strong>sicia</strong></span> 
     </span>
     <span class='ocr_line' id='line_1_28' title="bbox 276 4251 1420 4349; baseline -0.003 -24"><span class='ocrx_word' id='word_1_203' title='bbox 276 4258 515 4327; x_wconf 73' lang='lat' dir='ltr'><strong>annectionem</strong></span> <span class='ocrx_word' id='word_1_204' title='bbox 531 4255 679 4349; x_wconf 77' lang='lat' dir='ltr'><strong>tepitima</strong></span> <span class='ocrx_word' id='word_1_205' title='bbox 694 4254 785 4325; x_wconf 84' lang='lat' dir='ltr'><strong>dedet</strong></span> <span class='ocrx_word' id='word_1_206' title='bbox 795 4254 977 4349; x_wconf 78' lang='lat' dir='ltr'><strong>precedere</strong></span> <span class='ocrx_word' id='word_1_207' title='bbox 994 4254 1174 4348; x_wconf 75' lang='lat' dir='ltr'><strong>inscriptio,</strong></span> <span class='ocrx_word' id='word_1_208' title='bbox 1188 4254 1233 4324; x_wconf 89' lang='lat' dir='ltr'><strong>sic</strong></span> <span class='ocrx_word' id='word_1_209' title='bbox 1246 4265 1277 4323; x_wconf 88' lang='lat' dir='ltr'><strong>ct</strong></span> <span class='ocrx_word' id='word_1_210' title='bbox 1290 4251 1420 4322; x_wconf 81' lang='lat' dir='ltr'><strong>deiun-</strong></span> 
     </span>
    </p>
   </div>
   <div class='ocr_carea' id='block_1_11' title="bbox 0 0 1530 4984">
    <p class='ocr_par' dir='ltr' id='par_1_11' title="bbox 0 0 1530 4984">
     <span class='ocr_line' id='line_1_29' title="bbox 0 0 1530 4984; baseline 0 0"><span class='ocrx_word' id='word_1_211' title='bbox 0 0 1530 4984; x_wconf 95' lang='lat' dir='ltr'><strong> </strong></span> 
     </span>
    </p>
   </div>
  </div>
 </body>
</html>
