3050 4984
515 551 590 600 ruas
616 552 760 602 amaror.
1143 536 1201 606 601

66 670 222 743 deberent
234 678 329 744 testes
351 671 399 743 illi
418 673 528 767 rejici;
546 681 578 745 et
593 675 656 745 nisi
676 675 875 768 rejicientem,
891 675 933 745 de
952 677 1028 770 jure
1047 701 1124 750 reus
1145 703 1206 774 ap·

65 782 188 874 pellere
195 789 310 875 potest.
326 781 363 853 Si
371 790 482 853 autem
495 783 551 853 illa
560 783 735 854 inimicitia
749 783 946 855 sufficienter
958 807 1025 855 non
1036 787 1205 879 probetur,

65 911 164 958 causa
183 888 380 983 appellandi,
397 889 548 982 quamvis
567 891 745 961 subsistens
767 891 802 960 in
819 892 906 984 jure,
924 891 1049 961 dicetur
1070 893 1106 961 in
1116 896 1206 984 secto

65 1018 135 1066 uon
152 995 336 1066 subsistere.
359 997 420 1068 Hic
439 1019 517 1089 ergo
538 999 733 1092 supponitur
752 999 926 1090 allegatam
948 999 1049 1069 fuisse
1070 1022 1203 1071 causam

65 1105 251 1198 appellandi
267 1105 495 1176 subsistentem
516 1107 552 1176 in
561 1107 661 1198 jnre;
675 1114 707 1176 et
717 1105 820 1199 judici
839 1106 885 1177 ed
901 1130 998 1200 quem
1017 1108 1205 1201 expenden-

65 1214 147 1282 dum
169 1236 349 1302 remanere,
366 1225 479 1284 utrum
499 1213 650 1285 subsistat
670 1213 769 1283 etiam
786 1215 822 1283 in
841 1214 925 1285 facto
941 1242 950 1283 z
967 1237 1026 1307 pro
1042 1237 1108 1308 quo
1133 1215 1204 1286 haee

64 1322 174 1392 forma
187 1321 334 1394 adhiberi
346 1322 463 1415 poterit
479 1347 486 1390 ε

110 1483 125 1515 c
147 1459 241 1523 Anno
321 1475 429 1523 merere
515 1459 568 1523 dte
591 1505 638 1538 ...,
659 1459 694 1522 r'n
708 1505 755 1536 ...,
777 1466 982 1542 comparente
1002 1459 1133 1524 domino
1146 1461 1204 1540 N„

64 1566 249 1649 appellante
264 1567 323 1650 qni
340 1585 452 1650 supro,
468 1567 610 1632 decrevit
622 1567 816 1636 reuerendus
828 1568 883 1647 N„
906 1567 1050 1633 Vicere'ua
1066 1585 1204 1650 penere-

65 1675 107 1739 ts’s
125 1673 224 1757 brejas
240 1683 358 1740 nostre
380 1675 649 1755 arebidr'oeeeseor,
664 1675 712 1739 ed
729 1693 866 1740 eramen
882 1673 1058 1759 procedere
1077 1675 1205 1740 testium

65 1790 99 1845 et
119 1781 395 1860 documentorum,
415 1800 437 1846 a
456 1784 595 1865 praefato
615 1781 746 1848 domino
763 1783 806 1846 N.
828 1783 1011 1865 appellente
1025 1782 1202 1867 producto·

64 1907 154 1967 rum,
170 1889 217 1954 ad
227 1889 435 1972 probandum
453 1889 678 1972 appellationis
690 1907 758 1956 sna
771 1908 907 1956 censam
926 1892 962 1955 in
976 1891 1064 1972 screto
1083 1892 1204 1956 subsis-

67 2008 146 2064 tere.
178 1999 383 2082 Quapropter
412 2005 544 2063 oocatne
576 2006 624 2062 eet
646 1997 798 2062 dominus
829 1998 885 2076 N„
908 1999 996 2062 testis
1020 1999 1204 2082 arriperetur

65 2125 166 2189 super
175 2108 284 2190 primo
298 2114 330 2171 et
347 2107 461 2192 quinto
477 2106 613 2171 articulo
617 2121 632 2187 ‚·
644 2106 704 2188 qen·
723 2105 941 2188 interrepetus
951 2104 1018 2187 fnit
1035 2113 1067 2171 et
1079 2123 1207 2188 respon·

66 2215 117 2280 dit
130 2223 167 2280 ut
181 2216 327 2298 seqnitur
340 2237 350 2278 .·
363 2238 377 2274 s

112 2351 154 2420 Et
173 2351 218 2419 sic
239 2350 470 2420 examinentur
483 2355 578 2420 testes
590 2369 715 2438 omnes,
733 2348 842 2418 forma
861 2346 966 2436 solita,
982 2369 1083 2441 quam
1108 2371 1208 2442 supra

65 2457 303 2546 indicavimus;
317 2466 389 2529 tum
406 2457 596 2528 instituatur
608 2457 706 2527 etiam
730 2478 870 2525 examen
890 2478 989 2548 super
1001 2455 1154 2526 omnibus
1166 2455 1208 2525 ab

66 2566 251 2660 appellante
265 2566 411 2657 allegatis
425 2565 466 2635 ad
484 2564 690 2658 probandum
705 2565 869 2634 intentum
888 2586 997 2633 suum.
1012 2563 1115 2634 Verbi
1130 2586 1209 2654 gra-

65 2675 127 2762 tia,
143 2674 172 2742 si
188 2672 368 2767 praetendat
382 2695 423 2744 ex
438 2681 550 2743 ventre
564 2693 733 2766 processus
746 2693 903 2764 apparere
917 2693 1095 2762 gravamen
1110 2693 1208 2762 super

65 2781 157 2874 qnod
168 2780 352 2873 appellavit,
367 2781 429 2850 erit
439 2779 479 2850 de
494 2780 555 2850 hoc
566 2780 686 2850 veritas
693 2777 890 2871 inquirenda
901 2804 909 2847 :
922 2779 1000 2848 item
1009 2777 1037 2846 si
1049 2786 1209 2870 proponat

62 2891 154 2982 jura,
182 2888 317 2978 litteras,
344 2889 447 2958 aliare
472 2888 678 2974 documenta,
706 2887 768 2956 erit
792 2886 973 2957 videndum
1002 2908 1045 2955 an
1070 2886 1209 2977 probent

66 3018 247 3087 gravamen
267 2996 306 3065 de
333 3017 398 3088 quo
418 2995 583 3088 appellans
604 2995 764 3088 queritur.
789 2993 892 3064 Debet
910 3001 1020 3064 autem
1043 2993 1207 3063 actuarius

67 3111 170 3172 totam
187 3103 283 3172 telam
296 3102 455 3172 examinis
468 3124 566 3196 super
586 3101 637 3172 his
651 3101 805 3172 omnibus
818 3101 853 3170 in
868 3100 950 3171 actis
971 3099 1104 3170 referre.
1124 3102 1207 3171 Per-

67 3219 141 3278 acto
160 3217 268 3279 autem
283 3209 445 3302 ejusmodi
459 3210 624 3297 examine,
642 3217 816 3300 antequam
833 3207 876 3276 ad
897 3206 1090 3278 sententiam
1109 3204 1208 3277 deve·

68 3317 192 3404 niatur,
205 3317 359 3408 jubeatur
377 3315 554 3410 appellans,
570 3315 599 3383 si
617 3314 696 3408 quid
716 3315 807 3384 alind
826 3314 943 3384 habeat
962 3312 1208 3406 producendum

69 3445 262 3517 proponere.
281 3424 345 3507 Qui
360 3432 530 3517 postquam
547 3421 682 3510 dixerit,
698 3443 732 3490 se
750 3420 834 3490 nihil
848 3419 938 3492 aliud
958 3418 1207 3514 producendum

69 3530 204 3620 babere,
217 3531 333 3600 citetur
347 3529 388 3601 ad
402 3528 599 3601 audiendam
614 3527 816 3598 sententiam.

498 3762 641 3834 CAPUT
659 3761 778 3830 LXIV.

74 3963 178 4009 uoltus
192 3959 375 4008 PROOEDENDI
389 3959 510 4014 QUANDO
525 3958 695 4005 structuras
717 3957 892 4003 PRAETENDIT
914 3956 1005 4020 Acus,
1023 3957 1063 4002 ΔΙ)
1084 3955 1211 4002 eumcum

277 4079 294 4119 u
316 4077 357 4122 An
379 4075 462 4130 QUEM
486 4077 503 4118 t)
529 4073 731 4138 unarsutsss,
756 4073 857 4120 rutssn
879 4073 1017 4120 mura.

119 4248 133 4286 e
156 4225 350 4311 Comperur't
367 4240 479 4290 eorem
504 4223 634 4290 domino
655 4224 712 4303 N„
741 4223 867 4290 Vteerr'o
884 4221 1040 4306 peneretr‘,
1060 4219 1212 4286 dominus

74 4337 131 4419 N„
148 4333 315 4420 appellem
337 4333 396 4420 ent
407 4331 669 4418 reprendere
688 4332 723 4399 r'n
737 4349 833 4400 snam
850 4329 1000 4400 notitiem
1019 4331 1213 4414 pemmr‘sre,
