3050 4984
293 456 354 521 384
660 472 837 520 reserares
859 472 898 519 na
919 471 1052 519 morus.

295 622 311 660 a
335 592 500 685 inquisitis
510 592 551 662 de
565 593 1059 685 haeresiadvocatns,quousque
1071 600 1122 661 ter'
1133 591 1249 660 moniti
1261 588 1303 659 ab
1315 590 1430 682 inqui·
1513 660 1514 681 p

292 725 309 762 c
333 699 486 769 sitoribus
496 698 537 767 de
550 699 685 769 veritate
699 700 849 784 dicenda,
865 709 986 789 negant
1000 700 1124 767 crimen
1139 698 1301 789 objectum
1317 724 1325 765 ε
1342 706 1428 781 tum,

292 831 309 870 c
331 806 478 897 inquam,
492 815 623 896 propter
635 807 851 897 suspicionem
866 814 897 875 et
913 806 1050 875 dubium
1063 828 1103 874 er
1120 806 1293 895 negatione
1309 826 1430 895 prove·

292 938 309 977 a
332 914 438 997 niens,
455 912 543 1003 quod
557 914 684 981 crimen
699 913 860 1004 objectum
883 935 999 981 verum
1014 912 1148 997 nonsit,
1172 912 1269 981 datur
1289 911 1354 979 illis
1367 912 1431 979 ad·

292 1047 309 1085 c
331 1028 476 1087 vocatus.
505 1019 600 1089 Unde
623 1020 651 1086 si
677 1019 845 1088 manifeste
869 1028 992 1089 constet
1016 1020 1207 1111 inquisitum
1236 1020 1430 1087 hereticum

291 1154 308 1193 a
331 1150 411 1213 esse,
429 1129 540 1196 nullus
554 1126 730 1195 advocatus
744 1126 815 1217 ejus
840 1128 1056 1217 patrocinium
1081 1128 1191 1196 subire
1214 1137 1334 1219 posset,
1350 1127 1431 1218 qnia

291 1262 307 1300 a
330 1244 413 1303 esset
439 1234 667 1302 haereticorum
681 1235 789 1303 fautor
803 1242 833 1303 et
849 1233 1011 1321 delensor,
1038 1242 1070 1303 et
1093 1242 1258 1325 perpetum
1279 1232 1430 1301 inlamiae

291 1370 309 1407 a
332 1342 524 1433 subjaceret.
545 1340 635 1431 (Cap.
653 1342 693 1409 Si
706 1339 871 1422 aduersus,
888 1339 927 1409 dc
941 1341 1131 1429 Beretum.)

336 1448 539 1533 antecessio,
556 1469 613 1517 reo
628 1447 783 1539 inquisito
799 1447 917 1515 minori
932 1450 975 1514 25
990 1448 1084 1516 annis
1093 1446 1238 1515 dandum
1248 1468 1317 1515 esse
1332 1468 1433 1515 cura-

292 1583 310 1622 «
333 1562 449 1638 torem,
465 1562 502 1621 ut
515 1554 587 1646 ejus
601 1553 799 1622 authoritate
814 1553 1008 1623 accusationi
1020 1552 1222 1643 respondeat.
1239 1578 1257 1619 v

807 1776 828 1867 g
852 1774 909 1844 rx.

288 1922 354 1982 Quid
369 1922 417 1973 sibi
428 1921 562 1987 proprium
575 1921 679 1983 habeat,
692 1920 778 1985 quoad
789 1918 999 1985 appellationem,
1011 1933 1149 1985 processus
1166 1920 1192 1971 in
1206 1934 1284 1971 cauae
1290 1920 1432 1971 emensos

334 2097 368 2159 1⁰
382 2094 515 2162 Certum
530 2100 579 2161 est
600 2116 620 2162 a
636 2092 711 2183 jure
725 2091 881 2161 canonico
896 2091 1052 2181 denegari
1066 2092 1291 2183 appellationis
1304 2093 1434 2161 benefi-

289 2200 377 2268 cium
393 2200 446 2286 iis,
463 2201 522 2292 qni
538 2221 597 2291 per
611 2200 804 2268 sententiam
819 2198 1022 2267 definitivam
1049 2197 1201 2267 declarati
1226 2208 1303 2267 sunt
1318 2198 1435 2268 harre-

289 2307 356 2393 tici,
373 2317 405 2375 et
418 2317 455 2375 ut
467 2307 547 2374 tales
560 2304 778 2374 condemnati.
795 2305 928 2373 Constat
940 2326 981 2373 ex
997 2303 1147 2374 decretali
1163 2308 1205 2373 Ut
1212 2306 1435 2397 rnpumuencs

292 2414 341 2504 (de
367 2412 545 2493 Herelius,
563 2412 596 2479 in
623 2411 668 2501 b),
686 2411 743 2480 ubi
757 2410 804 2478 sic
818 2410 1003 2479 decernitur
1030 2439 1038 2478 ε
1068 2414 1153 2480 Cum
1169 2423 1241 2479 lam
1254 2410 1434 2480 secundum

289 2516 528 2585 ordinationem
550 2513 825 2606 predecessorum
839 2527 1039 2595 nestrorum,
1056 2536 1158 2605 paam
1180 2513 1356 2583 secundum
1382 2514 1434 2581 le-

289 2646 363 2713 pem
390 2622 607 2712 imperialem,
629 2621 860 2713 appellationis
890 2633 920 2688 et
942 2621 1216 2713 proclamationis
1242 2619 1436 2711 beneficium

290 2752 434 2822 expresse
446 2730 489 2797 sit
504 2728 662 2797 baereticis
683 2740 714 2795 et
728 2726 941 2808 credentibus,
964 2748 1004 2795 ac
1029 2750 1141 2796 eorum
1162 2726 1432 2818 receptatoribus,

287 2837 476 2929 fautoribus
491 2850 522 2904 et
538 2834 754 2926 defensoribus
777 2834 999 2903 interdictum.
1021 2861 1038 2899 a
1059 2835 1145 2903 Hinc
1169 2836 1217 2921 bt,
1240 2837 1438 2925 pronuntia-

295 2972 312 3010 α
335 2956 401 3013 tam
417 2944 608 3013 senteutiam
623 2943 781 3010 adversus
795 2942 998 3027 haereticum‚
1017 2964 1109 3033 passe
1123 2942 1234 3011 statim
1247 2942 1438 3011 executioni

295 3078 312 3114 a
337 3049 496 3133 mandari,
514 3070 573 3115 nec
588 3070 671 3139 opus
686 3071 755 3116 esse
771 3057 940 3139 expectare
956 3051 1133 3117 terminum
1148 3048 1259 3117 decem
1269 3050 1402 3118 dierum
1418 3074 1438 3117 a

296 3183 313 3220 a
334 3156 408 3247 jure
432 3177 618 3222 concessum
645 3154 685 3223 ad
712 3154 957 3245 appellandum,
973 3177 1048 3223 cum
1076 3155 1247 3246 appellatio
1271 3178 1340 3224 esse
1365 3178 1439 3225 non

296 3261 447 3354 «possit.
486 3288 504 3325 r>
537 3262 776 3352 (Castropalao,
808 3271 897 3353 parte
931 3266 966 3349 l,
998 3270 1134 3331 tractatu
1165 3268 1204 3348 4,
1234 3262 1355 3353 disput.
1393 3268 1436 3350 8,

294 3378 413 3460 puncto
427 3368 473 3458 7.)

337 3474 489 3544 Severam
503 3495 572 3543 esse
586 3474 705 3542 hancce
717 3473 803 3563 juris
818 3474 901 3541 sacri
916 3473 1160 3565 dispositionem
1173 3474 1286 3563 negari
1299 3476 1435 3565 nequit3

292 3592 403 3650 atvero
429 3580 550 3670 injusta
575 3602 781 3671 nequaquam
803 3582 983 3671 reputanda
999 3589 1056 3649 est.
1076 3580 1161 3649 Sunt
1175 3580 1262 3649 enim
1277 3581 1437 3671 quasdam

294 3689 409 3758 delicta
423 3687 503 3755 adeo
527 3686 671 3755 societati
693 3686 820 3773 nociva,
836 3694 868 3755 et
890 3687 1111 3757 subversionis
1135 3687 1317 3779 perieulum
1334 3688 1436 3757 indu-

294 3796 410 3881 centia,
428 3803 463 3861 ut
472 3792 671 3881 legislatores
685 3815 798 3861 amnes
814 3793 990 3883 prudenter
1006 3795 1250 3880 estimaverint,
1267 3794 1301 3862 in
1328 3796 1368 3863 iis
1378 3795 1439 3886 jus

293 3899 440 3974 dicendis
460 3897 696 3967 concedendam
721 3920 787 3967 non
814 3922 884 3968 esse
904 3900 1156 3991 appellationum
1174 3910 1207 3969 et
1219 3900 1364 3991 plurium
1383 3904 1439 3971 in-

293 4006 485 4076 stantiarum
504 4003 699 4071 facultatem.
716 4002 785 4071 Hac
801 4003 841 4071 de
856 4026 964 4089 causa,
984 4004 1075 4071 verbi
1087 4004 1206 4094 gratia,
1222 4009 1311 4095 apud
1328 4005 1439 4074 tribu-

293 4114 380 4181 nalia
396 4112 548 4179 militaria
562 4108 734 4177 damnatus
749 4108 841 4177 miles
857 4110 1020 4201 appellare
1036 4111 1149 4202 nequit
1158 4137 1168 4197 ;
1181 4120 1277 4202 atque
1290 4112 1376 4181 idem
1394 4112 1438 4183 ad

294 4219 454 4313 quoslibet
477 4218 564 4286 cives
585 4216 785 4303 extenditur,
803 4216 934 4307 quando
947 4240 988 4286 ex
1007 4217 1240 4287 malevolorum
1257 4218 1439 4291 molimini-
