3050 4984
287 466 348 530 etl
660 484 834 531 rmcrsms
856 485 895 531 nn
916 484 1049 531 rourum

282 613 347 681 cilii
363 612 539 681 decisiones
554 612 703 683 iudicatas
722 614 825 683 videri
840 622 975 705 possum
987 613 1023 680 in
1038 612 1260 703 manuscripto
1274 612 1328 681 cui
1341 612 1425 679 titu-

282 719 347 805 lus,
363 722 476 787 Socra
499 720 767 811 Conprepaticnis
784 720 920 790 Concidit
935 718 1168 788 declarationes
1183 718 1285 787 versic
1308 730 1340 785 et
1366 714 1426 785 ‹le-

281 838 391 907 crela,·
405 824 493 917 quod
525 826 783 917 manuscriptum
810 836 996 897 asservatur
1021 826 1138 894 Rome
1166 826 1202 892 iu
1229 823 1427 893 bibliotheca

281 932 472 1001 Gorsiuions
497 933 627 1025 (pagina
652 938 716 1001 255
733 934 815 1002 tomi
841 933 953 1025 primi,
969 932 1031 1000 sub
1045 951 1184 1002 numero
1200 934 1241 999 30
1258 930 1423 1009 annotati3

280 1047 311 1107 et
327 1040 445 1129 pagiua
462 1044 502 1107 55
518 1062 538 1108 a
552 1049 656 1131 tergo,
673 1041 753 1109 tomi
768 1039 933 1131 secundi).

326 1145 471 1214 Ecilatis
486 1145 691 1215 documentis
703 1146 833 1217 abunde
846 1157 943 1240 atquc
965 1147 1087 1217 invicte
1109 1146 1184 1215 lluit
1196 1146 1265 1214 hac
1290 1144 1426 1214 conclu·

279 1254 341 1339 sio,
371 1276 485 1323 revera
499 1255 668 1347 Episcopis
683 1263 867 1346 competere
893 1255 1064 1347 prelatum
1081 1276 1122 1323 ec
1145 1254 1329 1345 informato
1343 1273 1428 1319 con-

278 1362 411 1429 scientia
426 1361 600 1430 sententies
615 1361 742 1430 lerendi
758 1369 960 1453 potestatem.

324 1468 482 1539 Pnonurio
494 1468 564 1537 111·.
581 1506 626 1521 -
636 1472 693 1537 Ec·
703 1469 870 1537 communi
877 1468 1048 1537 doctorum
1058 1468 1228 1538 enitentia.
1242 1506 1286 1519 -
1298 1467 1427 1557 Super-

279 1598 458 1646 vacaneum
499 1575 584 1646 foret
619 1599 691 1647 eam
729 1577 815 1669 juris
844 1578 929 1645 sacri
968 1576 1148 1668 peritorum
1177 1575 1427 1645 consensionem

279 1682 481 1753 documentis
511 1683 662 1774 probare,
692 1705 782 1769 cum,
808 1692 881 1775 post
897 1691 990 1752 notas
1016 1682 1127 1751 Sacra
1151 1682 1428 1772 Congregationis

279 1790 414 1859 Consilii
438 1790 675 1882 responsiones,
703 1789 882 1859 catholicus
909 1791 1047 1881 quisque
1073 1790 1211 1881 scriptor
1238 1788 1427 1879 generalem

279 1918 378 1987 quam
394 1904 525 1964 tuemur
542 1896 662 1965 thesim
675 1919 735 1987 pro
749 1905 836 1965 certa
851 1896 1016 1965 hebuerit.
1030 1896 1138 1983 Unde,
1152 1896 1180 1963 si
1193 1918 1258 1987 qua
1269 1895 1429 1963 remansit

279 2010 433 2103 opinandi
460 2012 610 2099 varietas,
633 2013 718 2081 circa
743 2012 889 2104 preslstae
914 2011 1149 2104 Episcopcrum
1172 2012 1338 2103 potestatis
1363 2033 1431 2079 ex·

279 2119 460 2187 tensionem
488 2118 658 2189 dumtaxat
685 2130 716 2187 et
741 2119 862 2188 limites
887 2127 957 2188 tota
980 2127 1142 2187 versatur.
1170 2118 1284 2187 Solent
1312 2125 1427 2186 autem

280 2226 447 2315 materiam
465 2226 548 2295 huuc
561 2236 712 2295 excutere
725 2227 917 2312 canonista,
930 2226 988 2294 ubi
1002 2225 1179 2318 explanant
1203 2233 1300 2318 caput
1322 2247 1430 2317 quar-

280 2342 364 2419 tum,
389 2333 542 2424 quintum
558 2342 590 2401 et
610 2333 775 2402 decimum
790 2334 966 2425 septimum
981 2333 1069 2401 tituli
1086 2336 1140 2419 ll,
1155 2333 1231 2401 libri
1245 2332 1344 2424 primi
1359 2332 1432 2401 lle-

281 2439 461 2509 cretalium.

324 2546 484 2616 Pnonsrio
498 2546 571 2615 lV2.
587 2584 633 2599 -
657 2550 714 2616 Ec
728 2548 819 2616 bullo
834 2550 1010 2615 Auctorem
1027 2546 1114 2615 fidei.
1143 2584 1188 2599 -
1201 2546 1290 2615 luter
1319 2546 1430 2615 varias

278 2652 396 2745 synodi
412 2654 616 2723 Pistorieusis
631 2652 801 2723 damnatas
822 2654 1072 2747 propositiones,
1099 2654 1309 2745 reperiuntur
1333 2653 1427 2739 duae,

281 2781 356 2849 quae
370 2760 531 2848 legitimus
545 2761 707 2849 negabunt
722 2783 763 2828 ec
777 2762 958 2852 informato
970 2761 1164 2829 eomcientic
1182 2760 1426 2851 suspensiones.

279 2864 340 2933 Eas
352 2866 385 2933 iu
403 2865 537 2957 praelate
551 2866 641 2933 bulla
656 2868 793 2934 confixit
806 2867 887 2936 Pius
900 2866 946 2937 Vl
961 2866 1012 2934 his
1027 2867 1136 2935 verbis
1154 2890 1161 2931 :

331 2976 416 3040 ull.
435 2974 514 3041 ltem
530 2994 605 3065 quce
619 2972 753 3042 damnat
776 2983 812 3042 ut
826 2973 934 3041 nullas
957 2982 989 3041 et
1015 2973 1178 3042 invalidus
1199 2976 1431 3066 suspensiones
1513 3057 1514 3062 ἵ

288 3108 305 3146 a
328 3102 369 3147 ex
397 3080 571 3149 iulormuta
586 3082 792 3168 couscientia,
813 3119 858 3132 -
878 3080 988 3163 Falso,
999 3081 1195 3173 pernicioso,
1212 3082 1249 3149 io
1264 3080 1429 3150 Tridenti-
1512 3127 1513 3162 ;

288 3214 305 3253 u
329 3209 410 3255 num
426 3186 601 3278 injurioso.
620 3214 637 3252 n

333 3320 350 3359 u
368 3298 420 3362 50.
438 3294 521 3361 Item
535 3296 570 3361 in
584 3318 622 3363 eo
637 3294 724 3385 quod
740 3296 884 3364 insinuat
899 3296 960 3364 soli
973 3296 1132 3387 Episcopo
1148 3296 1196 3365 las
1208 3318 1274 3364 non
1293 3318 1364 3365 esse
1380 3298 1432 3366 uti

288 3427 306 3467 a
329 3410 495 3491 potestate,
511 3423 611 3492 quam
627 3409 735 3469 tumen
750 3401 780 3469 ei
795 3402 899 3470 defert
913 3403 1145 3472 Tridentinum
1163 3407 1253 3496 (sess.
1274 3407 1328 3491 ll,
1344 3428 1373 3473 c.
1395 3408 1430 3493 1,

286 3534 304 3575 a
326 3506 365 3575 dc
376 3510 475 3598 defi),
485 3509 706 3599 suspensionis
720 3531 761 3577 ec·
775 3509 1158 3599 informatoconscientin
1173 3511 1320 3601 legitime
1333 3512 1430 3580 inlli-

288 3641 306 3679 u
329 3614 459 3703 gendae,
473 3652 517 3665 -
527 3614 768 3683 lierisdictionis
780 3617 1000 3684 Preelotorum
1010 3618 1161 3685 Ecclesiae
1174 3619 1296 3688 Iacca
1313 3646 1331 3684 n
1349 3620 1433 3689 lleec

229 3704 233 3717 ¹
285 3720 429 3812 prolecto
445 3720 540 3788 dictae
557 3722 654 3790 bullae
678 3723 791 3809 verbs,
807 3744 873 3792 nou
897 3732 1021 3793 tantum
1036 3724 1152 3793 thesim
1169 3724 1221 3793 bic
1235 3748 1433 3817 propugna-

285 3836 352 3895 tnm
367 3827 502 3895 omuino
517 3836 637 3895 certum
653 3828 791 3915 faciunt,
808 3830 863 3898 sed
879 3839 911 3898 et
929 3832 1124 3899 contrariam
1139 3832 1328 3922 opinionem
1345 3833 1433 3903 iuter

287 3932 456 4002 damnatas
469 3934 503 4001 in
520 3943 711 4024 perpetuum
725 3936 928 4025 ablegarunt.
