3050 4984
557 456 632 502 rens
654 454 810 501 smenon..
1184 434 1241 499 151

106 602 124 640 e
146 576 317 645 emendari
329 599 422 669 posse
436 600 539 671 usque
553 577 594 646 ad
608 576 816 662 mutandam,
832 575 949 645 relusis
958 582 1069 645 temen
1078 576 1243 666 expensis,

107 708 124 748 ι
147 704 204 753 reo
218 706 278 776 per
291 685 442 776 ineptum
456 686 606 755 libellum
621 683 801 753 ceumtis...

146 792 190 859 ll.
210 818 229 856 (ι
249 793 296 862 llc
311 794 494 862 mutatione
512 792 614 862 libelli
632 791 710 860 satis
728 791 881 860 convenit
900 792 984 859 inter
1006 791 1152 859 doctores
1172 813 1246 861 eum

105 927 123 964 u
146 906 222 969 ante
236 900 503 970 contestationem
515 900 582 968 litis
594 899 695 967 actori
710 898 905 990 permissam
921 918 1009 984 esse3
1027 896 1072 965 ita
1084 904 1195 966 tamen
1209 905 1247 966 ut

105 1033 122 1071 ι
145 1029 186 1076 eo
204 1029 284 1075 casu
301 1030 358 1076 reo
376 1006 595 1076 concedantur
612 1026 708 1074 novae
728 1003 868 1073 induciae
885 1004 926 1073 ad
947 1003 1193 1073 deliberandum
1214 1012 1246 1073 et

105 1144 121 1179 ι
144 1114 377 1184 instruendum
395 1136 429 1183 sc
447 1136 508 1206 pro
528 1113 584 1181 lite.
601 1112 728 1200 brtura3
749 1120 782 1181 et
800 1114 826 1181 si
849 1112 891 1180 ob
912 1112 1009 1181 talem
1029 1112 1243 1181 variationem

105 1250 121 1287 u
145 1220 289 1313 majores
303 1222 406 1290 lacere
421 1242 580 1312 expensas
593 1220 718 1307 debuit,
735 1220 766 1288 ei
781 1219 853 1287 hee
868 1226 1160 1310 compensentur...

143 1328 202 1396 llI.
226 1328 312 1395 «An
327 1328 425 1396 etiam
440 1336 513 1419 pest
531 1334 743 1396 contestatam
754 1325 825 1417 jum
841 1324 932 1393 litem
951 1334 1078 1393 mutare
1096 1323 1242 1393 libellum

103 1462 120 1499 ι
142 1435 253 1520 liceat,
269 1442 518 1503 controversum
532 1442 581 1503 est
593 1434 678 1503 inter
692 1432 909 1503 doctores...»
923 1431 1242 1523 (Scbmslzgruober,

98 1544 133 1609 in
150 1542 200 1610 tit.
221 1545 255 1627 3,
270 1541 349 1609 libri
362 1546 382 1609 2
394 1542 536 1627 Decrct.,
552 1542 574 1633 ᾖ
591 1543 624 1629 1,
640 1563 675 1609 n.
693 1540 762 1625 ts.)

140 1652 242 1719 Nota.
260 1649 417 1717 Advertel
433 1648 535 1716 lector
551 1669 611 1716 nos
630 1647 665 1715 iu
680 1647 836 1740 prasenti
850 1646 953 1737 capite
969 1654 1119 1715 tracnsse
1140 1643 1240 1713 simul

99 1755 138 1822 de
153 1755 264 1824 libello
283 1754 447 1823 criminali
462 1763 494 1823 et
516 1753 621 1840 civili3
640 1776 681 1821 ne
703 1753 823 1822 scilicet
842 1752 942 1839 inira,
964 1751 1045 1821 dum
1066 1759 1182 1842 agetur
1201 1751 1242 1820 dc

99 1885 217 1930 norma
238 1884 407 1951 processus
426 1844 534 1935 civilis
553 1860 770 1947 ecclesiastici,
794 1860 899 1928 multa
920 1860 1078 1929 inutiliter
1097 1868 1240 1951 repetere

100 1990 303 2059 cogeremur.

550 2182 695 2252 CAPUT
725 2184 782 2251 lll.

380 2395 418 2439 DE
440 2393 633 2441 VlSl‘l’A'l'lONll
653 2392 798 2440 CORPORIS
821 2393 947 2441 nullust.

138 2612 329 2680 Crimiualis
342 2634 511 2704 processus
523 2613 621 2681 telam
637 2610 874 2703 persequendo,
887 2620 960 2703 post
972 2612 1117 2681 delatum
1131 2612 1172 2681 ad
1181 2614 1236 2705 ju-

22 2724 23 2746 *
98 2718 202 2787 dicem
218 2718 375 2788 delictum
394 2720 474 2811 (sive
488 2742 546 2810 per
557 2718 705 2786 libellum
721 2719 972 2807 accusatorium,
988 2719 1056 2788 sive
1070 2741 1129 2811 per
1143 2720 1237 2789 libel·

22 2859 23 2862 *
98 2825 165 2892 lnm
185 2826 478 2913 denuntiatorium,
498 2826 567 2896 sive
585 2848 642 2917 per
665 2824 791 2894 famem
813 2824 1004 2917 publicam),
1026 2832 1100 2894 aute
1119 2838 1237 2897 caetcra

98 2932 220 3020 omnia,
241 2933 383 3002 occurrit
401 2933 548 3001 facienda
567 2932 710 3025 corporis
734 2932 845 3001 delicti
862 2932 1016 3001 visitatio.
1035 2934 1104 3003 Hoc
1123 2944 1233 3005 eutem

98 3040 228 3108 nomine
251 3049 386 3110 vocatur
409 3037 590 3131 juridicum
612 3061 753 3108 examen
773 3038 813 3107 de
833 3038 1054 3109 materialibus
1074 3042 1232 3132 vestigiis,

98 3168 168 3235 quae
178 3168 220 3216 ex
230 3154 357 3237 patrato
366 3146 483 3214 delicto
494 3154 734 3227 remanserunt,
745 3152 777 3213 ct
791 3168 833 3213 ex
845 3145 965 3236 quibus
974 3153 1119 3216 mustene
1131 3159 1235 3240 potest

99 3252 248 3323 delictum
278 3274 393 3323 revera
419 3252 460 3320 ab
489 3252 599 3342 aliquo
627 3252 727 3321 luisse
752 3260 930 3343 patratum.
962 3253 1000 3322 ln
1027 3277 1093 3345 qua
1120 3258 1233 3349 expla-

22 3351 23 3366 ’
100 3359 199 3429 nanda
226 3360 362 3428 materia
386 3358 490 3427 solent
514 3358 660 3427 doctores
685 3357 925 3427 distinctionem
952 3364 1152 3450 praemittere
1176 3363 1233 3434 de-

22 3467 23 3538 }
99 3466 245 3536 lictorum
261 3467 345 3559 sacti
352 3466 590 3558 permanentis,
608 3464 642 3534 id
660 3472 721 3552 est,
742 3489 818 3557 quse
836 3465 972 3556 vestigia
993 3476 1064 3557 post
1084 3491 1117 3537 sc
1131 3470 1232 3541 relin-

22 3611 23 3662 3
98 3586 207 3663 qnnnt,
227 3584 260 3644 et
281 3574 477 3643 delictorum
493 3572 579 3664 facti
598 3572 807 3654 trumcuntis,
825 3594 898 3663 quae
913 3572 1053 3663 vestigia
1066 3575 1229 3666 ejusmodi

22 3737 23 3750 .
100 3702 202 3750 suum
220 3703 288 3750 non
310 3679 456 3749 trahunt.
477 3680 716 3766 Homicidium,
736 3680 831 3747 verbi
851 3679 968 3769 gratie,
991 3689 1023 3749 et
1041 3682 1229 3754 incendium

22 3783 23 3836 l
101 3785 221 3876 domus,
252 3796 329 3856 sunt
353 3786 469 3857 delicta
496 3786 572 3856 lacti
599 3786 833 3877 permanentis,
860 3786 937 3878 quia
963 3798 1109 3857 remanet
1136 3792 1231 3860 cada-

100 3914 162 3981 ver,
186 3904 218 3964 et
240 3903 390 3965 ustarum
416 3894 539 3964 aedium
564 3894 679 3963 ruinae.
704 3894 733 3962 Ε
754 3900 867 3962 contra
887 3894 1036 3985 injurius,
1066 3905 1098 3965 et
1121 3920 1230 3968 sermo

102 3996 297 4090 bemticalis,
307 4009 384 4071 sunt
397 4000 475 4069 lacti
489 4000 685 4070 transeuntis
696 4027 705 4087 ;
717 4001 795 4091 quia
806 4022 847 4069 cx
859 4000 971 4070 vcrbis
982 4003 1083 4070 semel
1097 4006 1230 4094 prolatis

22 4179 23 4184 ,
102 4105 219 4176 nulum
241 4106 410 4177 materiale
429 4106 608 4197 vestigium
630 4115 788 4175 remanet.
809 4106 937 4189 Quibus
955 4110 1156 4198 proruatis,
1178 4113 1229 4181 di-

22 4235 23 4240 *
104 4233 225 4283 cimus:
