3050 4984
569 516 643 567 rans
665 518 811 567 monna.
1191 498 1255 565 270

168 640 199 706 l·
220 639 328 707 Potest
344 636 448 730 judex
471 662 492 710 c
518 662 581 731 quo
609 640 802 731 praedictum
827 640 961 730 triginta
981 639 1110 709 dierum
1135 647 1263 732 tempus

124 744 322 832 abbreviare,
342 752 374 814 et
393 746 568 838 appellanti
585 746 752 835 assignare
769 746 940 816 arctiorem
959 748 1135 817 terminum
1150 748 1191 816 ad
1207 770 1264 839 pe-

125 852 234 921 tendos
250 852 425 943 apostolos.
444 853 517 935 Quo
533 854 643 945 elapso
663 853 816 940 termino,
839 853 867 921 si
889 853 1056 946 appellans
1079 877 1135 923 ecs
1157 862 1265 946 petere

126 958 315 1049 neglexerit,
344 967 493 1028 censetur
521 959 735 1051 appellatione
766 959 980 1045 renuntiasse,
1011 960 1145 1051 perinde
1172 983 1209 1029 ac
1237 962 1265 1029 si

125 1065 223 1157 elapsi
245 1066 351 1134 forent
370 1070 411 1133 00
430 1064 499 1133 dies
520 1066 560 1135 de
581 1066 655 1157 jure
678 1067 845 1136 communi
871 1067 1025 1136 concessi.
1047 1068 1096 1137 lta
1117 1068 1264 1137 dccwres

124 1172 346 1241 communiter.
366 1172 463 1261 (Vide
477 1173 780 1265 Scbmnlzgruebcr,
797 1174 833 1241 in
847 1174 897 1241 tit.
916 1178 971 1261 28,
993 1174 1069 1243 libri
1085 1178 1104 1243 2
1121 1175 1263 1262 liceret,

123 1303 155 1345 n.
182 1284 238 1365 773
257 1302 382 1349 necnon
401 1280 613 1367 Leurcniurn,
630 1281 701 1351 loco
718 1280 958 1373 supracitato.)
984 1282 1189 1351 Probabilius
1210 1290 1265 1351 ta-

124 1408 197 1455 men
217 1408 283 1456 non
304 1396 411 1478 posset
422 1388 525 1478 judex
545 1412 566 1457 a
587 1410 651 1481 qao
673 1388 784 1480 pluras
800 1410 900 1478 quam
923 1390 963 1455 30
985 1386 1055 1456 dies
1075 1387 1262 1459 concedere.

166 1498 199 1561 5⁰
214 1496 245 1563 A
259 1516 324 1585 quc
336 1504 479 1586 tempore
491 1518 622 1565 canere
633 1496 790 1587 incipiant
805 1498 846 1563 30
860 1494 929 1563 dies
943 1493 985 1563 ad
1001 1495 1155 1587 petendos
1167 1518 1266 1588 apos-

122 1600 204 1671 tolos
225 1602 382 1689 concessi,
410 1603 494 1671 inter
520 1602 666 1671 doctores
689 1602 956 1671 controvertitur.
984 1602 1050 1671 Alii
1075 1602 1187 1671 volunt
1212 1626 1267 1671 cos

122 1731 251 1779 currere
276 1733 296 1777 a
318 1708 370 1779 die
396 1710 471 1779 latae
495 1710 664 1779 sententie
689 1736 697 1777 ι
718 1710 778 1777 alii
803 1732 824 1777 a
847 1709 901 1778 die
928 1709 1127 1801 interpositas
1154 1710 1266 1800 appel-

121 1816 250 1885 lationis
269 1843 276 1884 :
294 1816 350 1885 alii
365 1840 385 1886 a
399 1816 452 1885 die
467 1839 533 1907 quo
554 1816 669 1885 notitia
682 1816 722 1885 de
738 1818 899 1885 sententia
912 1817 977 1885 lata
991 1815 1032 1885 ad
1051 1816 1267 1909 appellantem

121 1923 279 2013 pervenit.
309 1922 406 2013 (Vide
428 1922 730 2012 Sahmalzgruebcr,
758 1922 792 1990 in
820 1922 872 1990 tit.
897 1924 953 2009 28,
978 1922 1054 1989 libri
1077 1925 1097 1990 2
1123 1922 1266 2009 Decret,

123 2052 154 2096 n.
173 2029 245 2120 76.)

165 2142 197 2205 0·
212 2136 278 2220 Qui
293 2137 455 2227 apostolos
476 2138 567 2227 petiit
582 2146 613 2205 et
635 2135 791 2221 obtinuit,
815 2143 943 2205 tenetur
957 2134 1044 2205 intra
1057 2144 1198 2227 tenpus,
1215 2136 1267 2205 vel

120 2242 237 2334 ajune,
255 2242 307 2311 vel
318 2266 338 2311 a
348 2243 456 2335 judice
469 2265 491 2311 c
506 2264 584 2333 quo,
607 2240 796 2333 praefixum,
816 2240 1067 2333 appellationem
1083 2264 1177 2310 suam
1191 2265 1267 2311 cum

118 2350 274 2441 apostolis
283 2349 387 2441 judici
401 2349 447 2417 ad
460 2372 557 2441 quem
578 2348 745 2418 insinuare
759 2371 817 2417 sau
832 2349 1011 2439 porrigere.
1033 2348 1128 2439 (Vide
1144 2349 1267 2439 proba-

119 2468 190 2526 tum
205 2458 292 2548 apud
308 2457 520 2543 Lcurenium,
543 2457 596 2525 cit.
615 2457 711 2546 loco.)

164 2569 199 2631 7⁰
214 2566 323 2633 Potest
335 2564 439 2656 judex
454 2587 476 2632 a
486 2587 550 2656 quo
563 2562 740 2655 appellanti
750 2563 921 2655 praeligare
935 2562 1113 2632 terminum
1123 2562 1165 2633 ad
1178 2586 1266 2656 pras-

118 2670 295 2741 sentandos
315 2670 478 2763 apostolos
496 2670 598 2761 judici
620 2669 667 2739 ad
685 2692 796 2761 quern.
819 2668 938 2761 Elapso
953 2667 1015 2737 boc
1034 2670 1175 2739 termino
1197 2671 1267 2762 (qui

117 2785 250 2871 tempus
275 2776 519 2848 introducendas
544 2777 769 2868 appellabonis
798 2775 907 2847 vocari
935 2775 1041 2865 solet),
1074 2776 1102 2843 si
1127 2776 1264 2867 apostoli

113 2884 220 2975 judici
233 2882 387 2976 adquam
403 2907 470 2953 non
485 2883 606 2953 luerint
618 2882 771 2971 exhibiti,
784 2883 958 2975 appellatio
973 2881 1101 2952 deserta
1115 2893 1265 2953 censetur

117 3002 148 3061 ct
162 2992 315 3062 afficitur.
333 2992 538 3083 (Laureolus,
556 2992 626 3060 loen
640 2992 708 3081 cit.)

164 3104 196 3167 0ο
212 3098 249 3168 Si
260 3097 364 3191 judea
383 3121 483 3191 aquo
500 3097 627 3167 nullum
653 3098 844 3190 praescribat
859 3099 1034 3167 terminum
1056 3098 1097 3167 ad
1118 3120 1265 3189 pressen-

116 3207 235 3276 tandos
253 3206 414 3297 apostolos
432 3205 535 3298 judici
558 3205 605 3275 ad
629 3228 737 3297 quens,
766 3206 926 3274 terminus
952 3204 1006 3273 ille
1027 3213 1172 3274 remanet
1193 3206 1264 3297 ipso

113 3315 189 3407 jure
206 3313 434 3405 praecriptum
447 3320 559 3405 estque
574 3336 632 3381 sax
650 3313 823 3399 mensium,
839 3335 859 3381 a
874 3312 927 3380 die
941 3311 1139 3403 interpositae
1151 3312 1263 3404 appel-

115 3422 250 3491 lationis
274 3418 565 3489 nnmerandcrum.
594 3418 659 3487 Sed
685 3418 780 3489 multi
803 3429 951 3487 auctores
969 3426 1085 3510 putant
1103 3418 1263 3511 ejusmodi

117 3531 297 3599 terminum
318 3526 413 3596 hodie
428 3548 497 3595 esse
512 3526 734 3612 arbitrarium,
751 3525 861 3612 idest,
879 3525 1014 3595 arbitrio
1027 3525 1148 3616 judicis
1163 3550 1184 3593 a
1198 3548 1262 3616 quo

116 3636 282 3705 relictum.
314 3634 410 3726 (Vide
438 3637 564 3703 Forum
592 3633 844 3703 ecclesiasticum
868 3632 1038 3719 Lcurenii,
1065 3633 1101 3701 in
1127 3634 1175 3702 tit.
1206 3637 1261 3720 28,

116 3743 229 3812 libri2
249 3741 392 3827 Deerat,
410 3764 442 3832 q.
464 3743 562 3829 1030,
579 3763 611 3809 n.
633 3738 680 3829 l.)

160 3849 307 3931 Quasno
329 3850 375 3915 θ’.
392 3884 437 3899 ·-
460 3844 631 3931 Quomodo
649 3846 720 3937 peti
738 3860 768 3914 et
793 3844 925 3919 concedi
945 3844 1082 3914 debeam
1101 3846 1264 3935 apostoli?

114 3994 159 4009 -
171 3960 204 4023 1⁰
218 3954 377 4037 Quamvis
388 3954 567 4023 consultius
576 3953 617 4021 sit
628 3974 682 4021 eos
693 3953 760 4045 peti
775 3954 808 4021 in
823 3953 966 4044 scriptis,
984 3951 1018 4020 id
1029 3962 1137 4021 tamen
1153 3974 1262 4022 neces-

114 4062 243 4133 sarium
258 4085 324 4132 non
340 4084 433 4153 posse
446 4060 581 4131 tradunt
595 4060 813 4131 communiter
824 4069 982 4129 auctores.

160 4174 197 4237 2⁰
212 4168 354 4239 Concedi
369 4176 476 4237 autern
493 4168 527 4237 in
544 4167 672 4258 scriptis
693 4166 830 4254 debent,
847 4174 880 4235 et
895 4218 905 4253 ,
921 4176 957 4234 ut
969 4164 1095 4235 addunt
1115 4168 1265 4237 nonnulli

115 4286 266 4348 auctores
282 4283 354 4371 post
366 4276 506 4367 glossam
525 4275 572 4367 (in
583 4274 821 4345 Clementinam
840 4272 1009 4360 mamas,
1025 4270 1263 4368 demoliar),
