3050 4984
584 492 659 543 anns
681 496 827 543 secusne.
1206 469 1270 541 357

126 612 436 703 extra-judicialiter
461 614 503 681 ab
529 612 634 683 officio
660 614 881 705 suspendere,
912 636 979 683 non
1006 614 1154 705 seqnitur
1180 634 1273 704 posse

128 717 247 785 eadem
269 718 323 787 vie
337 719 534 811 suspendere
548 743 568 787 a
583 719 751 789 beneficio.

177 829 209 892 2.
237 826 302 893 Nec
322 827 425 895 robur
446 826 543 895 habet
569 827 707 896 alterum
730 835 984 915 argumentum,
1010 826 1133 895 includi
1158 850 1278 918 nempe

128 939 320 1019 potestatem
341 933 646 1024 extra-judicialiter
661 957 681 1001 s
696 934 853 1001 beneficio
867 933 1098 1024 suspendendi,
1116 934 1150 1001 in
1170 934 1277 1002 facul·-

129 1046 195 1105 tate
217 1061 237 1106 a
257 1038 450 1107 Tridentina
471 1039 595 1127 synodo
618 1039 784 1130 Episcopis
806 1062 968 1125 concessa,
993 1039 1211 1131 suspendendi
1234 1042 1277 1109 ab

129 1144 308 1226 ordinibus,
324 1146 552 1235 dipsitotibus
566 1145 722 1236 ,trudibus
733 1158 764 1213 et
777 1146 967 1214 bonoribus.
983 1146 1068 1214 Nam
1079 1145 1276 1215 beneficium

128 1274 197 1319 non
213 1260 260 1319 est
273 1251 367 1337 ordo,
382 1275 441 1321 nec
456 1252 609 1341 dignitas,
626 1274 684 1321 nec
703 1252 839 1342 gradus,
857 1274 916 1320 nec
930 1252 1036 1320 bonor
1051 1253 1086 1319 in
1105 1274 1202 1321 sensu
1217 1253 1277 1344 jn-

128 1359 191 1442 ris;
209 1382 246 1426 ac
262 1357 400 1449 proinde
415 1359 516 1449 gratis
532 1360 687 1427 asseritur
702 1360 763 1427 snb
777 1359 830 1427 bis
847 1357 1168 1427 denominationibus
1182 1383 1274 1429 com·

128 1464 302 1555 prehendi.
319 1464 405 1535 Cum
419 1475 530 1533 antem
542 1464 673 1534 aliunde
689 1465 919 1533 Tridentinum
933 1464 1016 1533 illud
1030 1465 1196 1534 decretum
1206 1466 1277 1557 juri

127 1572 299 1640 communi
315 1570 480 1661 derogatio
496 1572 548 1657 sit,
569 1572 678 1639 stricte
697 1581 745 1640 est
761 1571 1063 1663 interpretandum
1086 1572 1131 1640 ita
1147 1582 1182 1641 ut
1196 1572 1276 1665 Epi-

127 1678 234 1768 scopis
250 1678 295 1746 ibi
317 1700 507 1747 concessum
528 1678 700 1747 dumtaxat
717 1678 917 1746 censendum
938 1678 991 1763 sit,
1014 1678 1101 1769 qnod
1126 1678 1222 1747 elaris
1245 1686 1279 1747 et

126 1786 292 1874 expressis
308 1786 416 1854 verbis
429 1785 631 1853 enuntiatur.

174 1892 229 1959 111.
261 1892 465 1961 probabilius
492 1902 558 1977 est,
593 1898 715 1959 attento
752 1890 944 1959 Tridentino
979 1900 1084 1978 textu,
1115 1892 1276 1985 Episcopo

127 2020 196 2066 non
217 2008 400 2089 competere
425 1998 621 2066 abeneficio
644 1997 950 2087 extra-judicialiter
972 1997 1193 2088 suspendendi
1217 2021 1276 2089 po-

127 2112 290 2172 testatem.
312 2105 396 2173 Nam
419 2126 484 2173 non
508 2106 577 2171 sine
600 2104 759 2195 mysterio
774 2104 957 2173 Tridentini
980 2104 1104 2187 Patres,
1127 2104 1207 2172 dnm
1228 2105 1277 2174 ia-

127 2210 281 2279 cultatem
308 2212 466 2302 Episcopo
491 2212 637 2279 iecernnt
656 2208 876 2301 suspendendi
895 2212 937 2278 ab
957 2210 1136 2290 ordinibus,
1161 2211 1277 2301 digui-

127 2319 262 2399 totibus,
285 2318 454 2409 praedibus,
476 2319 664 2399 bonoribus,
688 2319 870 2386 omiserunt
889 2340 944 2385 eas
961 2341 1054 2385 voces
1069 2331 1099 2385 et
1115 2342 1135 2384 u
1154 2318 1277 2409 benefi-

125 2425 197 2493 ciis.
219 2426 253 2493 Si
267 2428 357 2493 enim
376 2426 554 2495 voluissent
571 2426 817 2516 suspensionem
833 2424 932 2492 etiam
952 2425 1151 2492 abenefieiis
1167 2426 1202 2492 in
1215 2448 1276 2495 sno

125 2532 256 2599 decreto
279 2531 571 2623 comprehendere,
600 2532 633 2599 id
655 2531 842 2622 exprimere
869 2553 927 2598 nec
953 2530 1046 2599 obliti
1070 2540 1188 2617 essent,
1216 2556 1276 2601 nec

125 2639 244 2709 inutile
260 2648 471 2731 reputassent.
490 2643 597 2731 Atque
613 2637 688 2707 inde
703 2640 786 2707 mibi
803 2638 933 2707 videtur
953 2638 1032 2707 satis
1046 2639 1140 2707 innui
1158 2662 1274 2709 eornm

123 2754 290 2831 mentem,
308 2768 362 2815 eos
376 2745 495 2813 scilicet
511 2745 667 2829 noluisse,
686 2754 721 2813 ut
736 2768 778 2812 ex
798 2744 974 2813 informata
985 2746 1183 2814 conscientia
1198 2768 1272 2837 pos-

123 2864 199 2919 sent
211 2852 362 2942 Episcopi
377 2850 689 2941 clericosbenesrciis
704 2853 847 2942 privare,
864 2874 940 2919 cum
957 2852 1019 2920 hoc
1032 2874 1119 2943 saepe
1134 2852 1217 2920 foret
1230 2853 1272 2919 ad

122 2966 303 3049 egestatem
316 2981 371 3027 eos
385 2958 533 3046 adigere;
550 2957 638 3049 qnod
654 2980 720 3026 non
740 2956 821 3026 adeo
836 2966 945 3045 urget,
969 2968 1005 3025 ut
1019 2959 1273 3050 extra-judicia-

121 3065 200 3133 liter
213 3064 284 3133 fieri
298 3064 460 3133 ordinarie
475 3064 637 3154 expediat.

150 3170 234 3239 .Sad
263 3171 423 3262 quidquid
450 3171 492 3237 sit
522 3171 562 3238 de
594 3171 654 3239 bac
681 3180 790 3237 mente
819 3170 1087 3239 Tridentinorum
1115 3172 1270 3258 Petrum,

121 3286 212 3346 certa
230 3286 278 3346 est
293 3276 454 3365 generalis
472 3276 587 3366 regula
607 3277 683 3367 (qua
702 3275 909 3367 potissimum
929 3276 1130 3367 innitimur),
1150 3302 1271 3369 qnam·

119 3384 203 3452 libet
222 3383 290 3474 juri
309 3386 479 3452 communi
499 3383 743 3473 derogationem
759 3385 871 3452 stricte
886 3407 956 3451 esse
978 3384 1268 3475 interpretandam,

121 3514 183 3559 nec
208 3490 447 3560 admittendum
467 3493 501 3559 in
523 3516 579 3576 ea,
602 3490 665 3558 nisi
688 3490 777 3581 qnod
799 3491 884 3559 clare
909 3491 1107 3583 exprimitur
1139 3516 1146 3559 :
1176 3494 1268 3583 atum

120 3598 258 3666 incultas
280 3620 321 3667 er
342 3597 516 3666 informate
538 3598 731 3666 conscientia
753 3598 987 3688 suspendendi,
1009 3598 1072 3665 luit
1085 3598 1155 3687 juri
1176 3622 1269 3666 com-

121 3703 218 3771 muni
246 3704 430 3793 derogatio,
459 3711 556 3795 prout
582 3701 723 3770 intentur
748 3725 863 3770 omnes
892 3730 899 3770 :
928 3702 1060 3771 aliunde
1089 3704 1176 3772 olore
1202 3728 1269 3774 uon

120 3810 320 3900 exprimitur
340 3832 413 3879 eam
440 3809 571 3879 exundi
597 3809 638 3876 ad
663 3808 908 3899 suspensionem
936 3809 1034 3877 etiam
1053 3834 1073 3878 a
1092 3811 1265 3897 beneficio,

119 3925 220 4008 prout
235 3916 344 4007 palem
362 3916 485 3985 iaciunt
504 3925 536 3985 et
553 3924 662 3984 textus
680 3916 762 4006 ipse,
780 3924 812 3983 et
827 3917 1069 3985 canonistarum
1092 3918 1152 3985 hac
1171 3918 1212 3985 de
1232 3942 1269 3987 re

117 4023 340 4091 controversie
368 4032 400 4091 et
425 4022 601 4109 dubitatio,
634 4042 713 4110 ergo
739 4023 887 4091 extensio
917 4022 1011 4090 dictae
1039 4022 1198 4090 facultatis
1224 4024 1267 4091 ad

117 4130 407 4219 suspensionema
431 4128 599 4213 beneflcio,
622 4126 767 4217 legitime
795 4127 924 4197 admitti
950 4129 1073 4219 nequit.
1099 4129 1167 4197 Hoc
1190 4153 1268 4201 vero

119 4243 356 4327 argumentum
375 4234 467 4329 ¹mihi
491 4236 618 4305 videtur
644 4235 789 4323 rigorose
815 4235 964 4326 probus.
990 4235 1028 4303 ln
1053 4234 1135 4305 thesi
1158 4244 1267 4307 temen
