3050 4984
439 568 441 575 .
543 530 618 575 raes
642 530 787 575 sncuuna.
1167 512 1229 577 219

93 642 254 713 minandis
274 647 409 719 testibus
429 651 553 721 servari
575 652 705 721 debent.
732 678 748 715 a
769 651 992 734 Quamobrem
1016 652 1166 723 citandus
1184 660 1232 721 est

95 759 205 819 «ante
232 754 344 823 omnia
374 778 449 827 reus
479 757 520 827 ad
549 758 730 829 videndum
759 757 862 850 repeti
889 766 984 828 testea
1014 769 1046 829 et
1076 760 1118 829 ad
1144 759 1231 828 dan-

95 854 211 925 adum
234 858 499 953 interrogatoria,
525 874 686 956 quatenus
707 865 785 935 dare
808 866 967 953 voluerit,
992 875 1025 934 et
1047 867 1090 935 ad
1113 866 1232 935 viden·

95 987 109 1026 r
131 962 211 1031 dum
228 965 416 1059 juramenta
429 972 564 1041 testium
579 970 841 1065 repetendorum.
859 972 951 1041 Datis
966 995 1044 1041 vero
1060 996 1118 1065 per
1135 996 1230 1042 reum

95 1096 109 1133 r
130 1072 399 1165 interrogatoris,
425 1078 477 1149 vel
491 1080 600 1171 elapso
617 1082 759 1151 termino
776 1080 818 1149 ad
838 1080 894 1150 illa
908 1080 1055 1151 dandum
1076 1080 1228 1173 praefixo,

95 1178 272 1249 «citantur
291 1206 328 1253 ac
350 1194 509 1256 vocantur
535 1196 648 1273 testea,
673 1189 752 1258 alias
782 1188 817 1257 in
837 1210 991 1280 processu
1018 1188 1229 1258 informativo

94 1288 328 1376 «examinati,
355 1292 396 1359 ad
424 1293 683 1385 comparendum
709 1296 744 1364 in
772 1293 896 1385 judicio
924 1316 1035 1363 coram
1061 1293 1170 1385 judice
1197 1301 1230 1363 et

93 1418 107 1455 c
130 1396 256 1464 notario
270 1418 328 1467 seu
345 1400 491 1469 actuario
506 1424 626 1471 causae.
648 1402 775 1484 Quibus
793 1403 898 1471 citatis
918 1409 1015 1493 atque
1038 1422 1227 1493 comparen-

92 1530 107 1566 ι
129 1504 215 1573 tibus
235 1505 381 1579 defertur
400 1532 459 1602 per
476 1511 623 1603 jndicem
644 1512 870 1605 juramentum
891 1512 1037 1580 veritatis
1059 1510 1225 1596 dicendae,

92 1612 263 1701 «perinde
288 1636 325 1683 ac
355 1617 383 1684 si
412 1640 581 1710 nunquam
604 1620 781 1711 jurassent.
810 1618 850 1687 Et
877 1620 971 1687 toties
997 1618 1108 1710 jurare
1136 1626 1228 1686 tene-

92 1718 264 1806 «buntur,
287 1724 414 1814 quoties
437 1726 538 1816 repeti
564 1748 693 1795 necesse
717 1726 818 1794 erit...
845 1726 887 1794 Et
907 1734 985 1794 tuno
1007 1724 1154 1817 praestito
1170 1724 1227 1816 ju-

91 1836 295 1915 «ramme,
318 1829 457 1921 quilibet
483 1832 572 1900 testis
597 1833 771 1923 separatim
792 1834 1029 1921 interrogatum
1054 1832 1148 1923 prius
1170 1855 1226 1901 su-

92 1958 106 1995 α
127 1954 185 2022 per
210 1933 471 2027 interrogatoriis
494 1960 553 2029 per
575 1961 669 2007 reum
693 1938 794 2026 datia,
818 1940 913 2030 juxta
934 1960 1010 2031 quar
1033 1939 1228 2029 respondere

90 2066 105 2101 α
127 2038 237 2129 debet;
262 2040 379 2111 deinde
402 2067 500 2136 super
522 2048 674 2115 examine
699 2046 779 2115 alias
801 2045 841 2115 de
863 2046 1004 2136 ipsomet
1026 2053 1104 2113 teste
1127 2046 1223 2115 iacto.

91 2146 174 2215 ulta
197 2148 331 2217 tradunt
352 2152 572 2223 communiter
595 2152 756 2222 doctores.
784 2179 802 2219 a
833 2150 1040 2242 (Pomptini,
1070 2160 1162 2243 parte
1191 2158 1225 2238 t,

86 2262 158 2321 sect.
179 2258 232 2341 11,
251 2277 285 2324 n.
305 2258 350 2347 5.)

24 2418 25 2421 ,
126 2358 265 2441 Quando
281 2365 369 2433 tastis
385 2374 532 2452 vocatur,
548 2388 614 2435 non
631 2376 668 2436 ut
681 2367 915 2459 depositionem
931 2388 1025 2435 suam
1046 2367 1150 2452 iteret,
1168 2366 1224 2435 sed

87 2465 255 2539 dumtaxat
282 2479 319 2539 ut
346 2472 484 2542 declaret
510 2472 635 2567 aliquid
661 2475 697 2543 in
724 2475 835 2566 prima
862 2472 1063 2565 depositione
1089 2473 1225 2542 obscure

86 2572 220 2662 dictum,
235 2600 363 2647 necesse
378 2602 444 2649 non
461 2590 508 2649 est
521 2582 641 2651 iterum
659 2582 700 2649 ab
717 2583 789 2672 ipso
798 2582 1023 2674 juramentum
1038 2581 1154 2649 emitti.

127 2685 159 2749 3ο
174 2684 278 2753 Debet
289 2687 438 2777 repetitio
454 2688 585 2756 testium
604 2690 675 2757 beri
691 2702 767 2781 post
781 2688 1039 2780 publicationem
1054 2708 1223 2777 processus

87 2786 301 2869 informatiri;
317 2790 434 2883 inquo
451 2793 506 2885 jus
524 2795 717 2863 canonicum
738 2793 847 2862 differt
863 2816 884 2861 a
902 2792 1120 2878 lastinianum
1144 2815 1223 2860 nam

85 2892 174 2982 juxta
188 2896 289 2988 hujus
304 2899 561 2991 dispositionem,
573 2902 721 2993 repetitio
739 2902 869 2969 testium
881 2899 951 2968 fieri
963 2900 1058 2967 debet
1069 2912 1147 2968 ante
1159 2924 1222 2991 pu-

86 2999 212 3071 blicatas
232 3006 461 3075 attestationes.
477 3008 585 3089 Quam
601 3008 818 3079 differentiam
838 3006 913 3076 vide
934 3008 1116 3097 expositam
1134 3006 1222 3097 apud

87 3106 302 3200 Prilegrinum
316 3112 400 3204 (loco
412 3114 520 3199 citato,
538 3136 573 3183 n.
593 3117 637 3203 9).

127 3220 160 3283 t⁰
173 3218 276 3289 Debet
290 3220 438 3311 repetitio
451 3221 579 3291 testium
596 3222 668 3291 fieri
683 3232 758 3290 anta
769 3222 1008 3291 conclusionem
1018 3222 1053 3289 in
1066 3244 1175 3307 causa,
1191 3230 1223 3290 et

87 3322 242 3394 atortiori
255 3334 329 3395 ante
339 3328 545 3397 sententiam.
565 3328 767 3420 (Podagrici,
784 3328 881 3414 ibid,
896 3351 930 3395 u.
953 3328 1018 3418 1³.)

127 3434 159 3497 5⁰
175 3432 277 3503 Debet
290 3434 438 3525 repetitio
452 3434 536 3522 beri,
554 3436 645 3527 priua
660 3458 758 3527 super
773 3435 1031 3526 interrogatoriis
1041 3460 1061 3504 a
1073 3458 1130 3505 reo
1143 3458 1222 3528 pro-

86 3538 204 3624 positis,
221 3549 254 3608 et
269 3548 377 3631 postea
388 3563 487 3633 super
502 3542 653 3611 examine
664 3544 735 3634 jem
751 3543 835 3611 facto
847 3541 888 3609 ad
901 3541 1147 3612 informandam
1162 3567 1220 3612 cu·

85 3641 174 3711 riam.
195 3645 311 3734 (idem,
329 3645 427 3734 ibid,
445 3671 478 3717 n.
499 3652 564 3738 to.)

126 3754 159 3817 6⁰
174 3750 299 3820 Debent
313 3760 408 3822 testes
418 3755 464 3821 ita
475 3754 575 3846 repeti
590 3764 626 3824 ut
635 3754 800 3824 affirment
810 3777 964 3824 veraesse
974 3778 1047 3847 quie
1060 3754 1219 3847 deposm·

85 3866 157 3925 runt
171 3858 205 3925 in
221 3859 322 3949 priori
335 3860 500 3947 examine3
518 3862 547 3930 si
565 3861 709 3931 dicerent
729 3863 903 3931 dumtaxat
917 3886 951 3931 se
971 3886 1037 3930 non
1057 3861 1220 3931 recordari

86 3982 123 4027 an
135 3986 212 4032 vera
226 3966 291 4033 sint
305 3966 453 4057 primum
469 3968 627 4060 deposita,
646 3969 770 4038 nullum
786 3968 854 4039 vim
870 3969 1004 4039 baberet
1016 3969 1057 4037 ad
1073 3969 1220 4060 proban-

86 4066 160 4138 dum
173 4082 282 4142 contra
295 4096 391 4143 rcum
406 4097 523 4145 eorum
538 4077 709 4167 depositio.
730 4078 845 4166 (Idem,
864 4078 959 4167 ibid.)

26 4224 27 4269 3
127 4180 159 4239 7⁰
174 4178 273 4247 Debet
289 4182 513 4273 unusquisque
529 4184 621 4252 testis
637 4184 738 4274 repeti
751 4206 810 4276 per
820 4192 1013 4262 extensum
1031 4205 1088 4251 nec
1101 4182 1219 4252 sufficit

88 4300 159 4350 eum
169 4307 236 4357 sese
245 4286 366 4357 reterre
380 4287 421 4357 ad
433 4289 560 4359 dictatu
572 4290 680 4382 primo
689 4292 860 4378 examine;
878 4290 935 4361 sed
947 4288 1218 4382 debetndrepeti-
