3050 4984
546 503 622 552 ems
644 503 790 550 stennon.
1175 487 1233 552 551

91 634 150 690 cte.
175 642 343 709 :cumque
361 626 521 710 profatus
539 624 691 690 dominus
709 627 851 690 ioannes
871 626 987 692 Zetato
1003 645 1070 692 sese
1091 628 1242 693 obtuterit

92 734 143 798 ad
156 734 328 817 probanda
345 732 553 817 judicialiter
572 740 764 798 errumerato
784 718 912 813 delicta,
928 734 988 800 snb
1005 738 1114 818 pomis
1127 745 1241 802 contro

92 843 344 913 calumniatores
357 859 379 906 a
391 845 473 926 jure
490 841 620 905 statutis
639 861 649 904 :
665 848 702 905 ut
720 841 826 906 debito
844 849 954 907 nostro
971 841 1145 908 reddendae
1161 847 1240 927 jus-

89 935 175 1016 titiae
193 951 451 1032 satisfaciamus,
471 949 672 1014 decrevimus
690 949 805 1029 citare,
822 959 926 1034 prout
954 950 1074 1014 harum
1093 953 1176 1015 serie
1194 954 1240 1016 ci-

94 1068 204 1123 tamus
226 1059 397 1122 dominum
422 1057 591 1123 Andrcam
613 1058 655 1127 N.
681 1057 729 1121 ad
746 1057 963 1140 personaliter
985 1059 1241 1142 comparendum

91 1185 206 1231 coram
230 1165 323 1230 nobis
348 1167 384 1229 in
403 1163 580 1248 episcopati
603 1165 697 1228 curia
721 1165 811 1246 infra
832 1167 978 1250 spatium
1003 1167 1140 1250 tripinto
1168 1167 1237 1232 die-

92 1293 187 1352 rum,
211 1273 255 1337 ab
276 1273 481 1337 intimatione
497 1273 710 1355 presentium
732 1273 798 1356 ipsi
814 1274 905 1355 facta
925 1275 1241 1357 computandorum;

91 1398 234 1464 quorum
255 1376 363 1445 decem
382 1397 445 1462 pro
468 1381 590 1464 primo,
614 1380 722 1444 decem
741 1397 808 1464 pro
827 1380 978 1460 mundo,
999 1389 1030 1446 ct
1049 1381 1158 1446 decem
1173 1399 1238 1466 pro

93 1491 188 1553 tortio
214 1496 246 1553 et
254 1488 473 1573 peremptorto
487 1489 626 1552 termino
637 1489 859 1570 assipnamus,
875 1487 936 1552 hnc
955 1489 1053 1553 unica
1068 1508 1130 1572 pro
1151 1491 1240 1554 trina

90 1597 249 1661 canonica
262 1596 440 1660 monitione
451 1594 609 1660 ootimra.
627 1595 737 1678 Ipitur
747 1597 779 1659 si
792 1595 951 1678 (lepitima
963 1613 1029 1660 non
1046 1597 1240 1681 impediente

90 1707 205 1787 causa)
226 1704 332 1769 dietus
350 1703 505 1768 dominus
524 1702 667 1768 ioannes
688 1702 839 1769 Andreas
858 1703 947 1784 infra
961 1706 1164 1788 assipnatnm
1180 1723 1238 1788 pe-

90 1813 306 1896 remptorimn
321 1811 500 1876 terminum
512 1829 703 1894 comparere
715 1810 906 1893 neclexerit,
916 1812 1045 1876 nouerit
1053 1829 1111 1876 nos
1125 1819 1238 1877 contra

90 1921 200 2002 ipsum
213 1927 374 2003 tanquam
389 1926 624 1998 contumacem,
637 1917 732 1982 nulla
744 1917 814 1982 alia
830 1917 980 1982 ulteriori
991 1919 1144 1984 citatione
1155 1937 1238 2003 pru·

88 2028 204 2106 missa,
222 2035 322 2112 prout
334 2027 374 2092 de
390 2027 469 2110 fure
479 2043 694 2109 processuros.
710 2027 834 2092 Datum
849 2027 883 2089 in
903 2025 1098 2090 cancellaria
1116 2028 1237 2112 episco-

85 2135 172 2218 pati,
187 2135 240 2200 die
305 2137 425 2200 muisis
492 2151 616 2198 anm...
634 2169 673 2180 -
687 2133 744 2211 tt„
766 2132 913 2199 Vicarius
931 2134 1101 2216 poneretis.
1124 2169 1164 2183 -
1180 2137 1236 2214 tt,

90 2244 271 2308 actuarius.
289 2269 306 2300 r

624 2405 702 2498 §n

243 2569 335 2620 Formo
351 2566 449 2619 citandi
464 2566 504 2620 rei
519 2565 623 2633 mundo
640 2564 793 2631 proceditur
809 2563 1013 2616 denuntiationis
1028 2566 1079 2617 vin.

133 2768 229 2836 oNos
247 2767 304 2846 N„
322 2767 493 2832 reverendi
509 2766 667 2850 Episcopi
685 2767 741 2844 N.,
762 2765 910 2831 Vicarius
923 2767 1084 2848 petieratis
1098 2790 1108 2829 .·
1123 2787 1196 2833 cum
1212 2789 1234 2833 a

87 2875 263 2939 reverendo
284 2875 416 2940 domino
435 2874 467 2938 N
469 2921 490 2954 .,
508 2876 608 2939 curio
626 2873 818 2957 episcopatis
840 2881 1028 2957 promotore
1044 2876 1150 2954 fiscali
1169 2877 1233 2958 (vol

86 3001 110 3046 o
133 2983 265 3048 domino
285 2983 413 3048 toanne
430 2983 472 3052 N.
495 2983 523 3045 si
545 2982 628 3045 alius
648 2997 748 3063 quam
768 2985 931 3062 promotor
954 2981 1231 3048 denuntiationem

85 3090 219 3173 fecerit),
247 3089 339 3154 notris
362 3097 531 3173 porrectus
551 3090 654 3170 fnerit
682 3088 943 3153 denuntiatorius
971 3088 1095 3154 tibettus
1121 3100 1233 3156 contro

86 3197 259 3262 dominum
272 3197 440 3264 Andream
455 3198 511 3276 N.,
524 3196 763 3280 presbyterum,
786 3213 850 3278 quo
873 3196 900 3259 is
914 3199 1071 3262 asseritur
1083 3199 1232 3281 plurium

84 3305 278 3371 delictorum
291 3315 415 3384 auctor,
428 3305 588 3383 uidelicet,
604 3310 636 3368 1⁰
650 3303 742 3387 quod
755 3351 803 3382 ...,
819 3307 851 3367 2⁰
866 3303 957 3386 quod
970 3352 1018 3383 ...,
1031 3314 1103 3384 etc.;
1118 3309 1153 3371 in
1166 3327 1231 3392 quo

85 3413 193 3478 libello
220 3413 472 3478 denominantur
496 3413 607 3495 plures
633 3410 887 3494 adprobandos
910 3412 1055 3495 sinputos
1078 3417 1231 3480 articulos

84 3530 189 3600 testes,
208 3521 366 3600 videlicet,
385 3539 483 3603 super
503 3526 536 3583 1⁰
555 3527 588 3583 et
606 3525 639 3583 5⁰
655 3517 784 3582 domini
795 3518 837 3586 N.
855 3525 887 3582 et
907 3519 963 3594 N.‚·
983 3537 1081 3604 super
1099 3526 1133 3585 2⁰
1151 3531 1183 3587 ct
1197 3530 1229 3588 3⁰

85 3632 129 3698 N.
153 3639 184 3694 et
201 3631 258 3709 N„
273 3638 330 3694 etc.
352 3647 513 3712 :cumque
534 3645 575 3691 en
590 3629 718 3709 praevia
731 3626 832 3690 euriae
846 3626 1089 3708 informatione,
1104 3649 1125 3692 a
1139 3631 1231 3695 nobis

85 3739 199 3803 tradita
219 3746 320 3821 prout
336 3739 373 3801 in
392 3739 483 3814 actis,
505 3733 696 3817 sufficientia
715 3734 905 3798 emerserint
922 3741 1035 3799 contra
1051 3737 1230 3819 prrefontm

86 3847 257 3935 dommum
275 3845 444 3911 Andrcam
464 3844 505 3907 N.
527 3850 566 3906 ut
579 3843 684 3926 possit
698 3849 730 3905 et
743 3840 858 3905 debeat
875 3859 950 3905 reus
963 3845 1117 3908 constitui
1129 3866 1138 3905 :
1154 3845 1232 3910 utte-

84 3956 156 4018 rius
177 3954 316 4019 volentes
338 3952 439 4035 officio
459 3958 570 4014 nostro
592 3949 800 4032 satisfacere,
822 3949 973 4014 eumdem
993 3951 1162 4016 Andream
1184 3953 1227 4022 N.

84 4061 287 4127 decrevimus
297 4061 409 4138 citare,
422 4067 523 4143 prout
540 4056 660 4122 narum
678 4057 762 4123 serie
776 4057 916 4124 citamus
932 4057 979 4122 od
1050 4059 1229 4144 (etreliqua

85 4176 125 4236 nt
138 4170 171 4234 in
186 4167 376 4255 praecedenti
389 4163 553 4249 formula).
569 4187 584 4224 s
