3050 4984
301 412 362 476 288
675 430 852 477 cancarrus
876 433 914 477 uu
936 433 1071 482 moreris.

298 552 379 633 Quae
396 551 462 619 duo
485 550 599 620 ultima
622 551 742 643 pariter
758 561 907 621 constant
926 576 967 621 ex
989 552 1140 623 decretali
1165 556 1318 623 Romana
1339 551 1434 644 (aaa

299 658 439 750 Appell„
456 658 491 725 ia
511 662 554 749 6).

343 768 441 833 Νοια.
469 765 533 846 Qui
555 766 804 856 appellationem
827 767 1022 859 interponit,
1052 768 1209 858 potestat
1237 767 1433 848 renuntiare,

299 873 362 938 nisi
389 880 496 940 tamen
520 893 593 962 pars
617 870 753 959 adverae
776 872 1028 962 appellationem
1047 876 1272 966 acceptaverit.
1297 874 1363 953 Qui
1386 896 1435 939 au·

298 988 362 1045 tem
379 979 424 1046 sie
440 979 636 1068 interposita
654 980 706 1047 vel
721 979 818 1047 etiam
831 979 1026 1048 introducta
1041 981 1249 1072 appellationi
1266 979 1434 1061 renuntiat,

298 1085 340 1152 ad
363 1107 523 1175 expensas
549 1086 795 1153 condemnatur.
823 1084 918 1172 (Vide
945 1086 1253 1176 Schmalagrueber,
1280 1087 1354 1155 loo)
1375 1085 1435 1167 cit,

302 1215 336 1259 n.
358 1191 446 1281 105.)

822 1434 924 1523 §xa

637 1622 671 1669 De
684 1622 816 1671 attentatio
827 1626 886 1686 poet
898 1622 1107 1687 appellationem.

346 1836 468 1903 Praeter
496 1834 644 1904 ellectum
672 1836 897 1905 devolutivum
925 1848 958 1906 et
984 1839 1232 1929 suspensivum,
1259 1838 1301 1906 de
1328 1840 1439 1931 quibus

301 1945 378 2011 satis
405 1941 528 2011 dictum
552 1952 599 2011 est
624 1944 657 2009 in
674 1945 897 2033 superioribus
919 1946 1145 2038 paragraphis,
1161 1946 1245 2014 alium
1264 1955 1314 2013 est
1336 1944 1438 2034 magni

303 2050 458 2118 momenti
478 2049 702 2140 appellationis
721 2048 853 2118 effeetus
872 2078 879 2117 :
898 2050 972 2119 lacit
993 2073 1109 2144 nempe
1130 2064 1168 2120 ut
1190 2075 1278 2144 quae,
1300 2054 1371 2143 ipsa
1394 2052 1439 2117 iu·

303 2157 443 2248 tcrjecta,
462 2157 598 2225 ulterius
618 2157 653 2224 in
674 2179 773 2225 causa
800 2161 895 2245 siunt,
917 2158 982 2225 sint
1001 2171 1177 2240 attentata,
1196 2159 1229 2225 id
1246 2169 1306 2243 cet,
1331 2158 1438 2227 robora

301 2276 443 2349 careant,
462 2274 494 2332 et
508 2272 663 2354 tanquam
687 2263 797 2332 inania
816 2266 995 2333 tentamina
1013 2267 1194 2334 revocanda
1214 2267 1292 2333 sint.
1310 2267 1358 2333 lle
1379 2265 1439 2332 hu-

300 2372 444 2463 jusmodi
479 2371 640 2469 attentatia
680 2370 839 2439 nonnulla
871 2370 924 2439 hic
959 2373 1102 2441 breviter
1135 2372 1352 2463 expendenda
1387 2394 1439 2437 ve·

302 2480 410 2548 aiunt.

345 2586 488 2667 Qunano
512 2590 556 2654 lv.
573 2623 618 2636 -
635 2585 724 2667 Ouid
737 2608 835 2676 apere
848 2587 952 2677 poerit
960 2586 1072 2677 judea
1087 2611 1109 2655 a
1130 2611 1208 2679 qao,
1228 2588 1441 2679 appellatione

301 2691 477 2783 pendente,
503 2692 585 2784 quin
606 2691 724 2761 vitium
748 2694 907 2760 attentati
924 2693 1097 2761 incurrat?
1117 2734 1162 2746 -
1184 2699 1216 2761 1⁰
1241 2695 1350 2764 Potest
1373 2716 1441 2761 sen·

304 2800 436 2866 tentiam
453 2821 558 2884 suam,
575 2820 639 2867 non
656 2798 802 2867 obstante
817 2800 1044 2891 appellatione,
1061 2802 1179 2893 exequi
1196 2802 1230 2868 in
1252 2802 1350 2870 certis
1366 2800 1440 2871 casi-

305 2908 379 2993 bus,
397 2928 513 2997 nempe
527 2934 534 2973 :
548 2906 578 2973 si
590 2906 762 2998 appellatio
777 2907 818 2973 sit
833 2908 1000 2977 manifeste
1011 2909 1143 2994 frivola,
1161 2909 1258 2978 modo
1271 2911 1303 2977 ci
1314 2932 1381 2979 nou
1392 2906 1443 2973 de·

306 3014 417 3083 tulerit
442 3016 482 3105 (e.
502 3016 589 3082 Cum
607 3014 881 3104 appellationibus
903 3020 935 3102 5,
951 3014 991 3083 de
1009 3015 1150 3107 Appell,
1168 3016 1202 3083 in
1226 3019 1257 3106 6]
1284 3041 1292 3078 z
1312 3018 1341 3083 si
1360 3036 1440 3096 rens,

305 3143 403 3211 quem
419 3120 659 3206 condemnavit,
677 3121 717 3187 sit
732 3121 859 3188 notorie
873 3123 1068 3193 criminosus
1087 3148 1094 3190 z
1113 3123 1140 3189 si
1154 3145 1251 3190 carisa
1272 3120 1314 3190 de
1336 3122 1375 3189 iis
1392 3121 1442 3203 ait,

307 3228 341 3294 in
358 3228 477 3319 quibus
488 3250 508 3295 a
518 3226 593 3317 jure
610 3226 789 3315 denegatur
803 3228 988 3319 appellatio,

352 3338 385 3401 2⁰
401 3333 436 3401 Si
457 3332 652 3424 appellatum
673 3334 715 3400 sit
731 3334 772 3401 ab
791 3334 1032 3404 interlocutoria
1050 3360 1107 3403 seu
1126 3338 1331 3426 gravamine,
1347 3340 1443 3427 potest
1491 3379 1492 3382 κ

307 3462 485 3530 gravamen
512 3438 595 3507 illud
617 3449 808 3526 retractare,
831 3440 1111 3534 appellantamque
1130 3443 1228 3510 citare
1251 3443 1293 3510 ad
1315 3443 1444 3511 audien·
1491 3445 1492 3464 ²

308 3549 673 3635 damnanationem,
690 3555 722 3615 et
740 3555 819 3615 tune
831 3549 859 3614 si
874 3549 1039 3639 appellans
1054 3572 1119 3618 non
1136 3562 1332 3641 compareat,
1348 3556 1445 3642 pateat
1491 3599 1492 3634 3

308 3663 419 3725 eontra
433 3655 542 3746 ipsum
556 3664 711 3745 tanquam
723 3664 945 3724 contumacem
960 3656 1145 3747 procedere.
1491 3677 1492 3746 t

355 3768 387 3830 3⁰
410 3762 518 3829 Potest
538 3760 712 3851 appellanti
733 3761 910 3829 terminum
932 3761 1105 3853 praefigere
1124 3764 1166 3831 ad
1192 3762 1444 3856 prosequendam

308 3894 399 3941 suam
413 3868 674 3961 appellationem.
1491 3949 1492 3974 χ

354 3981 387 4044 l⁰
403 3976 511 4043 Potest
526 3973 692 4065 publicare
714 3998 770 4043 seu
795 3974 986 4043 denuntiare
1007 3975 1324 4043 excommunicatum
1346 3975 1445 4042 vitan·
1491 3985 1492 4036 t

309 4086 388 4151 dum
405 4104 493 4166 eum,
509 4102 607 4171 quem
626 4082 970 4149 excommunicationis
991 4082 1149 4149 sententia
1167 4081 1356 4168 damnavit;
1374 4080 1444 4171 quia

304 4192 338 4261 id
354 4200 479 4261 nearest
495 4192 661 4275 innovare,
680 4190 733 4257 secl
749 4190 836 4281 quod
854 4191 974 4257 factum
990 4199 1038 4256 est
1053 4188 1227 4257 declarare.
1491 4187 1492 4192 ’
