3050 4984
267 494 327 558 toa
644 515 820 559 reserarus
845 516 881 559 oa
903 512 1034 561 sonions.

267 664 282 697 a
308 633 472 723 oocaod.),
485 634 541 701 ubi
551 634 673 702 Paulus
684 662 691 701 :
703 639 742 702 lu
745 635 767 725 j
770 658 806 701 us
814 658 939 714 occare,
952 648 996 703 est
1003 637 1024 726 j
1028 634 1097 703 reris
1105 633 1299 727 experiundi
1304 656 1407 703 caiisa

265 766 283 805 c
306 763 431 809 vocure.
454 766 472 804 o
493 739 811 831 (Scbmalzgrueber,
832 742 867 809 in
884 742 933 809 tit.
960 745 992 826 3,
1015 741 1090 809 libri
1114 744 1133 807 2
1155 742 1296 825 liceret,
1322 742 1343 833 ξ
1366 745 1403 828 2,
1518 838 1519 843 ¹

266 870 299 916 n.
323 848 391 936 16.)

307 954 451 1036 Qunsrro
464 957 509 1021 2⁸.
528 992 573 1005 -
588 954 777 1045 Quotuplea
791 953 1021 1045 distinquatur
1031 955 1166 1023 citatio?
1180 993 1224 1007 -
1241 980 1258 1019 α
1275 954 1407 1023 Dividi·

267 1088 285 1127 «
308 1071 362 1129 tur
385 1061 504 1153 triplici
527 1063 674 1131 maxime
697 1063 808 1131 modo.
835 1066 867 1130 1·
892 1064 990 1131 Enim
1014 1063 1079 1131 alia
1099 1072 1147 1131 est
1167 1063 1279 1131 citatio
1297 1064 1403 1154 juria,

268 1195 285 1233 «
307 1168 370 1237 alia
390 1169 544 1237 bominis.
569 1168 663 1238 Prior
684 1180 744 1257 est,
771 1170 902 1261 quando
922 1170 977 1261 jus
999 1169 1052 1238 rel
1072 1168 1126 1238 lex
1146 1170 1257 1238 statuit
1277 1179 1404 1239 certum

267 1303 285 1340 a
309 1275 488 1344 terminum
504 1276 590 1343 intra
607 1298 706 1367 quem
729 1277 824 1344 debet
848 1277 923 1368 quis
938 1276 1064 1367 judicio
1085 1298 1118 1343 se
1138 1276 1248 1345 sistere
1269 1284 1406 1367 :poste-

269 1410 286 1447 a
310 1383 390 1468 rior,
405 1404 483 1449 cum
496 1382 571 1472 quis
581 1382 702 1473 judicis
713 1382 868 1452 mandato
884 1385 918 1450 iu
931 1384 987 1475 jus
997 1392 1144 1452 vocatur.
1160 1382 1305 1474 Utraque
1320 1384 1404 1451 sub·
1519 1380 1520 1391 ’

269 1516 286 1552 a
309 1488 467 1555 dividitur
482 1488 517 1555 in
530 1488 715 1578 qeneralem
728 1497 760 1556 et
774 1488 957 1580 specialem.
973 1489 1036 1557 Per
1050 1489 1141 1557 illam
1155 1496 1288 1557 vocatur
1302 1488 1336 1557 in
1348 1489 1407 1580 jus

269 1622 287 1659 a
309 1594 509 1686 quicumque
524 1617 582 1661 sua
597 1595 751 1662 interesse
767 1596 930 1687 putaverit
947 1624 954 1663 :
972 1618 1031 1687 per
1042 1595 1214 1687 specialem
1230 1618 1308 1664 vero
1318 1606 1408 1665 certa

270 1730 286 1767 «
310 1723 456 1793 persona.
612 1684 618 1695 ’

314 1836 331 1873 a
356 1813 388 1875 2ο
412 1809 486 1876 Alia
507 1818 555 1876 est
577 1808 726 1892 sobolis,
748 1810 812 1877 alia
831 1810 939 1881 reato.
963 1810 1113 1880 Verbalis
1134 1808 1253 1878 dicitur
1273 1810 1407 1902 quaudo

269 1942 285 1979 o
307 1915 410 2007 judex
430 1916 662 2007 apparitorem,
679 1916 847 2003 nuntium,
872 1916 923 1984 vel
938 1914 1101 2007 pedellum
1121 1915 1162 1983 nd
1178 1938 1272 1985 reum
1289 1916 1405 2003 mittit,

269 2050 286 2088 ι
309 2022 405 2113 eique
423 2030 576 2090 oretenus
591 2022 641 2090 vel
657 2023 692 2089 in
707 2022 835 2114 scriptis
853 2022 1034 2113 significari
1049 2022 1139 2108 facit,
1161 2032 1198 2090 ut
1216 2023 1257 2091 ad
1278 2030 1406 2091 certum

270 2157 288 2194 a
310 2129 398 2196 diem
420 2138 574 2220 appareat
593 2129 627 2197 in
646 2129 781 2220 judicio.
804 2130 913 2197 Realis
934 2138 994 2215 est,
1020 2152 1086 2221 qua
1105 2151 1252 2221 personae
1274 2138 1408 2220 propter

269 2264 287 2301 a
310 2237 478 2323 delictum,
494 2260 540 2304 res
557 2236 714 2322 alienum,
732 2245 789 2304 aut
809 2235 906 2304 aliam
921 2237 1044 2327 justam
1060 2260 1205 2323 causam,
1219 2237 1408 2327 apprehen-

269 2370 287 2410 «
311 2343 434 2411 duntur
447 2352 478 2410 et
491 2351 703 2411 arrestantur.

314 2480 330 2517 α
362 2451 502 2519 Verbalis
516 2452 624 2519 citatio
638 2453 757 2520 iterum
782 2450 904 2542 duplex
923 2459 983 2537 est,
995 2451 1132 2543 ρνίυατα
1152 2471 1270 2541 nempe
1289 2460 1322 2517 et
1337 2472 1407 2539 pu·
1521 2540 1522 2557 χ

270 2586 287 2624 c
311 2560 403 2627 blica.
425 2558 554 2626 Privata
576 2565 637 2643 ast,
658 2556 790 2648 quando
810 2558 885 2649 quis
903 2558 1056 2649 privatim
1077 2558 1117 2625 ad
1139 2557 1268 2642 faciam,
1289 2555 1354 2640 vel,
1379 2559 1408 2623 si

271 2695 288 2733 s
312 2667 413 2757 ipsius
428 2666 521 2757 copia
541 2666 655 2732 baberi
672 2674 822 2755 nequeat,
839 2664 880 2731 ad
895 2665 1033 2735 domum
1049 2666 1177 2734 citatur.
1194 2662 1328 2733 Publica
1343 2672 1407 2748 est,

271 2800 288 2838 a
310 2796 385 2863 quas
398 2772 525 2863 publice
545 2793 602 2862 per
621 2771 787 2862 proclama
802 2794 859 2839 seu
876 2794 988 2839 vocem
1010 2772 1184 2861 praeconis,
1201 2771 1254 2837 vel
1269 2792 1326 2860 per
1349 2777 1410 2836 tu-

271 2908 288 2944 «
312 2882 387 2947 bam
402 2888 458 2947 aut
468 2901 674 2969 campanam,
689 2880 740 2946 vel
755 2900 811 2969 per
822 2878 966 2947 edictum
980 2880 1013 2946 in
1024 2879 1163 2969 publicis
1174 2879 1253 2947 locis
1266 2876 1406 2947 affixum

272 3016 291 3065 a
313 2987 383 3055 lieri
397 2987 488 3055 solet.
504 2986 540 3053 Si
555 3008 613 3077 per
628 2984 772 3054 edictum
788 2984 857 3072 fiat,
875 2986 1020 3054 edictalis
1030 2984 1160 3053 dieitur.

316 3122 332 3162 c
355 3094 500 3185 Denique
515 3092 578 3161 alia
589 3093 697 3160 citatio
710 3101 758 3159 est
768 3093 918 3184 simplex,
932 3092 995 3160 alia
1005 3093 1239 3184 peremptoria.
1257 3092 1411 3183 Simplex

271 3231 288 3270 a
311 3213 371 3289 est,
387 3224 462 3293 quae
480 3200 602 3290 absque
622 3200 755 3289 praecisa
777 3200 1021 3291 comparitionis
1042 3200 1247 3268 intimatione
1267 3208 1300 3267 et
1320 3198 1411 3267 ulte·

271 3340 288 3375 «
312 3310 409 3377 rioris
435 3307 567 3376 termini
592 3305 805 3395 denegatione
829 3307 1026 3398 concipitur3
1052 3305 1157 3398 qualis
1182 3313 1231 3374 est
1254 3306 1284 3373 si
1303 3305 1410 3396 judex

272 3446 288 3484 a
310 3415 500 3507 simpliciter
514 3413 610 3481 alicui
626 3414 758 3482 mandet
775 3425 809 3481 ut
822 3414 878 3481 tali
892 3414 943 3482 vel
958 3414 1013 3481 tali
1027 3412 1079 3481 die
1092 3413 1259 3505 injudicio
1271 3435 1411 3504 compa-

272 3552 289 3589 «
313 3532 390 3591 reat.
413 3520 638 3612 Perempton'a
654 3529 712 3605 est,
733 3542 808 3611 quae
822 3521 865 3589 ita
880 3520 1060 3611 concipitur
1075 3529 1112 3588 ut
1126 3519 1295 3611 praecisam
1316 3542 1410 3588 oom-

273 3659 291 3698 α
314 3629 449 3722 parendi
465 3627 683 3695 necessitatem
696 3627 856 3718 imponat,
872 3628 965 3695 omui
977 3627 1124 3695 ulteriori
1138 3627 1278 3695 termino
1288 3648 1345 3693 seu
1359 3628 1411 3694 ci-

273 3768 289 3805 «
313 3738 433 3808 tatione
453 3736 610 3824 denegata
627 3762 634 3802 :
650 3743 682 3802 et
701 3734 778 3802 talis
798 3745 846 3802 est
866 3735 922 3802 illa
941 3757 1029 3825 quae,
1054 3734 1105 3801 vel
1127 3734 1233 3802 tribus
1250 3733 1413 3801 distinctis

274 3876 290 3911 ι(
313 3844 519 3915 citationibus
534 3841 738 3933 simplicibus
753 3840 801 3927 fit,
819 3842 870 3909 vel
893 3842 928 3907 in
948 3864 1013 3932 qua
1031 3849 1095 3909 tres
1110 3840 1252 3908 distincti
1273 3842 1413 3909 termini

273 3982 290 4017 a
313 3952 354 4021 ad
370 3960 456 4020 certa
471 3949 628 4039 temporis
643 3948 814 4015 intervalla
827 3956 904 4015 sunt
918 3948 1085 4036 assignati,
1101 3947 1151 4016 vel
1165 3948 1199 4014 in
1214 3970 1280 4037 qua
1293 3948 1414 4015 unicus

274 4088 290 4124 n
314 4059 475 4128 terminus
495 4054 712 4147 (tantumdem
726 4054 884 4145 temporis
898 4064 1059 4145 quantum
1075 4054 1148 4121 aliea
1163 4060 1227 4122 tres
1243 4054 1413 4143 simplices

274 4195 290 4231 c
314 4167 490 4253 continens)
513 4164 672 4253 praeliaus
690 4170 749 4246 est,
765 4161 876 4229 addita
891 4184 968 4228 voce
982 4161 1212 4252 peremptorie,
1235 4170 1291 4228 aut
1313 4160 1412 4228 olou-

273 4300 289 4342 s
311 4274 382 4343 sula
415 4272 478 4339 alia
503 4270 726 4361 aequivnlente.
759 4268 989 4357 Peremptoriae
1020 4290 1137 4335 nomen
1167 4268 1299 4358 accepit,
1331 4270 1414 4361 quin
