3050 4984
331 513 391 576 566
417 561 419 566 .
702 531 879 578 reserares
900 533 940 580 oe
960 533 1094 579 reninis.

380 679 398 719 r
424 655 629 724 Constitutus
649 655 867 748 personaliter
886 656 1049 747 prnsotus
1071 653 1225 724 dominm
1249 653 1396 724 Andreas
1422 658 1460 724 Ν.

326 761 507 854 presbyter,
525 785 636 832 eoram
656 762 829 832 reverendo
850 765 909 846 N.,
934 761 1060 831 Vieario
1078 761 1235 852 qmeroli,
1250 763 1287 831 in
1299 761 1387 832 atrio
1401 763 1461 854 epi·

329 870 433 961 scopii
447 869 653 962 expediendis
665 870 807 964 judiciis
828 869 1045 940 ecelesiasticis
1057 869 1233 951 destinato,
1249 869 1398 939 delatum
1409 869 1465 937 sibi

330 975 370 1074 de
384 977 521 1047 veritate
536 976 672 1048 dicendo
683 979 930 1070 juramentum,
946 999 1038 1046 more
1049 976 1245 1046 sacerdotali
1262 979 1363 1070 (tacto
1382 977 1463 1045 scili·

328 1097 376 1156 cet
384 1086 525 1179 pertore)
535 1086 694 1179 prestitit
707 1087 767 1177 (t).
787 1087 832 1156 Ar
853 1084 930 1156 dein
943 1086 1165 1178 interroqotus
1174 1084 1291 1178 sititet
1303 1085 1464 1178 respondet

325 1205 364 1264 ut
377 1194 523 1287 sequitur
538 1219 551 1262 .·

375 1302 457 1372 «Aa
463 1301 633 1396 qeneralia
648 1328 660 1368 :

375 1437 392 1476 α
410 1413 440 1480 1.
459 1413 685 1500 Interroqotus
696 1433 708 1476 .·
718 1430 764 1479 on
775 1409 843 1502 ipse
857 1409 900 1478 sit
907 1407 1052 1479 Andreas
1066 1412 1109 1481 N.
1121 1407 1303 1500 presbyter,
1322 1405 1359 1476 in
1364 1432 1463 1500 poro

325 1517 400 1586 cloia
413 1518 456 1587 N.
474 1515 593 1586 vicarii
605 1539 724 1586 munus
739 1516 891 1608 explens?
905 1513 1081 1608 Respondit
1096 1541 1108 1581 .·
1122 1514 1150 1582 is
1163 1513 1231 1606 ipse
1244 1536 1333 1582 sum.

331 1705 336 1714 Ι
374 1651 391 1689 r
407 1629 440 1694 2.
457 1627 706 1715 Interroqotus:
720 1647 741 1694 o
757 1635 881 1718 quanto
897 1635 1042 1715 tempore
1054 1619 1156 1690 sacris
1170 1619 1338 1690 ordmibus
1352 1621 1462 1690 initio-

326 1747 378 1800 tus
388 1731 512 1824 fiterit?
525 1729 742 1823 Respondit...

375 1865 392 1904 a
410 1843 442 1906 3.
467 1823 691 1930 Interroqatus
708 1865 719 1906 :
735 1838 850 1930 inquo
868 1836 1042 1906 semmarr'o
1055 1835 1231 1920 studuerit,
1247 1860 1294 1906 on
1308 1861 1326 1904 e
1340 1837 1464 1908 dioeeeri

329 1944 489 2016 oriundus
510 1945 565 2029 sit,
588 1969 632 2015 on
647 1957 678 2014 et
693 1944 855 2038 quomodo
870 1945 954 2014 clero
967 1943 1134 2014 dioeceseos
1147 1944 1331 2038 adscriptus
1342 1947 1463 2037 suerit?

327 2052 544 2147 Respondit...

374 2189 392 2226 e
406 2165 438 2230 t.
456 2161 599 2231 Androm
614 2162 648 2230 in
661 2161 838 2243 seminario
852 2173 1049 2243 versaretur,
1064 2159 1172 2229 dilato
1184 2159 1250 2253 ipsi
1258 2162 1367 2251 poerit
1380 2163 1462 2232 ordi·

326 2269 417 2338 notio
432 2269 473 2339 ob
486 2269 632 2362 aliquem
646 2270 682 2338 in
698 2269 844 2338 moribus
858 2267 1044 2360 desectum?
1059 2267 1275 2360 Respondit...

373 2405 390 2444 α
411 2383 440 2446 5.
460 2379 510 2447 An
522 2377 690 2470 presbyter
701 2378 822 2468 faetus,
841 2375 889 2444 ad
900 2376 1031 2444 ruriam
1057 2375 1272 2468 episcopalem
1284 2377 1391 2466 poerit
1405 2379 1463 2446 oli·

327 2483 457 2576 qrtando
470 2496 616 2567 vocatus,
633 2497 665 2552 et
679 2482 719 2553 de
734 2484 848 2576 aliquo
863 2483 1095 2576 reprehensus?
1107 2481 1285 2574 Respondit
1301 2507 1407 2554 :erem
1419 2509 1464 2554 es·

327 2615 393 2660 sem
404 2591 568 2684 parochus
587 2591 621 2659 in
629 2614 719 2683 paqo
734 2594 792 2672 N,
811 2589 979 2660 nomotte
991 2589 1162 2658 malevole
1174 2589 1382 2662 muliercule
1395 2593 1465 2662 vite

326 2721 407 2768 men
430 2699 650 2790 inteqritatem
672 2699 709 2766 in
732 2697 949 2790 suspicionem
978 2710 1151 2766 voeorrmt.
1176 2697 1466 2768 Renerendissirmn

328 2817 439 2876 autem
463 2807 643 2899 Eprseopus
666 2827 719 2875 me
733 2805 900 2875 meusioit
922 2817 956 2874 et
973 2805 1115 2893 monuit,
1141 2818 1269 2873 utnon
1292 2818 1467 2877 toruumo

328 2914 428 2997 molo,
447 2913 504 2984 sed
517 2915 618 2983 etiam
633 2937 654 2983 a
667 2914 769 3007 speeie
780 2913 863 2982 mali
874 2912 985 2982 sedulo
999 2912 1209 2996 declinarem,
1226 2935 1267 2982 oe
1277 2936 1332 2984 me
1347 2939 1371 2984 a
1385 2915 1467 2984 dieto

324 3021 485 3115 parochio
498 3022 605 3092 rurali
619 3044 785 3105 revocans,
801 3021 964 3090 uicarium
978 3021 1014 3089 in
1027 3019 1170 3090 civitatis
1176 3022 1346 3112 parochia
1358 3026 1404 3094 Ν.
1421 3046 1467 3091 me

325 3129 503 3198 corotituit.
517 3155 534 3194 n

370 3273 541 3365 Ejusmodi
555 3271 824 3363 interrogationes
837 3271 1004 3362 generales
1018 3293 1080 3364 pro
1094 3271 1336 3364 opportunitate
1351 3297 1467 3367 conge-

328 3403 400 3450 rere
409 3378 513 3472 judex
527 3378 759 3450 ecclesiasticus
773 3379 903 3471 poterit.

375 3515 457 3586 «Ad
466 3516 621 3609 specialia
637 3541 649 3582 .·

376 3649 393 3690 r
411 3626 442 3692 1.
467 3626 689 3716 Interroqotus
713 3649 724 3690 .·
746 3644 793 3691 on
815 3635 914 3692 oesles
934 3623 1104 3693 saculares
1124 3623 1219 3694 domi
1235 3625 1372 3710 habeat,
1388 3641 1421 3698 et
1434 3628 1469 3696 iis

327 3735 464 3802 utatur?
477 3731 653 3823 Respondit
670 3757 681 3798 .·
696 3731 823 3800 ultima
836 3731 1049 3800 revolutionis
1063 3743 1220 3824 tempore,
1237 3757 1314 3804 eum
1334 3760 1397 3807 nee
1415 3751 1469 3806 tn-

328 3853 401 3911 tum
415 3861 471 3908 nee
483 3840 672 3908 conveniens
685 3852 766 3909 esset
779 3853 892 3922 noctu,
907 3838 1041 3932 qnando
1055 3837 1103 3909 od
1113 3863 1218 3933 reqros
1232 3842 1285 3913 vel
1298 3846 1469 3914 moribun-

327 3948 385 4018 dos
406 3969 574 4029 vocamur,
600 3947 716 4016 lubitu
739 3946 882 4016 clericali
904 3945 1061 4030 incedere,
1078 3959 1179 4018 uestes
1201 3951 1375 4020 semines
1389 3952 1470 4020 milti

327 4055 539 4148 eomparooi;
554 4067 585 4124 et
598 4055 638 4123 iis
654 4053 849 4149 quandoque
858 4068 996 4148 propter
1009 4055 1134 4125 dietam
1149 4059 1312 4129 rationem
1326 4073 1416 4130 utor.

360 4249 393 4308 (t)
406 4245 538 4311 Ejmmodi
548 4246 725 4311 juramentum
739 4245 788 4297 etsi
799 4247 881 4310 ajuro
894 4247 1085 4314 prescriptum,
1098 4247 1126 4300 tn
1138 4249 1338 4303 desneurdinem
1348 4252 1424 4314 uniit,
1435 4252 1466 4302 rr

330 4339 359 4385 ut
370 4333 446 4385 hodie
461 4347 515 4387 non
531 4333 563 4386 eit
576 4333 739 4400 exigendum.
