3050 4984
295 446 358 510 luo
666 464 839 513 rnurrarue
862 466 900 513 nr
922 466 1054 539 lungun.

337 583 393 653 lll.
411 588 460 655 lle
477 586 683 655 contum
702 587 751 655 rei
770 588 928 657 conomti.
944 626 990 641 -
1006 585 1132 669 «Quod
1149 584 1178 654 ui
1197 606 1272 655 naua
1289 604 1430 655 conveu-

296 716 315 756 ι
337 700 389 759 tue
410 691 526 761 citatus
547 715 614 763 uon
642 694 861 786 comparuerit
884 696 919 763 in
944 694 1082 787 judicio,
1098 715 1204 786 neque
1223 713 1282 785 per
1304 716 1352 781 ae,
1376 716 1432 761 nc-

296 821 400 890 «qne
426 822 483 891 per
507 800 611 870 alum
641 823 701 870 auo
725 802 871 890 nomine,
897 802 939 871 ad
967 800 1145 871 dicendum
1170 808 1201 870 ct
1224 799 1430 890 allegandum

298 930 316 969 a
338 903 497 997 quidquid
532 906 638 975 dicare
667 914 700 976 et
737 907 880 999 allegare
910 908 1062 996 volucrit,
1093 915 1286 977 accmautur
1322 915 1433 975 contra

297 1036 315 1078 a
338 1011 445 1102 ipsum
464 1014 677 1083 contumacia
696 1042 704 1092 ;
721 1014 768 1082 ita
786 1022 894 1083 manen
910 1023 960 1102 ut,
979 1015 1007 1083 ri
1029 1014 1063 1084 iu
1083 1014 1234 1084 citatione
1252 1036 1311 1083 sau
1336 1036 1433 1083 men·

298 1143 316 1182 a
338 1116 414 1187 dato
430 1119 597 1211 apponitur
616 1120 715 1189 luerit
733 1122 893 1191 tarnrinus
905 1121 1047 1191 (luorum
1062 1121 1188 1191 dierum
1211 1142 1267 1191 reo
1280 1120 1321 1189 ad
1344 1144 1433 1190 com-

298 1225 518 1317 aparendum
556 1234 629 1318 poet
659 1228 909 1315 intimationem,
939 1236 972 1297 et
1000 1228 1116 1299 citatus
1153 1228 1215 1298 luit
1243 1229 1352 1321 prima
1384 1228 1432 1296 die

298 1358 317 1399 a
338 1332 531 1424 septembrio
554 1334 657 1425 (verbi
676 1335 807 1425 gratia),
830 1334 936 1427 prima
954 1336 1156 1405 contumacia
1176 1336 1320 1405 coronari
1341 1335 1432 1405 debet

298 1464 317 1505 c
339 1438 390 1507 die
411 1440 506 1507 tertia
524 1438 673 1530 ejusdem
696 1441 831 1527 menois,
851 1440 1031 1511 dummodo
1044 1442 1089 1510 ait
1106 1440 1176 1511 dies
1192 1440 1347 1533 juridica,
1370 1461 1432 1508 nou

297 1571 315 1612 c
337 1543 453 1613 festiva
458 1571 468 1632 ;
486 1568 562 1614 nam
577 1554 655 1615 tunc
669 1547 875 1616 accusabitur
890 1546 942 1616 die
955 1548 1116 1639 aequanti.

343 1679 361 1718 a
382 1652 476 1735 Quod
491 1652 737 1742 intelligendum
752 1662 802 1723 cet
824 1654 882 1723 ubi
897 1654 1084 1747 proceditur
1104 1654 1145 1723 da
1163 1654 1237 1746 jure
1255 1653 1429 1738 ordinario,

298 1782 401 1830 anon
421 1759 456 1828 iu
472 1758 605 1851 judiciis
628 1761 829 1847 summariis,
853 1762 1026 1854 inquibus
1046 1784 1111 1832 uon
1131 1770 1280 1835 servatur
1301 1762 1383 1831 ordo
1403 1768 1432 1828 et

299 1894 317 1933 a
339 1870 447 1957 ligura
457 1866 573 1958 judicii
582 1894 592 1955 ;
612 1890 671 1937 nec
684 1868 871 1959 procuditur
887 1890 944 1960 par
957 1869 1064 1960 apices
1077 1870 1174 1961 juria,
1197 1869 1340 1938 eadsine
1356 1868 1430 1955 illie,

297 2000 316 2041 a
339 1974 408 2043 nola
420 1973 496 2043 lacti
511 1974 645 2042 veritate
660 1975 816 2067 inspecta.
1115 1964 1117 1969 ¹

343 2081 498 2151 «Ultima
520 2103 597 2149 vero
613 2083 818 2151 contumacia
837 2084 1015 2153 incusanda
1035 2091 1083 2153 eat
1099 2092 1172 2176 post
1186 2083 1314 2176 lapsum
1336 2085 1432 2152 trium

299 2216 317 2257 a
340 2188 468 2257 dierum
487 2211 507 2257 a
527 2188 580 2257 (lie
594 2189 713 2280 primae'
720 2192 931 2261 contumaciae
943 2192 1154 2279 accusatoe,ai
1168 2212 1244 2261 raus
1257 2200 1433 2261 conventus

299 2322 318 2364 a
339 2318 481 2388 praesens
494 2296 592 2365 luerit
605 2296 639 2363 in
654 2297 723 2366 loco
734 2297 861 2388 judicii.
880 2297 917 2367 Si
930 2298 1017 2367 enim
1033 2308 1117 2367 ascet
1131 2306 1224 2367 extra
1237 2299 1433 2369 territorium

297 2404 467 2497 «judicis,
489 2404 633 2473 incusari
653 2404 748 2473 debet
771 2405 857 2474 inlra
876 2404 959 2475 duos
982 2428 1134 2475 menaea:
1157 2406 1184 2474 ai
1207 2406 1242 2473 in
1271 2406 1432 2475 territorio

299 2539 317 2579 a
339 2520 371 2580 et
387 2509 625 2602 jurisdictione,
649 2511 792 2580 sednon
817 2511 852 2579 in
874 2511 946 2581 loco
964 2512 1093 2604 judicii,
1119 2512 1206 2581 inira
1229 2535 1374 2582 mensem
1396 2510 1432 2581 ad

299 2644 317 2685 a
338 2618 524 2688 electionem
538 2618 671 2705 actoris;
688 2618 746 2710 qui
766 2618 962 2689 numerandi
982 2628 1060 2689 aunt
1073 2643 1095 2689 a
1106 2620 1162 2688 dic
1182 2620 1298 2711 primae
1321 2629 1432 2691 coutu-

301 2725 468 2795 «maciae.

343 2860 360 2899 a
375 2831 411 2901 Si
430 2833 558 2902 veroin
572 2832 688 2902 ultima
701 2834 903 2903 contumacia
916 2856 992 2903 rana
1006 2842 1184 2904 conventus
1203 2834 1430 2926 comparuerit,

299 2964 317 3005 a
338 2939 392 3009 uel
410 2938 482 3030 ejus
501 2949 702 3030 procurator,
726 2950 784 3009 aut
807 2940 891 3011 aliua
915 2963 973 3010 suo
993 2941 1139 3028 nomina,
1162 2940 1309 3032 legitime
1330 2950 1431 3009 tamm

300 3072 318 3113 c
340 3069 415 3115 cum
430 3046 501 3137 ejus
513 3045 678 3132 mandato,
699 3046 920 3116 admittendus
934 3048 1015 3127 erit;
1029 3056 1061 3115 ct
1078 3070 1153 3117 cum
1170 3046 1227 3117 illo
1246 3048 1432 3140 procudetur

301 3177 319 3218 a
341 3151 562 3221 adulteriora.
580 3155 624 3221 At
646 3154 675 3222 si
690 3175 785 3223 nemo
799 3155 1030 3246 comparuerit,
1047 3152 1316 3223 condemnandus
1328 3155 1388 3223 erit
1401 3155 1431 3221 in

300 3284 319 3326 a
341 3259 573 3328 contumacia»
592 3260 794 3352 (Pellegrini,
811 3261 881 3331 loco
902 3261 972 3352 cit.)

340 3366 400 3436 lv.
419 3370 466 3435 De
487 3366 582 3457 copia
601 3366 712 3436 libelli.
730 3406 774 3421 -
792 3367 916 3449 «Quod
940 3368 968 3435 si
989 3390 1064 3437 rena
1084 3377 1277 3454 conventus,
1299 3376 1372 3459 post
1389 3366 1431 3435 ci·

300 3499 318 3541 r
340 3473 506 3559 tationem,
526 3495 586 3542 eeu
600 3473 841 3544 intimationem
863 3474 962 3543 libelli
979 3476 1050 3544 siva
1065 3475 1228 3567 petitionis
1243 3475 1360 3545 actoris
1375 3473 1429 3542 sibi

300 3603 318 3647 u
337 3578 475 3671 juridice
498 3578 628 3665 lacum,
650 3580 868 3672 comparuerit
892 3582 1043 3669 incuria,
1062 3582 1179 3650 habere
1199 3581 1293 3651 dabat
1311 3582 1429 3673 copiam

300 3712 319 3755 a
339 3685 453 3773 libelli,
476 3696 513 3754 ut
534 3685 711 3756 deliberare
728 3687 830 3779 poaalt
850 3710 890 3757 au
912 3688 1024 3757 cedere
1045 3688 1096 3759 val
1114 3688 1308 3759 contendere
1326 3688 1429 3758 volue-

300 3820 319 3861 α
340 3793 394 3863 rit.
414 3820 432 3858 a
454 3792 656 3886 (pellegrini,
669 3794 740 3864 loco
753 3794 823 3885 cit.)

342 3900 385 3969 V.
411 3904 459 3968 De
478 3899 716 3992 receptionibus
735 3900 956 3970 declinatorirb
978 3914 1009 3971 et
1022 3900 1196 3977 dilatoriis.
1212 3940 1257 3955 ·-
1276 3902 1361 3971 allx
1381 3900 1428 3969 illo

302 4033 320 4074 a
341 4015 449 4077 autem
473 4015 616 4099 tempore
641 4006 782 4096 allegare
801 4009 919 4100 poterit
941 4032 1016 4078 reue
1040 4032 1099 4079 sua
1116 4009 1203 4101 jura,
1222 4019 1254 4077 et
1274 4030 1428 4101 opponere

302 4139 320 4180 c
342 4115 548 4206 exceptiones
572 4134 654 4205 quas
678 4112 798 4182 habere
823 4116 1015 4206 praetendet,
1044 4126 1117 4184 aute
1143 4125 1251 4185 tamen
1272 4115 1338 4184 litis
1359 4136 1426 4184 cou-

303 4246 321 4291 r
339 4221 552 4289 mulionem.
573 4220 660 4288 luter
673 4242 755 4311 quaa
770 4221 914 4313 primum
932 4224 1039 4292 locum
1054 4222 1213 4311 obtinent,
1236 4245 1311 4315 qum
1327 4244 1425 4319 perso
