3050 4984
521 536 596 584 rses
618 535 764 582 secunus.
1144 509 1206 578 lii

62 679 128 725 eur
156 655 315 725 inutiliter
337 656 489 724 omnium
513 655 649 725 omnino
666 654 887 726 formularum
906 663 1059 743 congestu
1080 652 1207 724 sercins

63 774 208 832 onustus
223 771 375 832 cnutus
386 762 531 854 prodiret
548 763 607 856 (1).

565 1005 718 1019 m

413 1285 666 1367 COLLECTIO
701 1286 870 1368 PRIMA.

177 1494 334 1546 ROMULAE
355 1493 430 1553 QUAE
452 1495 495 1547 lt>
515 1495 620 1547 GURIAE
636 1495 842 1548 misceretis
862 1493 1100 1546 osotssitorrmt

533 1585 748 1636 uersuum.

625 1859 651 1926 l.

209 2051 352 2098 sonuum
375 2052 590 2099 exemerimus
612 2053 809 2098 csttcttiusu
832 2050 886 2097 SEU
909 2051 1061 2097 uetustus.

111 2269 205 2337 Hunc
219 2270 328 2360 primo
339 2271 411 2339 loco
420 2273 584 2361 ponimus,
598 2271 765 2361 quiscum
778 2269 913 2337 debeant
925 2276 1042 2336 emtore
1057 2267 1207 2358 Episcopi

64 2383 140 2442 ecte
152 2397 210 2465 per
224 2376 405 2443 cancellarii
421 2376 692 2467 subscriptionem
706 2373 933 2458 authenticum,
950 2375 984 2440 in
1005 2371 1208 2440 efformsude

64 2479 160 2548 curis
170 2480 314 2572 expedit,
325 2491 362 2549 ut
373 2491 447 2550 ente
461 2483 574 2550 omniu
584 2505 681 2550 suum
697 2482 877 2573 Episcopus
888 2478 1118 2548 rencellurium
1129 2500 1207 2546 cou-

64 2589 191 2655 stituut.
207 2587 303 2655 Illum
317 2611 395 2656 vero
410 2588 589 2656 formulam
603 2589 649 2656 sic
664 2587 795 2656 exhibet
809 2586 1006 2672 Mouecellus
1021 2585 1171 2677 (Formui
1192 2623 1208 2636 -

63 2695 159 2764 sium
172 2695 286 2784 lequie,
302 2704 393 2786 purte
410 2695 501 2780 t,tit.
522 2699 553 2780 1,
571 2695 715 2764 iormnle
732 2695 774 2785 5).

111 2873 127 2904 «
146 2848 201 2924 N.,
221 2847 401 2931 Episcopus
422 2847 463 2914 N.
480 2882 519 2894 -
532 2847 665 2923 Dilecto,
686 2855 744 2910 etc.-
763 2881 804 2893 -
819 2847 904 2912 Cum
923 2847 962 2909 de
981 2845 1094 2908 idoneo
1118 2843 1204 2910 Gon·

64 2955 199 3019 cellurio
215 2954 388 3036 providere
405 2954 586 3036 cupiemus,
606 2954 667 3036 qui
684 2953 786 3020 Nobis
805 2961 836 3017 et
855 2951 1013 3017 tribrmoii
1028 2957 1136 3014 nostro
1156 2952 1206 3013 in-

63 3063 204 3140 serviat,
229 3069 261 3124 et
283 3080 355 3144 que
378 3063 412 3123 in
436 3060 491 3124 illo
513 3060 642 3142 spendo
667 3069 743 3124 sunt
767 3061 938 3142 diiipenier
958 3057 1151 3140 adimpleat,
1177 3065 1209 3120 et

63 3170 246 3250 scripturos
268 3168 426 3250 librosque
444 3167 492 3229 ud
506 3175 652 3230 nosram
674 3166 914 3232 Canceilariam
930 3172 1107 3248 spectantes
1125 3163 1205 3242 fide-

67 3275 142 3339 liter
160 3274 331 3352 custodiat,
350 3292 429 3356 erpa
446 3291 621 3356 personam
642 3281 734 3337 tuam
754 3275 871 3338 mentis
890 3273 993 3337 aciem
1011 3273 1203 3348 direximus,

99 3523 131 3579 (t)
150 3519 375 3583 Superveeunenm
387 3517 453 3568 toret
464 3529 635 3581 promouere,
648 3517 750 3583 dejure
764 3517 905 3580 communi,
922 3529 1006 3582 neque
1019 3515 1061 3565 hic
1078 3515 1204 3565 exhibitos

65 3599 201 3660 formulae,
222 3613 307 3663 neque
319 3597 416 3649 similes
429 3611 488 3663 qum
500 3596 569 3661 spui
583 3600 703 3648 auctores
720 3599 870 3656 occurrunt,
890 3611 947 3646 esse
966 3597 1113 3647 necessario
1131 3595 1206 3646 udhl-

65 3679 175 3730 hendm.
196 3680 241 3730 lue
257 3691 355 3742 nempe
374 3679 473 3728 nullum
490 3677 636 3741 prescribit
649 3681 748 3728 certum
761 3691 808 3728 sou
825 3677 1025 3728 determinatum
1037 3676 1205 3726 formularum

65 3765 202 3821 tenorem;
218 3758 265 3808 sed
282 3757 342 3808 setis
360 3761 440 3808 estut
460 3756 582 3822 quoslibet
601 3756 721 3818 termule,
739 3769 904 3820 quocumque
923 3755 1002 3806 modo
1021 3756 1160 3815 scribetur,
1173 3767 1204 3804 ee

66 3855 124 3907 qum
138 3839 171 3889 ‹le
182 3838 240 3904 jure
255 3839 421 3903 reqoiruutur
432 3838 570 3889 contineat.
591 3838 656 3888 Gum
670 3840 755 3887 sutem
772 3851 826 3888 non
839 3835 905 3886 sdeo
916 3835 992 3887 luciis
1011 3835 1053 3896 sit,
1069 3833 1203 3902 tyronibus

65 3919 220 3985 presertim,
238 3915 298 3968 huic
317 3917 459 3968 conditioni
476 3918 582 3982 proprio
596 3918 679 3966 merie
696 3915 852 3978 satisfecere,
866 3915 926 3966 ideo
944 3915 1106 3966 utilissimum
1125 3917 1165 3964 cst
1177 3913 1205 3964 in

64 4012 221 4064 unaqueque
239 3998 311 4048 curis
324 3997 498 4048 ecclesiastice
512 4001 596 4046 certes
610 3999 636 4045 et
651 3995 837 4048 neurmmetru
850 3996 947 4047 hebere
961 3996 1093 4056 immutes,
1113 4007 1170 4059 qum
1187 4007 1204 4043 u

66 4081 130 4132 viris
141 4078 313 4144 prudentibus
325 4077 465 4142 dispositus,
478 4077 520 4126 rel
534 4077 614 4140 longo
627 4091 676 4126 usu
695 4081 815 4142 receptes,
831 4077 885 4142 jem
901 4080 1041 4128 noscentur
1054 4076 1120 4141 juris
1137 4075 1204 4126 seori

65 4157 225 4226 praescriptis
237 4157 392 4207 conformes.
406 4159 459 4207 Iuro
473 4156 599 4221 ejusmodi
612 4156 729 4206 formulas
741 4160 851 4221 possunt
862 4156 918 4207 fleri
933 4157 1094 4221 obligatoriis
1108 4169 1139 4205 ex
1153 4159 1212 4219 stu·¹

67 4240 127 4291 tutis
150 4236 304 4287 dioeccsunis
322 4235 364 4285 rel
383 4249 414 4285 ex
433 4236 501 4301 stylo
516 4235 602 4287 cutim.
621 4238 762 4285 Aniciorum
774 4238 859 4286 sutem
873 4237 1032 4299 privatorum
1046 4235 1203 4296 formulario,

67 4321 144 4375 retde
156 4317 280 4390 prooem
291 4320 400 4388 possunt
412 4317 445 4373 eu
457 4316 586 4394 eiusmodi
597 4320 681 4369 metes
690 4315 815 4378 tornulo
827 4313 855 4368 iu
867 4329 942 4376 usum
955 4315 1125 4375 uincendus.
