3050 4984
560 532 634 583 raas
657 536 802 585 sncunna.
1186 512 1246 581 261

111 654 358 749 interloquendo
371 656 511 726 declaret
522 659 641 749 (textus
648 656 797 749 ejusdem
806 657 998 727 lastinianei
1012 657 1096 747 juris
1107 656 1165 749 qni
1179 655 1250 725 haec

111 764 261 853 pmbant,
275 762 433 834 indicatos
442 763 517 833 vide
527 764 614 857 apud
628 764 843 853 Leurenium,
858 766 979 833 Forum
990 764 1250 846 ecclesiasticum,

112 870 144 937 in
159 870 211 940 tit.
232 874 287 959 28,
304 871 379 939 libri
396 876 415 939 2
431 874 572 958 Deerat,
588 895 620 964 q.
639 874 747 963 11191).

153 978 195 1047 ll.
222 978 250 1047 E
264 989 388 1065 contra,
401 978 528 1070 dejure
543 977 713 1067 canonico,
730 987 805 1047 ante
831 978 1059 1047 'tridentinam
1074 979 1253 1071 synodum,

111 1086 273 1179 appellare
288 1084 404 1155 licebat
428 1086 469 1153 ab
495 1087 587 1155 omni
614 1086 773 1155 sententia
797 1085 1050 1174 interlocutoria,
1080 1094 1146 1155 eta
1167 1111 1254 1179 quo-

112 1216 253 1286 cumque
266 1193 470 1283 gravamine,
488 1194 556 1261 sive
571 1204 658 1280 0010,
670 1194 740 1262 sivo
755 1202 827 1285 post
841 1192 1047 1262 definitivam
1060 1196 1254 1264 sententiam

112 1301 221 1386 illato;
240 1308 336 1391 prout
352 1308 528 1369 constater
540 1300 644 1391 capite
654 1304 763 1392 Super
777 1323 826 1382 eo,
838 1307 870 1367 et
882 1322 923 1367 ex
934 1300 1039 1393 capite
1050 1302 1137 1369 Cum
1148 1302 1201 1383 sit,
1216 1300 1256 1370 de

111 1408 404 1501 Appellatiooibus.
432 1408 517 1476 Hinc
532 1430 617 1501 saepe
644 1410 852 1499 contingebat
876 1417 913 1477 ut
936 1408 1165 1500 appellaretur,
1189 1431 1254 1479 non

112 1523 238 1583 tantum
253 1514 294 1582 ab
308 1514 571 1600 interlocutoriis,
588 1515 644 1585 sed
660 1516 701 1583 ab
717 1513 1257 1584 interlocutoriaruminterloonto-

112 1622 190 1702 riis;
207 1630 239 1690 et
249 1622 295 1689 sic
309 1644 416 1691 causae
428 1622 619 1715 principalis
634 1622 753 1692 decisio
766 1622 891 1691 diutius
901 1620 1154 1713 impediebatur,
1171 1630 1202 1690 et
1216 1623 1257 1691 li·

111 1736 156 1797 tes
166 1738 300 1799 aeternae
314 1728 505 1817 evadebant,
519 1752 586 1799 non
602 1730 671 1799 sine
687 1729 822 1799 notabili
835 1727 1018 1820 disciplinae
1032 1729 1254 1799 ecclesiastice

112 1836 320 1907 detrimento.

155 1944 212 2011 lll.
239 1944 301 2013 Cui
319 1944 407 2014 malo
424 1952 459 2013 ut
474 1942 685 2013 mederentur
700 1944 884 2013 Tridentini
899 1944 1024 2030 Patres,
1039 1945 1185 2035 generali
1201 1968 1258 2014 re-

113 2052 191 2141 gula
213 2051 447 2143 appellationes
465 2052 506 2119 ab
531 2052 788 2121 interlocutoriis
801 2052 945 2120 sublatas
958 2051 1145 2121 voluerunt.
1163 2054 1258 2137 Quod

113 2158 236 2250 duplici
251 2161 381 2228 decreto
397 2158 630 2251 praestiterunt,
654 2158 764 2249 primo
780 2158 902 2227 scilicet
915 2159 1021 2249 capite
1035 2160 1187 2229 sessionis
1204 2165 1257 2248 13,

113 2264 197 2333 hanc
213 2266 363 2355 regulam
380 2274 564 2335 statuerunt
579 2265 686 2356 quoad
701 2288 815 2333 causas
831 2266 1028 2333 unitationis
1042 2279 1073 2335 ct
1088 2268 1260 2336 correctio-

112 2374 172 2455 nis,
188 2374 383 2453 habilitatis,
398 2387 429 2441 cl
441 2371 673 2453 indebilitatis,
686 2372 1049 2442 necnoncriminalibus.
1062 2372 1126 2441 Sed
1136 2384 1257 2464 postea,

114 2482 217 2572 capite
245 2484 284 2546 lo
311 2480 463 2548 sessionis
489 2483 545 2565 21,
575 2478 608 2546 id
630 2479 850 2547 extenderunt
874 2480 915 2548 ad
942 2502 1053 2547 omnes
1078 2501 1191 2548 causas
1216 2481 1258 2550 ad

114 2588 225 2656 lorum
238 2587 491 2655 ecclesiasticum
506 2586 751 2678 quomodolibet
765 2587 972 2677 pertinentes.

156 2694 217 2763 IV.
236 2694 397 2786 Exceptus
410 2702 519 2762 autem
536 2694 577 2761 ab
592 2716 630 2761 ea
640 2693 785 2782 generali
796 2693 911 2783 regula
922 2716 1017 2762 casus
1031 2705 1261 2786 expresserunt

114 2802 164 2870 his
179 2802 290 2871 verbis
307 2828 315 2868 :
332 2801 405 2871 Nisi
418 2822 598 2893 precamen
625 2798 821 2892 hujusmodi
837 2822 898 2893 per
910 2798 1115 2891 definitivam
1128 2814 1259 2871 senten-

115 2909 198 2977 tium
214 2908 376 3000 reparari,
395 2908 447 2976 cel
460 2908 502 2975 ab
517 2907 589 2998 ipso
605 2906 775 2998 definitiva
798 2907 963 2998 appellari
976 2930 1042 2975 non
1058 2908 1163 3000 possit
1181 2909 1262 3001 (ses-

114 3016 203 3084 sione
221 3019 276 3101 ta,
293 3039 321 3083 c.
353 3014 399 3104 1).
415 3014 489 3085 Nisi
503 3037 524 3081 α
538 3012 715 3105 definitivae
737 3014 806 3081 vim
819 3014 968 3096 tabente,
986 3027 1018 3081 et
1031 3016 1261 3107 0010090000-

114 3142 189 3189 mcn
203 3144 227 3189 a
238 3120 409 3209 definitiva
420 3120 573 3211 reparari
586 3132 725 3211 nequeat
744 3121 833 3209 (sess.
853 3122 908 3205 21,
924 3142 953 3187 0.
973 3120 1040 3210 to).
1058 3121 1154 3189 Unde
1168 3145 1261 3191 casus

113 3227 242 3320 excepti
257 3235 345 3314 sunt,
375 3231 407 3292 1ο
423 3227 450 3294 si
465 3249 531 3294 non
546 3226 645 3318 possit
660 3248 680 3293 a
695 3225 864 3295 definitiva
877 3226 1034 3319 appellari
1040 3254 1050 3313 ;
1069 3232 1102 3295 2·
1115 3229 1143 3297 si
1160 3230 1260 3298 inter-

114 3335 273 3406 locutoria
286 3335 356 3403 vim
372 3332 548 3404 definitivae
564 3335 696 3421 babeat,
716 3338 748 3401 3⁰
766 3334 794 3401 si
814 3356 1007 3423 gravamen,
1024 3358 1065 3403 ex
1081 3336 1261 3406 interlocu-

114 3444 196 3513 toria
208 3442 418 3535 proveniens,
437 3464 495 3533 per
508 3441 710 3510 definitivam
728 3441 874 3534 reparari
890 3464 957 3509 non
971 3442 1082 3533 possit.

160 3550 305 3633 ansrro
321 3554 367 3617 9³.
396 3586 439 3601 -
465 3551 514 3618 An
529 3548 625 3617 delier
644 3548 824 3641 appellatio
854 3548 890 3616 ln
915 3548 1022 3616 causas
1049 3551 1204 3619 notorias?
1220 3590 1262 3603 -

115 3658 255 3739 Quando
285 3678 327 3725 ex
357 3655 544 3725 notorietate
578 3656 711 3747 publica
748 3664 872 3723 constat
899 3654 1043 3747 aliquem
1075 3657 1261 3748 deliquisse,

115 3774 220 3856 potest
242 3763 344 3855 judex
361 3762 582 3831 damnationis
608 3763 800 3831 sententiam
825 3761 924 3848 ferre,
943 3784 1008 3830 non
1024 3765 1161 3832 servatis
1175 3764 1265 3832 ordi-

116 3873 201 3941 narii
213 3870 327 3963 judicii
344 3869 480 3958 lormis;
498 3870 587 3961 quia,
606 3892 681 3963 qum
696 3870 823 3938 notoria
839 3876 928 3955 sunt,
943 3869 1190 3959 investigatione
1197 3895 1263 3941 non

116 3976 277 4069 indigent.
297 3978 399 4046 Porro
424 4000 443 4045 a
471 3976 638 4045 sententiis
665 3976 830 4069 ejusmodi
852 3999 893 4043 aa·
909 3976 1105 4044 notorlctote
1119 3978 1264 4068 prolatis,

118 4108 185 4155 non
200 4086 272 4153 dari
296 4084 560 4177 appellationem,
585 4106 645 4175 pro
670 4083 816 4173 generali
831 4082 945 4173 regula
962 4082 1110 4152 doctores
1125 4095 1264 4176 ponunt.

117 4192 202 4260 Eam
216 4200 326 4261 antem
342 4190 583 4259 conclusionem
600 4188 766 4259 deducunt
789 4214 831 4260 ex
857 4190 965 4282 capite
994 4192 1081 4258 Cum
1099 4191 1142 4259 sit
1166 4196 1197 4279 5,
1225 4218 1267 4263 ex

119 4298 225 4393 capite
241 4299 392 4371 Peruenit
411 4302 465 4387 13,
487 4307 519 4369 et
534 4320 575 4368 ex
598 4298 702 4403 capite
722 4297 892 4372 emortua
913 4301 965 4386 11,
981 4297 1066 4365 tituli
1082 4300 1137 4387 28,
1156 4299 1232 4371 libri
1248 4308 1267 4377 2
