3050 4984
526 522 601 569 rins
623 523 770 572 securas.
1152 503 1211 568 451

75 644 266 737 simpliciter
283 643 387 714 eludia
409 645 485 733 sint,
507 644 563 714 sed
586 644 759 715 moraliter
778 656 877 727 eata,
899 652 976 713 tunc
991 643 1217 735 prestandum

74 762 123 821 est
143 752 368 844 juramentum
383 752 424 821 ab
439 758 578 844 utroque
602 752 755 844 conjuge,
773 774 847 821 cum
868 750 1008 841 septimo
1032 773 1159 835 meam
1184 751 1219 820 id

74 868 135 947 est,
148 883 224 930 cum
239 868 362 952 septem
374 860 442 929 suis
455 858 706 949 consanguineis
719 866 777 927 aut
788 857 1049 948 (consanguineis
1065 856 1219 929 deficien-

73 966 174 1056 tibus)
197 967 332 1036 totidem
351 965 471 1035 vicinis
494 993 502 1035 ε
528 974 560 1035 et
575 966 731 1057 conjuges
746 964 879 1057 quidem
894 964 1064 1057 jurabunt,
1081 988 1115 1035 se
1132 967 1219 1037 coire

73 1096 143 1142 non
157 1096 270 1166 posse;
287 1072 345 1143 alii
357 1096 450 1161 vero,
466 1096 500 1142 se
514 1072 645 1142 credere
660 1072 762 1142 dictos
778 1072 933 1164 conjuges
946 1074 1073 1165 jurasse
1087 1096 1217 1146 verum.

71 1182 193 1251 Peritis
207 1204 288 1273 ergo
300 1204 343 1251 ex
357 1180 555 1273 inspectione
562 1179 787 1271 judicantibus
802 1180 1021 1249 verisimiliter
1032 1180 1144 1249 adesse
1157 1180 1221 1250 im-

71 1288 265 1382 potentiam,
282 1298 314 1357 et
328 1287 601 1359 concordantibus
611 1287 807 1379 juramentis
822 1288 1001 1379 conjugum
1027 1296 1059 1357 et
1073 1289 1221 1381 septima

71 1418 205 1483 manus,
223 1396 419 1467 solutionem
445 1395 646 1464 matrimonii
673 1394 902 1485 pronuntiabit
922 1393 1038 1485 judex,
1064 1404 1162 1486 prout
1187 1396 1222 1463 in

72 1527 155 1573 oasa
168 1504 341 1595 signorum
355 1516 531 1572 certorum.
560 1501 597 1570 Si
612 1524 691 1573 vero
705 1500 891 1571 discordent
904 1501 1059 1593 praedicta
1072 1502 1225 1573 testimo-

71 1612 144 1701 nia,
161 1620 236 1702 aget
249 1610 353 1703 judex
371 1616 468 1703 proat
484 1610 519 1679 in
547 1630 637 1697 casu,
654 1631 720 1701 quo
735 1608 837 1678 dudio
850 1607 1021 1679 dumtaxat
1046 1610 1140 1700 signa
1163 1611 1224 1680 ob-

72 1727 167 1790 tenta
181 1729 270 1789 sunt.

119 1828 264 1911 Quasno
292 1832 337 1895 δ’.
361 1866 406 1879 -
434 1824 524 1910 Quid
543 1828 652 1917 secere
676 1824 791 1895 debeat
806 1826 916 1918 judeo
938 1826 1176 1910 ecclesiasticus,
1195 1830 1224 1896 si

74 1949 245 2005 transacto
257 1935 417 2004 triennali
428 1934 649 2027 experimento
662 1933 810 2003 madum
825 1948 1010 2028 appareant
1025 1958 1082 2004 nec
1095 1936 1197 2027 simpl
1202 1936 1225 1989 '-

73 2045 158 2112 citer
169 2066 228 2113 nec
243 2044 414 2113 moraliter
426 2055 515 2112 certo
529 2042 735 2133 impotentiae
748 2042 845 2133 sipna
857 2046 872 2109 l
886 2080 931 2095 -
948 2046 979 2110 1.
998 2043 1035 2113 Si
1050 2042 1224 2114 matrimo-

72 2152 174 2221 nium
186 2174 264 2221 vere
277 2158 539 2220 consummatum
551 2148 722 2239 negetvir,
735 2148 876 2217 affirmet
888 2170 968 2219 vero
980 2151 1127 2239 immina,
1141 2150 1223 2220 fides

72 2258 254 2328 affirmanti
268 2257 428 2342 habenda,
446 2265 477 2326 et
491 2255 650 2325 sententia
664 2277 724 2347 pro
739 2254 938 2326 matrimonii
959 2256 1069 2327 valore
1090 2256 1225 2326 ferenda

74 2376 136 2436 est.
150 2366 246 2435 Ratio
261 2372 321 2453 est,
337 2365 416 2457 quia
429 2365 466 2433 in
480 2363 550 2455 pari
565 2352 662 2432 causa
671 2364 779 2454 potior
793 2372 842 2433 est
855 2361 999 2433 conditio
1015 2363 1221 2455 possidentis,

72 2496 137 2543 nec
152 2474 368 2565 presumitur
380 2462 469 2564 quod
483 2469 619 2540 immina
633 2470 706 2539 viro
720 2470 891 2562 impotenti
907 2470 1091 2541 cohabitare
1107 2480 1139 2540 et
1159 2480 1224 2541 ste·

73 2580 149 2649 ritis
163 2602 320 2673 apparere
331 2579 424 2649 velit.

122 2693 156 2756 2.
174 2688 212 2758 Si
226 2694 338 2757 contra
351 2685 490 2756 foemina
504 2693 600 2777 neget
609 2694 872 2755 consummatum
885 2708 954 2757 esse
962 2686 1223 2778 matrimonium,

73 2795 251 2865 vitantem
267 2794 422 2881 affirmet,
436 2794 518 2862 fides
541 2793 691 2863 habenda
709 2801 758 2862 est
778 2794 851 2863 viro
875 2794 952 2886 (nisi
972 2804 1082 2865 tamen
1105 2796 1223 2867 medici

73 2900 280 2971 affirmarent
295 2910 417 2970 certam
432 2900 656 2992 impotentiam
669 2900 746 2988 viri,
764 2901 817 2969 vel
827 2910 986 2969 matronae
1003 2925 1143 2972 uxorem
1153 2927 1222 2973 essa

73 3007 185 3077 adbuc
206 3008 393 3098 virginem3
410 3007 489 3099 quia
514 3014 594 3075 tunc
618 3007 902 3099 pronuntiandum
928 3017 1012 3077 esset
1034 3031 1094 3101 pro
1118 3032 1222 3081 uxore

73 3124 192 3184 eontra
204 3114 343 3206 virum).

122 3226 156 3291 3.
188 3222 224 3291 Si
249 3221 357 3292 adhuc
383 3229 457 3314 post
474 3221 669 3291 triennalem
696 3222 932 3314 experientiam
947 3216 1085 3317 uterque
1100 3228 1222 3319 conjux

72 3336 301 3427 impotentiam
316 3335 505 3405 alterutrius
518 3334 671 3423 affirmet,
687 3334 729 3404 ad
744 3333 921 3403 tollendam
936 3336 1124 3407 collusionis
1144 3364 1223 3410 sus-

73 3444 252 3537 picionem,
279 3442 374 3511 debet
395 3443 499 3535 judex
521 3443 567 3510 eis
593 3440 721 3511 deterre
742 3442 966 3533 juramentum
994 3447 1220 3536 praestandum

73 3574 156 3619 cum
169 3550 309 3642 septima
333 3572 447 3632 manu,
462 3550 496 3617 id
512 3557 572 3635 est,
589 3571 664 3617 aum
688 3556 813 3641 septem
840 3552 1089 3641 consanguineis
1111 3555 1221 3626 viriet

73 3656 215 3727 totidem
231 3657 381 3727 mulieris
406 3657 470 3745 (vel
494 3655 626 3725 totidem
642 3655 771 3743 vicinis,
793 3657 821 3724 si
848 3658 1080 3747 consanguinei
1101 3660 1219 3751 desint,

73 3766 129 3835 vel
144 3765 356 3856 paucioribus
369 3766 397 3833 si
411 3772 458 3832 tot
472 3763 584 3833 haberi
602 3764 787 3855 nequeant).
805 3764 889 3832 Com
905 3786 984 3855 crgo
998 3766 1153 3857 conjuges
1165 3772 1221 3861 ju-

72 3869 225 3940 raverint
239 3870 350 3941 adesse
364 3871 606 3962 impotentiam,
624 3878 656 3939 et
670 3869 820 3961 praedicti
832 3872 1066 3963 consanguinei
1079 3875 1220 3947 vicinive

72 3987 132 4047 aut
147 3978 292 4048 honestae
307 3999 453 4069 persona
465 3977 661 4069 juraverint,
677 4000 711 4045 se
725 3978 856 4046 credere
872 3979 1026 4069 conjuges
1041 3979 1220 4055 affirmasse
1237 4022 1240 4031 ·

73 4108 207 4174 rerum,
220 4086 324 4178 judex
346 4086 480 4154 irritum
493 4085 743 4153 matrimonium
758 4087 960 4177 pronuntiet,
975 4094 1006 4154 et
1021 4085 1069 4153 illi
1083 4090 1141 4179 qui
1157 4114 1222 4183 po.

75 4202 148 4262 tens
160 4203 210 4261 est
223 4192 264 4261 ad
278 4193 359 4262 alias
375 4194 504 4284 nuptias
518 4194 657 4259 transire
671 4192 847 4283 permittat.

120 4302 265 4383 Quasno
277 4303 321 4369 θ’.
333 4301 412 4368 -Α
425 4321 489 4391 qao
505 4312 649 4391 tempore
662 4298 924 4391 computandum
938 4300 979 4368 sit
994 4299 1153 4371 triennale
1165 4327 1222 4375 ecc·
