3050 4984
284 475 322 537 66
658 491 833 538 assereres
856 492 894 538 nr
917 491 1050 538 stercus.

279 613 356 680 serit
389 613 430 702 (te
447 624 620 704 presente,
648 635 705 680 nec
727 613 938 694 reclamante,
965 635 1022 680 nec
1044 611 1221 703 quicquum
1243 609 1422 701 superior

279 720 468 811 excipiente,
493 718 641 810 infamia
664 719 871 810 inquisitione
890 720 1020 809 omissa)
1043 718 1090 787 od
1105 718 1277 787 ueritatem
1291 738 1422 784 eornm·
1512 728 1513 805 ζ

278 827 351 896 dem
363 825 541 895 criminum
555 826 788 918 inquirendam
796 852 809 910 ,·
815 846 1002 919 processum
1010 824 1216 918 hujusmodi,
1233 847 1274 892 erc
1289 846 1324 891 eo
1334 823 1424 915 quod
1512 852 1513 921 ῃ

279 935 429 1025 nonfuit
451 931 490 1002 de
509 933 650 1024 infamio
666 933 826 1024 primitus
848 935 1056 1026 inquisitum,
1078 933 1214 1002 ulterius
1227 933 1423 1024 impuqnure
1512 934 1513 981 3

277 1040 434 1132 nequibis.
462 1039 512 1108 Ex
537 1062 602 1131 quo
625 1049 719 1108 textu
742 1041 789 1108 sic
811 1043 907 1131 argui
930 1042 1026 1109 licet:
1045 1050 1123 1108 tunc
1144 1039 1332 1131 impugnari
1356 1061 1421 1106 non
1512 1124 1513 1129 ἵ

276 1170 370 1239 posse
394 1170 580 1239 processum
603 1148 642 1216 ob
657 1148 812 1217 omissum
829 1150 992 1240 praeviam
1011 1148 1161 1241 infamia
1179 1146 1423 1239 inquisitionem

276 1255 476 1342 decernitur,
489 1252 1421 1346 quandoreuspraesensluit,etvidenshancomissionem
1512 1336 1513 1339 Ἴ

277 1384 342 1430 non
364 1359 576 1430 reclamavit:
593 1384 671 1450 ergo
691 1383 766 1430 reus
783 1362 960 1431 reclamare
978 1370 1083 1454 potest
1100 1370 1132 1430 et
1153 1383 1337 1453 processum
1357 1360 1423 1426 im-

275 1491 423 1560 pugnare
446 1468 488 1536 ob
513 1468 665 1536 omissam
687 1468 844 1559 praeviam
865 1470 1011 1538 iniamiae
1037 1469 1280 1559 inquisitionem
1309 1494 1317 1534 ι
1342 1489 1423 1555 argo

276 1576 455 1644 necessaria
469 1583 516 1642 est
536 1575 660 1666 pravis
675 1575 760 1644 circa
776 1575 945 1644 infamiam
967 1575 1135 1668 inquisitio
1154 1602 1162 1642 ε
1179 1596 1259 1664 ergo
1278 1573 1319 1642 de
1337 1574 1424 1644 inla-

275 1682 341 1750 mia
361 1683 453 1774 prius
468 1689 614 1749 constare
628 1682 734 1770 debet,
751 1707 851 1775 quam
867 1683 967 1775 possit
981 1683 1017 1750 in
1032 1705 1231 1774 quemquam
1248 1681 1422 1772 inquisito-

274 1790 322 1858 rie
343 1788 473 1881 procedi
501 1813 604 1878 :ergo
629 1811 694 1856 non
719 1789 782 1858 nisi
802 1790 837 1857 in
859 1789 1041 1859 diffamatos
1063 1789 1267 1882 inquisitoris
1291 1788 1422 1880 procedi

274 1906 388 1988 potest.
418 1895 604 1964 Notandum
633 1905 754 1983 tamen,
786 1898 846 1965 etsi
875 1919 1004 1989 semper
1028 1896 1131 1988 judici
1160 1898 1251 1987 prius
1275 1903 1424 1964 constare

274 2003 388 2070 debeat
402 2003 442 2070 de
458 2002 607 2089 infamia,
630 2025 695 2070 non
712 2025 840 2094 semper
856 2012 962 2071 tamen
978 2025 1053 2072 eum
1073 2003 1175 2071 teneri
1190 2001 1230 2070 nd
1247 2001 1424 2093 inquiren·
1512 2058 1513 2061 ,

274 2109 352 2178 dum
366 2109 406 2177 de
421 2131 469 2177 ea.
487 2109 522 2177 si
538 2109 625 2177 enim
640 2133 680 2176 eu
695 2131 785 2178 mero
798 2110 904 2201 officio
920 2110 1085 2201 procedat,
1101 2119 1133 2176 et
1149 2109 1211 2200 ipsi
1227 2107 1426 2177 sufficienter

274 2225 397 2284 corastet
423 2215 464 2284 de
491 2215 640 2300 iufamia,
670 2215 832 2284 inutiliter
854 2217 895 2284 ad
917 2239 989 2285 eam
1012 2215 1213 2308 probandam
1236 2235 1423 2306 processum

273 2323 463 2408 instrueret;
488 2323 540 2389 cui
562 2324 648 2389 enim
670 2323 834 2414 probaret,
855 2324 918 2391 nisi
943 2323 1026 2391 sibit
1051 2322 1086 2391 Si
1106 2344 1185 2391 vero
1207 2320 1359 2412 procedat
1380 2322 1425 2389 ad

275 2429 470 2496 instantium
491 2429 627 2497 ulterius
650 2429 697 2518 (ut
715 2438 783 2496 erat
804 2453 897 2498 casus
912 2431 946 2497 in
961 2431 1115 2520 prasenti
1131 2429 1308 2517 decretali),
1329 2427 1426 2495 debet

274 2535 365 2627 prius
379 2535 502 2626 inquiri
518 2542 549 2601 et
568 2534 763 2625 judicialiter
779 2537 911 2626 probari
927 2537 1082 2613 inlamia;
1101 2536 1181 2626 quia
1200 2544 1277 2603 tunc
1297 2534 1345 2601 illi
1365 2537 1426 2624 qui

274 2643 460 2710 instantiam
492 2641 568 2708 lacit
597 2641 757 2709 incumbit
785 2641 955 2711 infamiam
986 2642 1073 2735 apud
1098 2642 1241 2733 judicem
1268 2641 1421 2732 probare.

273 2748 337 2816 Sed
359 2750 394 2814 in
416 2757 553 2838 utroque
571 2769 647 2816 casu
672 2771 788 2817 varum
812 2757 957 2817 remanet
981 2749 1174 2841 praerequiri
1194 2749 1362 2816 infamiam
1386 2759 1427 2815 ut

273 2857 307 2922 in
327 2855 470 2946 aliquem
495 2855 701 2945 inquisitoris
726 2856 856 2946 procedi
881 2858 991 2946 possit.
1017 2856 1110 2924 Hanc
1129 2858 1234 2924 citatae
1254 2856 1425 2924 decretalis

274 2962 569 3054 interpretationem
600 2961 773 3030 confirmat
803 2963 943 3052 glossa:
973 2988 990 3028 a
1016 2963 1105 3056 Papa
1135 2962 1297 3030 commisit
1324 2962 1426 3030 alicui

279 3097 295 3134 n
319 3069 564 3160 inquisitionem
579 3067 770 3160 simpliciter
783 3069 964 3138 faciendam
980 3092 1079 3161 super
1094 3070 1204 3162 aliquo
1219 3069 1374 3149 crimine;
1392 3080 1427 3136 et

279 3205 295 3240 e
320 3176 381 3244 luit
399 3174 481 3242 iacta
502 3175 669 3266 inquisitio
684 3175 725 3243 ad
742 3188 925 3268 requestam
941 3177 1085 3265 alterius,
1103 3199 1171 3244 non
1185 3185 1294 3245 autem
1312 3198 1354 3244 ex
1366 3177 1428 3243 ol-

280 3311 296 3349 α
322 3282 405 3350 ficio.
430 3281 563 3349 Certum
583 3281 733 3373 estquod
756 3283 810 3350 ille
828 3283 1002 3374 inquisitor
1016 3283 1110 3352 debet
1127 3283 1233 3351 facere
1248 3283 1330 3350 duos
1344 3305 1429 3373 pro—

280 3421 296 3456 u
316 3413 424 3458 cessus
445 3416 452 3455 :
471 3389 614 3480 primum
636 3411 735 3480 super
755 3389 904 3478 infamia,
924 3414 965 3459 an
986 3391 1041 3459 ille
1061 3391 1103 3458 sit
1121 3390 1307 3459 diffamatus
1325 3416 1333 3456 ε
1349 3399 1381 3456 et
1396 3392 1428 3459 si

281 3526 297 3564 a
322 3520 379 3589 per
395 3496 639 3586 inquisitionem
653 3496 793 3587 reperiat
808 3519 884 3566 eum
900 3520 966 3565 non
983 3497 1201 3584 diffamatum,
1217 3520 1286 3566 nou
1305 3519 1430 3588 proce—

282 3635 296 3670 r
322 3607 375 3672 det
391 3604 431 3670 ad
449 3602 681 3694 inquirendum
697 3604 737 3670 de
757 3605 892 3672 veritate
905 3605 1063 3673 criminis.
1081 3604 1145 3673 Sed
1161 3625 1320 3696 ponamus
1335 3607 1431 3694 quod

283 3741 299 3778 a
323 3710 495 3802 inquisitor
509 3710 617 3777 omisit
633 3709 732 3777 istum
747 3710 899 3778 ordinem
917 3737 925 3778 :
942 3712 1019 3802 quia
1031 3711 1139 3802 primo
1150 3710 1224 3780 lecit
1238 3711 1433 3802 inquisitio-

283 3848 300 3887 α
324 3841 397 3888 nern
412 3838 508 3907 super
520 3815 654 3884 veritate
667 3815 826 3903 criminis,
840 3825 871 3886 et
885 3817 1081 3885 criminosus
1093 3839 1159 3884 non
1169 3818 1320 3908 opposuit
1334 3820 1434 3908 quod

264 3909 462 3994 'coenabat
488 3923 594 4014 primo
621 3922 724 3990 lacere
745 3924 987 4014 inquisitionem
1013 3946 1114 4015 super
1137 3924 1284 3991 infamia.
1309 3923 1436 3994 Postea

286 4063 302 4103 c
327 4030 536 4124 inquisitione
556 4028 638 4096 laeta
659 4051 757 4120 snper
776 4030 911 4098 veritate
929 4031 1087 4118 criminis,
1107 4031 1176 4121 ipse
1194 4038 1306 4098 contra
1324 4052 1438 4121 quem

286 4170 303 4208 a
325 4138 529 4210 incaluerat
547 4136 727 4228 inquisitio,
755 4137 856 4204 voluit
874 4137 1027 4226 allegare,
1050 4135 1139 4228 quod
1161 4137 1269 4228 primo
1286 4136 1440 4210 debebat

284 4273 299 4314 n
322 4245 423 4342 judex
436 4243 602 4335 inquirere
617 4263 714 4332 super
728 4241 875 4328 infamia,
891 4265 991 4334 quam
1004 4264 1104 4333 super
1113 4243 1249 4311 renate
1258 4243 1434 4317 criminis
