<?xml version="1.0" encoding="UTF-8"?>
<!DOCTYPE html PUBLIC "-//W3C//DTD XHTML 1.0 Transitional//EN"
    "http://www.w3.org/TR/xhtml1/DTD/xhtml1-transitional.dtd">
<html xmlns="http://www.w3.org/1999/xhtml" xml:lang="en" lang="en">
 <head>
  <title>
</title>
<meta http-equiv="Content-Type" content="text/html;charset=utf-8" />
  <meta name='ocr-system' content='tesseract 3.04.00' />
  <meta name='ocr-capabilities' content='ocr_page ocr_carea ocr_par ocr_line ocrx_word'/>
</head>
<body>
  <div class='ocr_page' id='page_1' title='image "./tractatusdejudi00goog_0242.png"; bbox 0 0 3050 4984; ppageno 0'>
   <div class='ocr_carea' id='block_1_1' title="bbox 274 459 1040 529">
    <p class='ocr_par' dir='ltr' id='par_1_1' title="bbox 274 459 1040 529">
     <span class='ocr_line' id='line_1_1' title="bbox 274 459 1040 529; baseline 0.005 -6"><span class='ocrx_word' id='word_1_1' title='bbox 274 459 340 523; x_wconf 71' lang='grc'><strong>234</strong></span> <span class='ocrx_word' id='word_1_2' title='bbox 644 482 818 527; x_wconf 71' lang='lat' dir='ltr'><strong>coacturus</strong></span> <span class='ocrx_word' id='word_1_3' title='bbox 847 482 885 526; x_wconf 85' lang='lat' dir='ltr'><strong>ou</strong></span> <span class='ocrx_word' id='word_1_4' title='bbox 907 482 1040 529; x_wconf 81' lang='lat' dir='ltr'><strong>ruotcus.</strong></span> 
     </span>
    </p>
   </div>
   <div class='ocr_carea' id='block_1_2' title="bbox 270 601 1517 4016">
    <p class='ocr_par' dir='ltr' id='par_1_2' title="bbox 270 601 1425 1013">
     <span class='ocr_line' id='line_1_2' title="bbox 275 601 1423 696; baseline 0.01 -30"><span class='ocrx_word' id='word_1_5' title='bbox 275 620 315 667; x_wconf 85' lang='lat' dir='ltr'><strong>ex</strong></span> <span class='ocrx_word' id='word_1_6' title='bbox 336 620 402 690; x_wconf 85' lang='lat' dir='ltr'><strong>qua</strong></span> <span class='ocrx_word' id='word_1_7' title='bbox 423 604 528 669; x_wconf 89' lang='lat' dir='ltr'><strong>motus</strong></span> <span class='ocrx_word' id='word_1_8' title='bbox 550 608 598 668; x_wconf 89' lang='lat' dir='ltr'><strong>est</strong></span> <span class='ocrx_word' id='word_1_9' title='bbox 618 601 658 670; x_wconf 86' lang='lat' dir='ltr'><strong>ad</strong></span> <span class='ocrx_word' id='word_1_10' title='bbox 681 602 871 671; x_wconf 85' lang='lat' dir='ltr'><strong>seutentiam</strong></span> <span class='ocrx_word' id='word_1_11' title='bbox 894 603 1077 684; x_wconf 69' lang='lat' dir='ltr'><strong>ferendum</strong></span> <span class='ocrx_word' id='word_1_12' title='bbox 1103 606 1180 696; x_wconf 89' lang='lat' dir='ltr'><strong>quia</strong></span> <span class='ocrx_word' id='word_1_13' title='bbox 1196 606 1232 673; x_wconf 90' lang='lat' dir='ltr'><strong>iu</strong></span> <span class='ocrx_word' id='word_1_14' title='bbox 1255 606 1356 676; x_wconf 88' lang='lat' dir='ltr'><strong>dubio</strong></span> <span class='ocrx_word' id='word_1_15' title='bbox 1379 630 1423 677; x_wconf 88' lang='lat' dir='ltr'><strong>cx</strong></span> 
     </span>
     <span class='ocr_line' id='line_1_3' title="bbox 271 706 1422 807; baseline 0.01 -35"><span class='ocrx_word' id='word_1_16' title='bbox 271 706 359 797; x_wconf 88' lang='lat' dir='ltr'><strong>justa</strong></span> <span class='ocrx_word' id='word_1_17' title='bbox 377 728 473 776; x_wconf 89' lang='lat' dir='ltr'><strong>causa</strong></span> <span class='ocrx_word' id='word_1_18' title='bbox 494 708 723 799; x_wconf 73' lang='lat' dir='ltr'><strong>pronuntiasse</strong></span> <span class='ocrx_word' id='word_1_19' title='bbox 746 711 974 807; x_wconf 69' lang='lat' dir='ltr'><strong>presumitur,</strong></span> <span class='ocrx_word' id='word_1_20' title='bbox 999 721 1038 781; x_wconf 91' lang='lat' dir='ltr'><strong>ut</strong></span> <span class='ocrx_word' id='word_1_21' title='bbox 1055 719 1181 781; x_wconf 87' lang='lat' dir='ltr'><strong>constat</strong></span> <span class='ocrx_word' id='word_1_22' title='bbox 1203 715 1362 806; x_wconf 78' lang='lat' dir='ltr'><strong>cacapite</strong></span> <span class='ocrx_word' id='word_1_23' title='bbox 1381 719 1422 783; x_wconf 79' lang='lat' dir='ltr'><strong>Iu</strong></span> 
     </span>
     <span class='ocr_line' id='line_1_4' title="bbox 270 814 1425 911; baseline 0.009 -30"><span class='ocrx_word' id='word_1_24' title='bbox 270 815 449 906; x_wconf 70' lang='lat' dir='ltr'><strong>prasentia</strong></span> <span class='ocrx_word' id='word_1_25' title='bbox 462 816 509 905; x_wconf 83' lang='grc'><strong>(6,</strong></span> <span class='ocrx_word' id='word_1_26' title='bbox 525 814 566 883; x_wconf 80' lang='lat' dir='ltr'><strong>dc</strong></span> <span class='ocrx_word' id='word_1_27' title='bbox 578 817 732 907; x_wconf 78' lang='lat' dir='ltr'><strong>lienum.)</strong></span> <span class='ocrx_word' id='word_1_28' title='bbox 749 826 836 887; x_wconf 83' lang='lat' dir='ltr'><strong>etex</strong></span> <span class='ocrx_word' id='word_1_29' title='bbox 855 819 959 910; x_wconf 89' lang='lat' dir='ltr'><strong>capite</strong></span> <span class='ocrx_word' id='word_1_30' title='bbox 974 819 1070 888; x_wconf 80' lang='lat' dir='ltr'><em>Sicut</em></span> <span class='ocrx_word' id='word_1_31' title='bbox 1085 820 1153 911; x_wconf 85' lang='grc'><strong>(16,</strong></span> <span class='ocrx_word' id='word_1_32' title='bbox 1175 818 1215 888; x_wconf 79' lang='lat' dir='ltr'><strong>de</strong></span> <span class='ocrx_word' id='word_1_33' title='bbox 1229 822 1323 889; x_wconf 81' lang='lat' dir='ltr'><strong>Seat.</strong></span> <span class='ocrx_word' id='word_1_34' title='bbox 1340 834 1372 890; x_wconf 85' lang='lat' dir='ltr'><strong>et</strong></span> <span class='ocrx_word' id='word_1_35' title='bbox 1389 847 1425 891; x_wconf 87' lang='lat' dir='ltr'><strong>re</strong></span> 
     </span>
     <span class='ocr_line' id='line_1_5' title="bbox 270 920 366 1013; baseline 0.021 -2"><span class='ocrx_word' id='word_1_36' title='bbox 270 920 366 1013; x_wconf 67' lang='lat' dir='ltr'><strong>ruat</strong></span> 
     </span>
    </p>

    <p class='ocr_par' dir='ltr' id='par_1_3' title="bbox 276 1029 1427 2086">
     <span class='ocr_line' id='line_1_6' title="bbox 322 1029 1424 1123; baseline 0.009 -29"><span class='ocrx_word' id='word_1_37' title='bbox 322 1056 338 1094; x_wconf 82' lang='grc' dir='ltr'>ι</span> <span class='ocrx_word' id='word_1_38' title='bbox 361 1029 439 1097; x_wconf 87' lang='lat' dir='ltr'>Dixi</span> <span class='ocrx_word' id='word_1_39' title='bbox 465 1029 688 1121; x_wconf 76' lang='lat' dir='ltr'><strong>repuleriter:</strong></span> <span class='ocrx_word' id='word_1_40' title='bbox 711 1030 923 1122; x_wconf 86' lang='lat' dir='ltr'><strong>excipiuntur</strong></span> <span class='ocrx_word' id='word_1_41' title='bbox 942 1033 1031 1100; x_wconf 90' lang='lat' dir='ltr'><strong>enim</strong></span> <span class='ocrx_word' id='word_1_42' title='bbox 1052 1032 1237 1123; x_wconf 82' lang='lat' dir='ltr'><strong>complures</strong></span> <span class='ocrx_word' id='word_1_43' title='bbox 1255 1057 1363 1121; x_wconf 87' lang='lat' dir='ltr'><strong>casus,</strong></span> <span class='ocrx_word' id='word_1_44' title='bbox 1387 1037 1424 1104; x_wconf 91' lang='lat' dir='ltr'><strong>iu</strong></span> 
     </span>
     <span class='ocr_line' id='line_1_7' title="bbox 278 1136 1425 1231; baseline 0.009 -32"><span class='ocrx_word' id='word_1_45' title='bbox 278 1164 293 1199; x_wconf 77' lang='lat' dir='ltr'><strong>a</strong></span> <span class='ocrx_word' id='word_1_46' title='bbox 317 1136 436 1227; x_wconf 88' lang='lat' dir='ltr'><strong>quibus</strong></span> <span class='ocrx_word' id='word_1_47' title='bbox 445 1136 610 1227; x_wconf 79' lang='lat' dir='ltr'>expressio</span> <span class='ocrx_word' id='word_1_48' title='bbox 619 1158 726 1205; x_wconf 78' lang='lat' dir='ltr'><strong>causae</strong></span> <span class='ocrx_word' id='word_1_49' title='bbox 741 1144 790 1205; x_wconf 85' lang='lat' dir='ltr'><strong>est</strong></span> <span class='ocrx_word' id='word_1_50' title='bbox 804 1138 983 1206; x_wconf 82' lang='lat' dir='ltr'><strong>necessaria</strong></span> <span class='ocrx_word' id='word_1_51' title='bbox 997 1139 1139 1231; x_wconf 64' lang='lat' dir='ltr'><strong>:primm</strong></span> <span class='ocrx_word' id='word_1_52' title='bbox 1150 1139 1185 1207; x_wconf 93' lang='lat' dir='ltr'><strong>in</strong></span> <span class='ocrx_word' id='word_1_53' title='bbox 1194 1140 1300 1209; x_wconf 90' lang='lat' dir='ltr'><strong>causis</strong></span> <span class='ocrx_word' id='word_1_54' title='bbox 1308 1141 1425 1211; x_wconf 89' lang='lat' dir='ltr'><strong>crimi-</strong></span> 
     </span>
     <span class='ocr_line' id='line_1_8' title="bbox 278 1242 1426 1333; baseline 0.009 -26"><span class='ocrx_word' id='word_1_55' title='bbox 278 1270 293 1307; x_wconf 79' lang='lat' dir='ltr'><strong>a</strong></span> <span class='ocrx_word' id='word_1_56' title='bbox 318 1242 458 1329; x_wconf 80' lang='lat' dir='ltr'><strong>nulibus,</strong></span> <span class='ocrx_word' id='word_1_57' title='bbox 484 1243 668 1333; x_wconf 75' lang='lat' dir='ltr'><strong>prasertim</strong></span> <span class='ocrx_word' id='word_1_58' title='bbox 691 1244 1050 1315; x_wconf 77' lang='lat' dir='ltr'><strong>excommunicationis.</strong></span> <span class='ocrx_word' id='word_1_59' title='bbox 1080 1245 1240 1329; x_wconf 68' lang='lat' dir='ltr'><strong>Secundo,</strong></span> <span class='ocrx_word' id='word_1_60' title='bbox 1261 1247 1296 1315; x_wconf 92' lang='lat' dir='ltr'><strong>iu</strong></span> <span class='ocrx_word' id='word_1_61' title='bbox 1316 1250 1426 1317; x_wconf 88' lang='lat' dir='ltr'><strong>causis</strong></span> 
     </span>
     <span class='ocr_line' id='line_1_9' title="bbox 278 1349 1426 1445; baseline 0.007 -28"><span class='ocrx_word' id='word_1_62' title='bbox 278 1378 294 1417; x_wconf 74' lang='grc' dir='ltr'><strong>(ι</strong></span> <span class='ocrx_word' id='word_1_63' title='bbox 318 1350 554 1443; x_wconf 72' lang='lat' dir='ltr'><strong>appellationis,</strong></span> <span class='ocrx_word' id='word_1_64' title='bbox 572 1350 704 1442; x_wconf 90' lang='lat' dir='ltr'><strong>quando</strong></span> <span class='ocrx_word' id='word_1_65' title='bbox 718 1354 876 1421; x_wconf 86' lang='lat' dir='ltr'><strong>sententia</strong></span> <span class='ocrx_word' id='word_1_66' title='bbox 889 1354 924 1420; x_wconf 91' lang='lat' dir='ltr'><strong>io</strong></span> <span class='ocrx_word' id='word_1_67' title='bbox 939 1354 1046 1445; x_wconf 88' lang='lat' dir='ltr'><strong>prima</strong></span> <span class='ocrx_word' id='word_1_68' title='bbox 1067 1349 1221 1422; x_wconf 82' lang='lat' dir='ltr'><strong>instantia</strong></span> <span class='ocrx_word' id='word_1_69' title='bbox 1242 1355 1307 1424; x_wconf 86' lang='lat' dir='ltr'><strong>lata</strong></span> <span class='ocrx_word' id='word_1_70' title='bbox 1321 1378 1426 1425; x_wconf 88' lang='lat' dir='ltr'><strong>revo-</strong></span> 
     </span>
     <span class='ocr_line' id='line_1_10' title="bbox 277 1458 1422 1552; baseline 0.006 -27"><span class='ocrx_word' id='word_1_71' title='bbox 277 1487 294 1525; x_wconf 80' lang='lat' dir='ltr'><strong>a</strong></span> <span class='ocrx_word' id='word_1_72' title='bbox 319 1468 373 1528; x_wconf 90' lang='lat' dir='ltr'><strong>tur</strong></span> <span class='ocrx_word' id='word_1_73' title='bbox 389 1459 504 1550; x_wconf 80' lang='lat' dir='ltr'><strong>(capite</strong></span> <span class='ocrx_word' id='word_1_74' title='bbox 518 1460 601 1529; x_wconf 84' lang='lat' dir='ltr'><strong>Cum</strong></span> <span class='ocrx_word' id='word_1_75' title='bbox 617 1458 813 1527; x_wconf 76' lang='lat' dir='ltr'><strong>Bertltoldus</strong></span> <span class='ocrx_word' id='word_1_76' title='bbox 829 1463 883 1547; x_wconf 81' lang='lat' dir='ltr'><strong>tt,</strong></span> <span class='ocrx_word' id='word_1_77' title='bbox 901 1459 941 1528; x_wconf 72' lang='lat' dir='ltr'><strong>cle</strong></span> <span class='ocrx_word' id='word_1_78' title='bbox 955 1463 1047 1530; x_wconf 83' lang='lat' dir='ltr'><strong>Seat.</strong></span> <span class='ocrx_word' id='word_1_79' title='bbox 1062 1473 1093 1529; x_wconf 86' lang='lat' dir='ltr'><strong>et</strong></span> <span class='ocrx_word' id='word_1_80' title='bbox 1104 1460 1284 1552; x_wconf 69' lang='lat' dir='ltr'><strong>rejectio).</strong></span> <span class='ocrx_word' id='word_1_81' title='bbox 1300 1464 1422 1545; x_wconf 82' lang='lat' dir='ltr'><strong>Tertio,</strong></span> 
     </span>
     <span class='ocr_line' id='line_1_11' title="bbox 278 1564 1426 1661; baseline 0.005 -28"><span class='ocrx_word' id='word_1_82' title='bbox 278 1596 294 1633; x_wconf 79' lang='lat' dir='ltr'><strong>a</strong></span> <span class='ocrx_word' id='word_1_83' title='bbox 318 1566 450 1659; x_wconf 87' lang='lat' dir='ltr'><strong>quoodo</strong></span> <span class='ocrx_word' id='word_1_84' title='bbox 459 1567 501 1634; x_wconf 91' lang='lat' dir='ltr'><strong>ab</strong></span> <span class='ocrx_word' id='word_1_85' title='bbox 510 1564 861 1658; x_wconf 84' lang='lat' dir='ltr'><strong>observatiooejudicii</strong></span> <span class='ocrx_word' id='word_1_86' title='bbox 871 1575 1004 1660; x_wconf 86' lang='lat' dir='ltr'><strong>propter</strong></span> <span class='ocrx_word' id='word_1_87' title='bbox 1013 1570 1157 1660; x_wconf 87' lang='lat' dir='ltr'><strong>ineptam</strong></span> <span class='ocrx_word' id='word_1_88' title='bbox 1166 1569 1354 1661; x_wconf 83' lang='lat' dir='ltr'><strong>petitionem</strong></span> <span class='ocrx_word' id='word_1_89' title='bbox 1366 1593 1426 1639; x_wconf 88' lang='lat' dir='ltr'><strong>ac-</strong></span> 
     </span>
     <span class='ocr_line' id='line_1_12' title="bbox 278 1672 1427 1767; baseline 0.006 -28"><span class='ocrx_word' id='word_1_90' title='bbox 278 1703 294 1740; x_wconf 75' lang='lat' dir='ltr'><strong>a</strong></span> <span class='ocrx_word' id='word_1_91' title='bbox 319 1674 397 1743; x_wconf 88' lang='lat' dir='ltr'><strong>toris</strong></span> <span class='ocrx_word' id='word_1_92' title='bbox 410 1674 444 1741; x_wconf 93' lang='lat' dir='ltr'><strong>in</strong></span> <span class='ocrx_word' id='word_1_93' title='bbox 453 1672 563 1742; x_wconf 89' lang='lat' dir='ltr'><strong>libello</strong></span> <span class='ocrx_word' id='word_1_94' title='bbox 572 1672 689 1741; x_wconf 85' lang='lat' dir='ltr'><strong>iactam</strong></span> <span class='ocrx_word' id='word_1_95' title='bbox 701 1695 775 1741; x_wconf 86' lang='lat' dir='ltr'><strong>reus</strong></span> <span class='ocrx_word' id='word_1_96' title='bbox 787 1674 979 1743; x_wconf 77' lang='lat' dir='ltr'><strong>absolvitur.</strong></span> <span class='ocrx_word' id='word_1_97' title='bbox 998 1678 1141 1759; x_wconf 79' lang='lat' dir='ltr'><strong>Quarto,</strong></span> <span class='ocrx_word' id='word_1_98' title='bbox 1154 1674 1288 1767; x_wconf 87' lang='lat' dir='ltr'><strong>quaudo</strong></span> <span class='ocrx_word' id='word_1_99' title='bbox 1297 1676 1331 1744; x_wconf 93' lang='lat' dir='ltr'><strong>iu</strong></span> <span class='ocrx_word' id='word_1_100' title='bbox 1343 1699 1427 1767; x_wconf 85' lang='lat' dir='ltr'><strong>pro·</strong></span> 
     </span>
     <span class='ocr_line' id='line_1_13' title="bbox 277 1780 1426 1874; baseline 0.005 -27"><span class='ocrx_word' id='word_1_101' title='bbox 277 1811 294 1847; x_wconf 76' lang='lat' dir='ltr'><strong>a</strong></span> <span class='ocrx_word' id='word_1_102' title='bbox 319 1780 513 1865; x_wconf 79' lang='lat' dir='ltr'><strong>nuntianda,</strong></span> <span class='ocrx_word' id='word_1_103' title='bbox 529 1780 634 1872; x_wconf 82' lang='lat' dir='ltr'><strong>ajuro</strong></span> <span class='ocrx_word' id='word_1_104' title='bbox 649 1782 816 1849; x_wconf 87' lang='lat' dir='ltr'><strong>communi</strong></span> <span class='ocrx_word' id='word_1_105' title='bbox 840 1782 892 1872; x_wconf 83' lang='lat' dir='ltr'><strong>(ex</strong></span> <span class='ocrx_word' id='word_1_106' title='bbox 908 1781 1039 1874; x_wconf 87' lang='lat' dir='ltr'><strong>speciali</strong></span> <span class='ocrx_word' id='word_1_107' title='bbox 1054 1781 1256 1851; x_wconf 89' lang='lat' dir='ltr'><strong>ordinatione</strong></span> <span class='ocrx_word' id='word_1_108' title='bbox 1278 1784 1331 1851; x_wconf 84' lang='lat' dir='ltr'><strong>vel</strong></span> <span class='ocrx_word' id='word_1_109' title='bbox 1351 1793 1426 1853; x_wconf 84' lang='lat' dir='ltr'><strong>sta-</strong></span> 
     </span>
     <span class='ocr_line' id='line_1_14' title="bbox 278 1888 1424 1981; baseline 0.005 -28"><span class='ocrx_word' id='word_1_110' title='bbox 278 1916 294 1955; x_wconf 84' lang='lat'>«</span> <span class='ocrx_word' id='word_1_111' title='bbox 319 1900 400 1977; x_wconf 87' lang='lat' dir='ltr'><strong>tuto,</strong></span> <span class='ocrx_word' id='word_1_112' title='bbox 416 1897 473 1957; x_wconf 88' lang='lat' dir='ltr'><strong>aut</strong></span> <span class='ocrx_word' id='word_1_113' title='bbox 486 1888 719 1957; x_wconf 85' lang='lat' dir='ltr'><strong>cousuetudine</strong></span> <span class='ocrx_word' id='word_1_114' title='bbox 732 1891 868 1980; x_wconf 70' lang='lat' dir='ltr'><strong>recepta}</strong></span> <span class='ocrx_word' id='word_1_115' title='bbox 884 1888 1056 1958; x_wconf 86' lang='lat' dir='ltr'><strong>receditur.</strong></span> <span class='ocrx_word' id='word_1_116' title='bbox 1070 1914 1088 1955; x_wconf 80' lang='lat' dir='ltr'><strong>u</strong></span> <span class='ocrx_word' id='word_1_117' title='bbox 1101 1889 1424 1981; x_wconf 78' lang='lat' dir='ltr'><strong>(Schmalzgrueber,</strong></span> 
     </span>
     <span class='ocr_line' id='line_1_15' title="bbox 276 1996 854 2086; baseline -0.002 -22"><span class='ocrx_word' id='word_1_118' title='bbox 276 1997 311 2065; x_wconf 89' lang='lat' dir='ltr'><strong>in</strong></span> <span class='ocrx_word' id='word_1_119' title='bbox 324 1998 375 2065; x_wconf 83' lang='lat' dir='ltr'><strong>tit.</strong></span> <span class='ocrx_word' id='word_1_120' title='bbox 393 2000 448 2083; x_wconf 90' lang='grc'><strong>27,</strong></span> <span class='ocrx_word' id='word_1_121' title='bbox 462 1996 519 2065; x_wconf 90' lang='lat' dir='ltr'><strong>lib.</strong></span> <span class='ocrx_word' id='word_1_122' title='bbox 539 2000 557 2063; x_wconf 85' lang='lat'>2</span> <span class='ocrx_word' id='word_1_123' title='bbox 575 1996 716 2081; x_wconf 72' lang='lat' dir='ltr'><strong>Decret,</strong></span> <span class='ocrx_word' id='word_1_124' title='bbox 733 2019 769 2064; x_wconf 92' lang='lat' dir='ltr'><strong>n.</strong></span> <span class='ocrx_word' id='word_1_125' title='bbox 787 1998 854 2086; x_wconf 79' lang='lat' dir='ltr'><strong>tt.)</strong></span> 
     </span>
    </p>

    <p class='ocr_par' dir='ltr' id='par_1_4' title="bbox 274 2102 1517 2818">
     <span class='ocr_line' id='line_1_16' title="bbox 321 2102 1517 2196; baseline 0.001 -23"><span class='ocrx_word' id='word_1_126' title='bbox 321 2105 621 2187; x_wconf 74' lang='lat' dir='ltr'><strong>Qunsr1016².-</strong></span> <span class='ocrx_word' id='word_1_127' title='bbox 643 2102 866 2187; x_wconf 83' lang='lat' dir='ltr'><strong>Quandoncm</strong></span> <span class='ocrx_word' id='word_1_128' title='bbox 884 2104 1043 2172; x_wconf 79' lang='lat' dir='ltr'><strong>seutmtiu</strong></span> <span class='ocrx_word' id='word_1_129' title='bbox 1071 2104 1106 2171; x_wconf 82' lang='lat' dir='ltr'><strong>in</strong></span> <span class='ocrx_word' id='word_1_130' title='bbox 1135 2127 1205 2173; x_wconf 87' lang='lat' dir='ltr'><strong>rem</strong></span> <span class='ocrx_word' id='word_1_131' title='bbox 1230 2104 1428 2196; x_wconf 80' lang='lat' dir='ltr'><strong>judicatam</strong></span> <span class='ocrx_word' id='word_1_132' title='bbox 1516 2115 1517 2150; x_wconf 55' lang='lat' dir='ltr'><strong>r</strong></span> 
     </span>
     <span class='ocr_line' id='line_1_17' title="bbox 276 2211 1434 2304; baseline 0.003 -25"><span class='ocrx_word' id='word_1_133' title='bbox 276 2217 440 2281; x_wconf 80' lang='lat' dir='ltr'><strong>trauseat?</strong></span> <span class='ocrx_word' id='word_1_134' title='bbox 453 2250 497 2264; x_wconf 88' lang='lat'>-</span> <span class='ocrx_word' id='word_1_135' title='bbox 511 2211 603 2281; x_wconf 90' lang='lat' dir='ltr'><strong>Tunc</strong></span> <span class='ocrx_word' id='word_1_136' title='bbox 616 2212 776 2279; x_wconf 88' lang='lat' dir='ltr'><strong>sententia</strong></span> <span class='ocrx_word' id='word_1_137' title='bbox 789 2211 909 2280; x_wconf 87' lang='lat' dir='ltr'><strong>dicitur</strong></span> <span class='ocrx_word' id='word_1_138' title='bbox 923 2213 956 2279; x_wconf 92' lang='lat' dir='ltr'><strong>io</strong></span> <span class='ocrx_word' id='word_1_139' title='bbox 973 2234 1043 2281; x_wconf 89' lang='lat' dir='ltr'><strong>rem</strong></span> <span class='ocrx_word' id='word_1_140' title='bbox 1057 2212 1237 2304; x_wconf 82' lang='lat' dir='ltr'><strong>judicatam</strong></span> <span class='ocrx_word' id='word_1_141' title='bbox 1253 2214 1434 2300; x_wconf 81' lang='lat' dir='ltr'><strong>transisse,</strong></span> 
     </span>
     <span class='ocr_line' id='line_1_18' title="bbox 275 2318 1428 2411; baseline 0.001 -24"><span class='ocrx_word' id='word_1_142' title='bbox 275 2318 406 2411; x_wconf 89' lang='lat' dir='ltr'><strong>quaudo</strong></span> <span class='ocrx_word' id='word_1_143' title='bbox 431 2319 500 2411; x_wconf 87' lang='lat' dir='ltr'><strong>ejus</strong></span> <span class='ocrx_word' id='word_1_144' title='bbox 520 2318 652 2387; x_wconf 88' lang='lat' dir='ltr'><strong>effectus</strong></span> <span class='ocrx_word' id='word_1_145' title='bbox 680 2341 738 2386; x_wconf 89' lang='lat' dir='ltr'><strong>uec</strong></span> <span class='ocrx_word' id='word_1_146' title='bbox 768 2340 945 2409; x_wconf 86' lang='lat' dir='ltr'><strong>suspensus</strong></span> <span class='ocrx_word' id='word_1_147' title='bbox 974 2326 1034 2406; x_wconf 87' lang='lat' dir='ltr'><strong>est,</strong></span> <span class='ocrx_word' id='word_1_148' title='bbox 1064 2342 1124 2387; x_wconf 89' lang='lat' dir='ltr'><strong>uec</strong></span> <span class='ocrx_word' id='word_1_149' title='bbox 1150 2328 1254 2411; x_wconf 85' lang='lat' dir='ltr'><strong>potest</strong></span> <span class='ocrx_word' id='word_1_150' title='bbox 1280 2320 1428 2411; x_wconf 88' lang='lat' dir='ltr'><strong>amplius</strong></span> 
     </span>
     <span class='ocr_line' id='line_1_19' title="bbox 275 2423 1429 2517; baseline 0 -24"><span class='ocrx_word' id='word_1_151' title='bbox 275 2425 441 2517; x_wconf 84' lang='lat' dir='ltr'><strong>suspendi.</strong></span> <span class='ocrx_word' id='word_1_152' title='bbox 460 2426 530 2493; x_wconf 87' lang='lat' dir='ltr'><strong>Hoc</strong></span> <span class='ocrx_word' id='word_1_153' title='bbox 549 2432 658 2494; x_wconf 85' lang='lat' dir='ltr'><strong>autem</strong></span> <span class='ocrx_word' id='word_1_154' title='bbox 678 2425 874 2517; x_wconf 79' lang='lat' dir='ltr'><strong>reputoriter</strong></span> <span class='ocrx_word' id='word_1_155' title='bbox 894 2426 1014 2511; x_wconf 87' lang='lat' dir='ltr'><strong>evenit,</strong></span> <span class='ocrx_word' id='word_1_156' title='bbox 1038 2424 1170 2517; x_wconf 85' lang='lat' dir='ltr'><strong>quaudo</strong></span> <span class='ocrx_word' id='word_1_157' title='bbox 1188 2423 1429 2494; x_wconf 86' lang='lat' dir='ltr'><strong>condemnatus</strong></span> 
     </span>
     <span class='ocr_line' id='line_1_20' title="bbox 275 2531 1429 2624; baseline 0.001 -24"><span class='ocrx_word' id='word_1_158' title='bbox 275 2533 443 2601; x_wconf 70' lang='lat' dir='ltr'><strong>sententiae</strong></span> <span class='ocrx_word' id='word_1_159' title='bbox 471 2533 662 2623; x_wconf 87' lang='lat' dir='ltr'><strong>acquiescit;</strong></span> <span class='ocrx_word' id='word_1_160' title='bbox 697 2533 766 2601; x_wconf 84' lang='lat' dir='ltr'><strong>sive</strong></span> <span class='ocrx_word' id='word_1_161' title='bbox 793 2555 950 2624; x_wconf 78' lang='lat' dir='ltr'><strong>cupresso,</strong></span> <span class='ocrx_word' id='word_1_162' title='bbox 981 2533 1073 2601; x_wconf 88' lang='lat' dir='ltr'><strong>verbi</strong></span> <span class='ocrx_word' id='word_1_163' title='bbox 1100 2533 1204 2622; x_wconf 83' lang='lat' dir='ltr'><strong>gratia</strong></span> <span class='ocrx_word' id='word_1_164' title='bbox 1230 2531 1429 2601; x_wconf 87' lang='lat' dir='ltr'><strong>dilationem</strong></span> 
     </span>
     <span class='ocr_line' id='line_1_21' title="bbox 274 2638 1429 2731; baseline -0.001 -23"><span class='ocrx_word' id='word_1_165' title='bbox 274 2638 467 2731; x_wconf 86' lang='lat' dir='ltr'><strong>postulando</strong></span> <span class='ocrx_word' id='word_1_166' title='bbox 480 2638 521 2707; x_wconf 87' lang='lat' dir='ltr'><strong>ad</strong></span> <span class='ocrx_word' id='word_1_167' title='bbox 536 2638 728 2709; x_wconf 85' lang='lat' dir='ltr'><strong>solvendum</strong></span> <span class='ocrx_word' id='word_1_168' title='bbox 748 2638 835 2731; x_wconf 91' lang='lat' dir='ltr'><strong>quod</strong></span> <span class='ocrx_word' id='word_1_169' title='bbox 858 2638 970 2727; x_wconf 86' lang='lat' dir='ltr'><strong>debet;</strong></span> <span class='ocrx_word' id='word_1_170' title='bbox 994 2640 1063 2707; x_wconf 87' lang='lat' dir='ltr'><strong>sive</strong></span> <span class='ocrx_word' id='word_1_171' title='bbox 1086 2640 1195 2720; x_wconf 83' lang='lat' dir='ltr'><strong>tacite,</strong></span> <span class='ocrx_word' id='word_1_172' title='bbox 1217 2661 1283 2708; x_wconf 91' lang='lat' dir='ltr'><strong>nou</strong></span> <span class='ocrx_word' id='word_1_173' title='bbox 1307 2639 1429 2729; x_wconf 90' lang='lat' dir='ltr'><strong>appel-</strong></span> 
     </span>
     <span class='ocr_line' id='line_1_22' title="bbox 274 2746 690 2818; baseline -0.005 -3"><span class='ocrx_word' id='word_1_174' title='bbox 274 2747 371 2818; x_wconf 90' lang='lat' dir='ltr'><strong>lando</strong></span> <span class='ocrx_word' id='word_1_175' title='bbox 383 2749 469 2815; x_wconf 88' lang='lat' dir='ltr'><strong>intra</strong></span> <span class='ocrx_word' id='word_1_176' title='bbox 483 2746 594 2814; x_wconf 88' lang='lat' dir='ltr'><strong>decem</strong></span> <span class='ocrx_word' id='word_1_177' title='bbox 611 2746 690 2815; x_wconf 91' lang='lat' dir='ltr'><strong>dies.</strong></span> 
     </span>
    </p>

    <p class='ocr_par' dir='ltr' id='par_1_5' title="bbox 275 2853 1517 4016">
     <span class='ocr_line' id='line_1_23' title="bbox 318 2853 1428 2945; baseline 0 -23"><span class='ocrx_word' id='word_1_178' title='bbox 318 2855 471 2923; x_wconf 83' lang='lat' dir='ltr'><strong>Diximus</strong></span> <span class='ocrx_word' id='word_1_179' title='bbox 486 2854 702 2943; x_wconf 59' lang='lat' dir='ltr'><strong>reputantem·</strong></span> <span class='ocrx_word' id='word_1_180' title='bbox 714 2875 790 2921; x_wconf 89' lang='lat' dir='ltr'><strong>uam</strong></span> <span class='ocrx_word' id='word_1_181' title='bbox 806 2853 916 2945; x_wconf 77' lang='lat' dir='ltr'><strong>plaucos</strong></span> <span class='ocrx_word' id='word_1_182' title='bbox 931 2853 1141 2945; x_wconf 86' lang='lat' dir='ltr'><strong>excipiuntur</strong></span> <span class='ocrx_word' id='word_1_183' title='bbox 1155 2876 1263 2939; x_wconf 87' lang='lat' dir='ltr'><strong>casus,</strong></span> <span class='ocrx_word' id='word_1_184' title='bbox 1277 2876 1428 2945; x_wconf 86' lang='lat' dir='ltr'><strong>quorum</strong></span> 
     </span>
     <span class='ocr_line' id='line_1_24' title="bbox 275 2960 1428 3053; baseline 0 -24"><span class='ocrx_word' id='word_1_185' title='bbox 275 2964 457 3053; x_wconf 81' lang='lat' dir='ltr'><strong>praecipuos</strong></span> <span class='ocrx_word' id='word_1_186' title='bbox 485 2961 531 3030; x_wconf 87' lang='lat' dir='ltr'><strong>sic</strong></span> <span class='ocrx_word' id='word_1_187' title='bbox 557 2968 727 3029; x_wconf 86' lang='lat' dir='ltr'><strong>enumerat</strong></span> <span class='ocrx_word' id='word_1_188' title='bbox 755 2960 1048 3049; x_wconf 81' lang='lat' dir='ltr'><strong>Schmalzgmeher</strong></span> <span class='ocrx_word' id='word_1_189' title='bbox 1078 2961 1124 3051; x_wconf 90' lang='lat' dir='ltr'><strong>(io</strong></span> <span class='ocrx_word' id='word_1_190' title='bbox 1148 2962 1199 3028; x_wconf 88' lang='lat' dir='ltr'><strong>tit.</strong></span> <span class='ocrx_word' id='word_1_191' title='bbox 1224 2964 1279 3047; x_wconf 88' lang='grc'><strong>27,</strong></span> <span class='ocrx_word' id='word_1_192' title='bbox 1302 2960 1381 3028; x_wconf 86' lang='lat' dir='ltr'><strong>libri</strong></span> <span class='ocrx_word' id='word_1_193' title='bbox 1406 2967 1428 3029; x_wconf 90' lang='grc'><strong>2</strong></span> 
     </span>
     <span class='ocr_line' id='line_1_25' title="bbox 275 3066 1430 3158; baseline -0.001 -21"><span class='ocrx_word' id='word_1_194' title='bbox 275 3070 415 3153; x_wconf 77' lang='lat' dir='ltr'><strong>Deerat,</strong></span> <span class='ocrx_word' id='word_1_195' title='bbox 437 3092 471 3137; x_wconf 93' lang='lat' dir='ltr'><strong>u.</strong></span> <span class='ocrx_word' id='word_1_196' title='bbox 498 3068 551 3158; x_wconf 82' lang='lat' dir='ltr'><strong>tt)</strong></span> <span class='ocrx_word' id='word_1_197' title='bbox 572 3096 580 3135; x_wconf 75' lang='grc' dir='ltr'>ε</span> <span class='ocrx_word' id='word_1_198' title='bbox 601 3071 633 3135; x_wconf 83' lang='lat'><strong>1⁰</strong></span> <span class='ocrx_word' id='word_1_199' title='bbox 657 3094 674 3133; x_wconf 85' lang='lat' dir='ltr'><strong>u</strong></span> <span class='ocrx_word' id='word_1_200' title='bbox 694 3067 768 3136; x_wconf 93' lang='lat' dir='ltr'><strong>Non</strong></span> <span class='ocrx_word' id='word_1_201' title='bbox 787 3068 904 3136; x_wconf 87' lang='lat' dir='ltr'><strong>transit</strong></span> <span class='ocrx_word' id='word_1_202' title='bbox 924 3066 960 3134; x_wconf 91' lang='lat' dir='ltr'><strong>iu</strong></span> <span class='ocrx_word' id='word_1_203' title='bbox 975 3090 1044 3135; x_wconf 89' lang='lat' dir='ltr'><strong>rem</strong></span> <span class='ocrx_word' id='word_1_204' title='bbox 1062 3066 1241 3158; x_wconf 87' lang='lat' dir='ltr'><strong>judicatam</strong></span> <span class='ocrx_word' id='word_1_205' title='bbox 1263 3068 1430 3137; x_wconf 85' lang='lat' dir='ltr'><strong>sententia</strong></span> 
     </span>
     <span class='ocr_line' id='line_1_26' title="bbox 279 3173 1429 3268; baseline 0 -27"><span class='ocrx_word' id='word_1_206' title='bbox 279 3201 296 3241; x_wconf 84' lang='lat' dir='ltr'><strong>u</strong></span> <span class='ocrx_word' id='word_1_207' title='bbox 319 3199 394 3268; x_wconf 80' lang='lat' dir='ltr'><strong>qum</strong></span> <span class='ocrx_word' id='word_1_208' title='bbox 413 3184 461 3244; x_wconf 84' lang='lat' dir='ltr'><strong>est</strong></span> <span class='ocrx_word' id='word_1_209' title='bbox 479 3175 571 3243; x_wconf 87' lang='lat' dir='ltr'><strong>irrita</strong></span> <span class='ocrx_word' id='word_1_210' title='bbox 587 3176 658 3266; x_wconf 89' lang='lat' dir='ltr'><strong>ipso</strong></span> <span class='ocrx_word' id='word_1_211' title='bbox 671 3175 745 3265; x_wconf 85' lang='lat' dir='ltr'><strong>jure</strong></span> <span class='ocrx_word' id='word_1_212' title='bbox 771 3178 821 3266; x_wconf 85' lang='lat' dir='ltr'><strong>(ut</strong></span> <span class='ocrx_word' id='word_1_213' title='bbox 839 3174 867 3242; x_wconf 92' lang='lat' dir='ltr'><strong>si</strong></span> <span class='ocrx_word' id='word_1_214' title='bbox 885 3173 1028 3266; x_wconf 83' lang='lat' dir='ltr'><strong>ajudicc</strong></span> <span class='ocrx_word' id='word_1_215' title='bbox 1043 3176 1292 3266; x_wconf 84' lang='lat' dir='ltr'><strong>incompetente,</strong></span> <span class='ocrx_word' id='word_1_216' title='bbox 1310 3174 1362 3242; x_wconf 84' lang='lat' dir='ltr'><strong>vel</strong></span> <span class='ocrx_word' id='word_1_217' title='bbox 1389 3174 1429 3242; x_wconf 90' lang='lat' dir='ltr'><strong>iu</strong></span> 
     </span>
     <span class='ocr_line' id='line_1_27' title="bbox 280 3280 1430 3374; baseline 0.003 -26"><span class='ocrx_word' id='word_1_218' title='bbox 280 3308 297 3347; x_wconf 82' lang='lat' dir='ltr'><strong>a</strong></span> <span class='ocrx_word' id='word_1_219' title='bbox 320 3282 438 3351; x_wconf 82' lang='lat' dir='ltr'><strong>falsum</strong></span> <span class='ocrx_word' id='word_1_220' title='bbox 475 3289 719 3374; x_wconf 87' lang='lat' dir='ltr'><strong>procuratorem</strong></span> <span class='ocrx_word' id='word_1_221' title='bbox 750 3281 903 3349; x_wconf 86' lang='lat' dir='ltr'><strong>mandato</strong></span> <span class='ocrx_word' id='word_1_222' title='bbox 930 3290 1106 3368; x_wconf 82' lang='lat' dir='ltr'><strong>carentem,</strong></span> <span class='ocrx_word' id='word_1_223' title='bbox 1143 3288 1202 3349; x_wconf 88' lang='lat' dir='ltr'><strong>aut</strong></span> <span class='ocrx_word' id='word_1_224' title='bbox 1230 3288 1345 3349; x_wconf 86' lang='lat' dir='ltr'><strong>contra</strong></span> <span class='ocrx_word' id='word_1_225' title='bbox 1365 3280 1430 3372; x_wconf 88' lang='lat' dir='ltr'><strong>jus</strong></span> 
     </span>
     <span class='ocr_line' id='line_1_28' title="bbox 280 3373 1517 3479; baseline 0.002 -24"><span class='ocrx_word' id='word_1_226' title='bbox 280 3416 297 3455; x_wconf 80' lang='lat' dir='ltr'><strong>a</strong></span> <span class='ocrx_word' id='word_1_227' title='bbox 320 3411 492 3459; x_wconf 89' lang='lat' dir='ltr'><strong>commuue</strong></span> <span class='ocrx_word' id='word_1_228' title='bbox 514 3389 555 3457; x_wconf 91' lang='lat' dir='ltr'><strong>sit</strong></span> <span class='ocrx_word' id='word_1_229' title='bbox 575 3388 651 3479; x_wconf 87' lang='lat' dir='ltr'><strong>luta)</strong></span> <span class='ocrx_word' id='word_1_230' title='bbox 667 3417 675 3468; x_wconf 79' lang='lat' dir='ltr'><strong>t</strong></span> <span class='ocrx_word' id='word_1_231' title='bbox 693 3411 769 3456; x_wconf 87' lang='lat' dir='ltr'><strong>uam</strong></span> <span class='ocrx_word' id='word_1_232' title='bbox 784 3388 859 3456; x_wconf 85' lang='lat' dir='ltr'><strong>talis</strong></span> <span class='ocrx_word' id='word_1_233' title='bbox 874 3389 1033 3463; x_wconf 83' lang='lat' dir='ltr'><strong>sententia</strong></span> <span class='ocrx_word' id='word_1_234' title='bbox 1052 3385 1226 3479; x_wconf 86' lang='lat' dir='ltr'><strong>nequidem</strong></span> <span class='ocrx_word' id='word_1_235' title='bbox 1250 3386 1428 3478; x_wconf 86' lang='lat' dir='ltr'><strong>decennio,</strong></span> <span class='ocrx_word' id='word_1_236' title='bbox 1516 3373 1517 3462; x_wconf 78' lang='lat' dir='ltr'><strong>l</strong></span> 
     </span>
     <span class='ocr_line' id='line_1_29' title="bbox 282 3487 1517 3587; baseline 0.005 -26"><span class='ocrx_word' id='word_1_237' title='bbox 282 3523 298 3561; x_wconf 77' lang='lat' dir='ltr'><strong>a</strong></span> <span class='ocrx_word' id='word_1_238' title='bbox 322 3497 424 3566; x_wconf 90' lang='lat' dir='ltr'><strong>multo</strong></span> <span class='ocrx_word' id='word_1_239' title='bbox 453 3497 565 3565; x_wconf 90' lang='lat' dir='ltr'><strong>minus</strong></span> <span class='ocrx_word' id='word_1_240' title='bbox 595 3495 751 3564; x_wconf 89' lang='lat' dir='ltr'><strong>decendio</strong></span> <span class='ocrx_word' id='word_1_241' title='bbox 779 3496 903 3587; x_wconf 84' lang='lat' dir='ltr'><strong>elapso,</strong></span> <span class='ocrx_word' id='word_1_242' title='bbox 932 3494 1161 3564; x_wconf 79' lang='lat' dir='ltr'><strong>authoritatem</strong></span> <span class='ocrx_word' id='word_1_243' title='bbox 1191 3494 1240 3561; x_wconf 85' lang='lat' dir='ltr'><strong>rei</strong></span> <span class='ocrx_word' id='word_1_244' title='bbox 1267 3493 1430 3585; x_wconf 81' lang='lat' dir='ltr'><strong>judicatae</strong></span> <span class='ocrx_word' id='word_1_245' title='bbox 1516 3487 1517 3566; x_wconf 76' lang='lat' dir='ltr'><strong>l</strong></span> 
     </span>
     <span class='ocr_line' id='line_1_30' title="bbox 281 3602 1428 3697; baseline 0.002 -28"><span class='ocrx_word' id='word_1_246' title='bbox 281 3632 297 3669; x_wconf 78' lang='grc' dir='ltr'>ι</span> <span class='ocrx_word' id='word_1_247' title='bbox 321 3604 547 3697; x_wconf 87' lang='lat' dir='ltr'><strong>consequitur;</strong></span> <span class='ocrx_word' id='word_1_248' title='bbox 574 3626 650 3673; x_wconf 89' lang='lat' dir='ltr'><strong>cum</strong></span> <span class='ocrx_word' id='word_1_249' title='bbox 675 3603 715 3671; x_wconf 90' lang='lat' dir='ltr'><strong>de</strong></span> <span class='ocrx_word' id='word_1_250' title='bbox 742 3602 892 3671; x_wconf 84' lang='lat' dir='ltr'><strong>nullitate</strong></span> <span class='ocrx_word' id='word_1_251' title='bbox 912 3603 979 3693; x_wconf 83' lang='lat' dir='ltr'><strong>agi,</strong></span> <span class='ocrx_word' id='word_1_252' title='bbox 1002 3612 1036 3671; x_wconf 88' lang='lat' dir='ltr'><strong>et</strong></span> <span class='ocrx_word' id='word_1_253' title='bbox 1057 3603 1217 3672; x_wconf 86' lang='lat' dir='ltr'><strong>sententia</strong></span> <span class='ocrx_word' id='word_1_254' title='bbox 1240 3604 1428 3691; x_wconf 84' lang='lat' dir='ltr'><strong>retractari,</strong></span> 
     </span>
     <span class='ocr_line' id='line_1_31' title="bbox 281 3708 1517 3801; baseline 0.001 -24"><span class='ocrx_word' id='word_1_255' title='bbox 281 3738 297 3777; x_wconf 81' lang='lat' dir='ltr'><strong>a</strong></span> <span class='ocrx_word' id='word_1_256' title='bbox 321 3710 499 3779; x_wconf 86' lang='lat' dir='ltr'><strong>secuudum</strong></span> <span class='ocrx_word' id='word_1_257' title='bbox 516 3732 723 3779; x_wconf 90' lang='lat' dir='ltr'><strong>communem</strong></span> <span class='ocrx_word' id='word_1_258' title='bbox 739 3708 934 3795; x_wconf 86' lang='lat' dir='ltr'><strong>doctrinam,</strong></span> <span class='ocrx_word' id='word_1_259' title='bbox 949 3731 1053 3801; x_wconf 86' lang='lat' dir='ltr'><strong>usque</strong></span> <span class='ocrx_word' id='word_1_260' title='bbox 1073 3710 1290 3778; x_wconf 73' lang='lat' dir='ltr'><strong>adunasset</strong></span> <span class='ocrx_word' id='word_1_261' title='bbox 1307 3710 1427 3799; x_wconf 79' lang='lat' dir='ltr'><strong>possit.</strong></span> <span class='ocrx_word' id='word_1_262' title='bbox 1516 3715 1517 3720; x_wconf 76' lang='grc'>’</span> 
     </span>
     <span class='ocr_line' id='line_1_32' title="bbox 281 3815 1517 3911; baseline 0 -26"><span class='ocrx_word' id='word_1_263' title='bbox 281 3820 434 3911; x_wconf 78' lang='lat' dir='ltr'><strong>«Neque</strong></span> <span class='ocrx_word' id='word_1_264' title='bbox 458 3817 631 3909; x_wconf 86' lang='lat' dir='ltr'><strong>appellatio</strong></span> <span class='ocrx_word' id='word_1_265' title='bbox 656 3841 695 3886; x_wconf 88' lang='lat' dir='ltr'><strong>eo</strong></span> <span class='ocrx_word' id='word_1_266' title='bbox 724 3840 800 3887; x_wconf 85' lang='lat' dir='ltr'><strong>casu</strong></span> <span class='ocrx_word' id='word_1_267' title='bbox 826 3827 873 3885; x_wconf 90' lang='lat' dir='ltr'><strong>est</strong></span> <span class='ocrx_word' id='word_1_268' title='bbox 903 3816 1082 3885; x_wconf 85' lang='lat' dir='ltr'><strong>necessaria</strong></span> <span class='ocrx_word' id='word_1_269' title='bbox 1112 3817 1162 3907; x_wconf 76' lang='lat' dir='ltr'><strong>(ut</strong></span> <span class='ocrx_word' id='word_1_270' title='bbox 1187 3815 1326 3884; x_wconf 84' lang='lat' dir='ltr'><strong>habetur</strong></span> <span class='ocrx_word' id='word_1_271' title='bbox 1350 3816 1432 3907; x_wconf 81' lang='lat' dir='ltr'><strong>lege</strong></span> <span class='ocrx_word' id='word_1_272' title='bbox 1516 3841 1517 3898; x_wconf 61' lang='grc' dir='ltr'>ι</span> 
     </span>
     <span class='ocr_line' id='line_1_33' title="bbox 282 3917 1517 4016; baseline -0.002 -24"><span class='ocrx_word' id='word_1_273' title='bbox 282 3954 298 3993; x_wconf 90' lang='lat'>«</span> <span class='ocrx_word' id='word_1_274' title='bbox 322 3928 363 3995; x_wconf 85' lang='lat' dir='ltr'><strong>Si</strong></span> <span class='ocrx_word' id='word_1_275' title='bbox 377 3948 453 3995; x_wconf 74' lang='lat' dir='ltr'><strong>urm</strong></span> <span class='ocrx_word' id='word_1_276' title='bbox 469 3926 555 3994; x_wconf 81' lang='lat' dir='ltr'><strong>inter</strong></span> <span class='ocrx_word' id='word_1_277' title='bbox 570 3929 603 4013; x_wconf 82' lang='lat'><strong>2,</strong></span> <span class='ocrx_word' id='word_1_278' title='bbox 620 3947 648 3993; x_wconf 89' lang='lat' dir='ltr'><strong>c.</strong></span> <span class='ocrx_word' id='word_1_279' title='bbox 669 3924 810 4009; x_wconf 71' lang='lat' dir='ltr'><strong>Qucunclo</strong></span> <span class='ocrx_word' id='word_1_280' title='bbox 820 3946 953 4016; x_wconf 81' lang='lat' dir='ltr'><strong>provoc.</strong></span> <span class='ocrx_word' id='word_1_281' title='bbox 970 3946 1038 3991; x_wconf 81' lang='lat' dir='ltr'><strong>non</strong></span> <span class='ocrx_word' id='word_1_282' title='bbox 1049 3937 1095 3991; x_wconf 85' lang='lat' dir='ltr'><strong>cst</strong></span> <span class='ocrx_word' id='word_1_283' title='bbox 1109 3924 1258 4013; x_wconf 69' lang='lat' dir='ltr'><strong>necor.l;</strong></span> <span class='ocrx_word' id='word_1_284' title='bbox 1274 3923 1352 4014; x_wconf 89' lang='lat' dir='ltr'><strong>quia</strong></span> <span class='ocrx_word' id='word_1_285' title='bbox 1362 3945 1432 4015; x_wconf 89' lang='lat' dir='ltr'><strong>ap-</strong></span> <span class='ocrx_word' id='word_1_286' title='bbox 1516 3917 1517 3928; x_wconf 72' lang='grc'>’</span> 
     </span>
    </p>
   </div>
   <div class='ocr_carea' id='block_1_3' title="bbox 283 4029 1517 4337">
    <p class='ocr_par' dir='ltr' id='par_1_6' title="bbox 283 4029 1517 4337">
     <span class='ocr_line' id='line_1_34' title="bbox 283 4029 1517 4127; baseline -0.002 -29"><span class='ocrx_word' id='word_1_287' title='bbox 283 4061 299 4099; x_wconf 90' lang='grc'>«</span> <span class='ocrx_word' id='word_1_288' title='bbox 322 4033 453 4127; x_wconf 85' lang='lat' dir='ltr'><strong>pallatio</strong></span> <span class='ocrx_word' id='word_1_289' title='bbox 467 4032 825 4123; x_wconf 86' lang='lat' dir='ltr'><strong>tautumiuterpouitur</strong></span> <span class='ocrx_word' id='word_1_290' title='bbox 839 4031 971 4123; x_wconf 61' lang='lat' dir='ltr'><strong>quanm</strong></span> <span class='ocrx_word' id='word_1_291' title='bbox 982 4030 1143 4099; x_wconf 90' lang='lat' dir='ltr'><strong>sententia</strong></span> <span class='ocrx_word' id='word_1_292' title='bbox 1155 4029 1252 4099; x_wconf 89' lang='lat' dir='ltr'><strong>valet.</strong></span> <span class='ocrx_word' id='word_1_293' title='bbox 1516 4107 1517 4110; x_wconf 8' lang='grc' dir='ltr'><strong>Ἴ</strong></span> 
     </span>
     <span class='ocr_line' id='line_1_35' title="bbox 322 4137 1517 4228; baseline -0.004 -19"><span class='ocrx_word' id='word_1_294' title='bbox 322 4145 354 4209; x_wconf 79' lang='grc' dir='ltr'><strong>2ο</strong></span> <span class='ocrx_word' id='word_1_295' title='bbox 378 4168 393 4205; x_wconf 83' lang='lat' dir='ltr'><strong>a</strong></span> <span class='ocrx_word' id='word_1_296' title='bbox 409 4140 576 4209; x_wconf 85' lang='lat' dir='ltr'><strong>Sententia</strong></span> <span class='ocrx_word' id='word_1_297' title='bbox 588 4138 653 4207; x_wconf 85' lang='lat' dir='ltr'><strong>lata</strong></span> <span class='ocrx_word' id='word_1_298' title='bbox 666 4139 702 4207; x_wconf 92' lang='lat' dir='ltr'><strong>iu</strong></span> <span class='ocrx_word' id='word_1_299' title='bbox 716 4160 813 4207; x_wconf 87' lang='lat' dir='ltr'><strong>causa</strong></span> <span class='ocrx_word' id='word_1_300' title='bbox 831 4137 1080 4215; x_wconf 86' lang='lat' dir='ltr'><strong>matrimoniali;</strong></span> <span class='ocrx_word' id='word_1_301' title='bbox 1103 4137 1172 4205; x_wconf 84' lang='lat' dir='ltr'><strong>sive</strong></span> <span class='ocrx_word' id='word_1_302' title='bbox 1195 4137 1261 4205; x_wconf 85' lang='lat' dir='ltr'><strong>lata</strong></span> <span class='ocrx_word' id='word_1_303' title='bbox 1279 4138 1322 4205; x_wconf 88' lang='lat' dir='ltr'><strong>sit</strong></span> <span class='ocrx_word' id='word_1_304' title='bbox 1339 4158 1430 4205; x_wconf 86' lang='lat' dir='ltr'><strong>con·</strong></span> <span class='ocrx_word' id='word_1_305' title='bbox 1516 4193 1517 4228; x_wconf 55' lang='lat'>3</span> 
     </span>
     <span class='ocr_line' id='line_1_36' title="bbox 283 4244 1430 4337; baseline 0 -24"><span class='ocrx_word' id='word_1_306' title='bbox 283 4274 300 4313; x_wconf 83' lang='lat' dir='ltr'><strong>a</strong></span> <span class='ocrx_word' id='word_1_307' title='bbox 323 4256 372 4315; x_wconf 86' lang='lat' dir='ltr'><strong>tro</strong></span> <span class='ocrx_word' id='word_1_308' title='bbox 396 4246 654 4335; x_wconf 90' lang='lat' dir='ltr'><strong>matrimonium,</strong></span> <span class='ocrx_word' id='word_1_309' title='bbox 672 4246 742 4315; x_wconf 87' lang='lat' dir='ltr'><strong>sive</strong></span> <span class='ocrx_word' id='word_1_310' title='bbox 762 4268 822 4337; x_wconf 89' lang='lat' dir='ltr'><strong>pro</strong></span> <span class='ocrx_word' id='word_1_311' title='bbox 843 4244 1052 4315; x_wconf 86' lang='lat' dir='ltr'><strong>matrimonio</strong></span> <span class='ocrx_word' id='word_1_312' title='bbox 1070 4271 1077 4312; x_wconf 91' lang='lat'><strong>:</strong></span> <span class='ocrx_word' id='word_1_313' title='bbox 1095 4244 1174 4336; x_wconf 84' lang='lat' dir='ltr'><strong>quia</strong></span> <span class='ocrx_word' id='word_1_314' title='bbox 1194 4266 1252 4313; x_wconf 87' lang='lat' dir='ltr'><strong>uec</strong></span> <span class='ocrx_word' id='word_1_315' title='bbox 1271 4252 1430 4313; x_wconf 85' lang='lat' dir='ltr'><strong>contrae-</strong></span> 
     </span>
    </p>
   </div>
   <div class='ocr_carea' id='block_1_4' title="bbox 0 0 1534 4984">
    <p class='ocr_par' dir='ltr' id='par_1_7' title="bbox 0 0 1534 4984">
     <span class='ocr_line' id='line_1_37' title="bbox 0 0 1534 4984; baseline 0 0"><span class='ocrx_word' id='word_1_316' title='bbox 0 0 1534 4984; x_wconf 95' lang='lat' dir='ltr'><strong> </strong></span> 
     </span>
    </p>
   </div>
  </div>
 </body>
</html>
