3050 4984
639 496 816 544 TRACTATUS
838 498 876 547 DE
898 498 1031 545 supteno.

701 820 878 891 CAPUT
916 824 967 891 ll.

731 1011 771 1069 us
793 1024 930 1071 nuncio.

304 1288 458 1357 Dicemus
471 1293 503 1355 l·
513 1287 591 1378 quid
602 1286 644 1355 sit
654 1286 784 1355 libellus
795 1296 826 1355 et
840 1289 1018 1380 quotuplex
1030 1316 1039 1375 ;
1052 1294 1086 1357 2⁰
1098 1313 1139 1357 un
1154 1291 1334 1359 necessario
1345 1290 1404 1357 od-

260 1394 422 1463 bibendus
434 1396 491 1475 sit;
510 1399 543 1461 3ο
551 1393 660 1485 qualis
672 1416 741 1462 esse
755 1395 885 1480 debent;
898 1399 931 1462 4⁰
943 1418 985 1463 sn
1001 1405 1033 1463 et
1041 1408 1213 1487 quatenus,
1231 1406 1402 1487 postquam
1515 1398 1516 1493 ᾗ

258 1501 361 1593 judici
376 1501 438 1570 fuit
452 1511 632 1593 porrectus,
650 1502 771 1569 mutari
786 1502 837 1570 vel
853 1502 973 1591 corrigi
990 1504 1106 1572 valeat.

799 1804 868 1895 51.

617 1972 683 2033 Quid
695 1974 730 2023 sit
739 1974 843 2024 libellus
857 1978 883 2024 et
895 1974 1045 2039 quotuplex.

309 2178 484 2246 «Libellus
508 2179 684 2270 judicialis,
701 2179 742 2248 de
757 2203 823 2270 quo
835 2178 889 2249 hic
909 2181 1030 2270 egitur,
1047 2188 1095 2248 est
1114 2182 1273 2270 scripturo
1293 2182 1403 2251 brevis
1515 2168 1516 2193 ἦ

265 2312 281 2350 o
308 2286 445 2377 (rejectis
459 2309 576 2377 nempe
590 2286 792 2377 superfluis),
810 2288 908 2375 eluro,
924 2290 993 2355 sine
1005 2289 1260 2378 aequivocslione
1276 2291 1327 2356 vel
1342 2314 1403 2379 ge·
1515 2278 1516 2289 ἶ

263 2420 280 2458 e
304 2393 482 2478 nerolitate,
496 2394 664 2461 continens
674 2417 743 2461 rem
753 2416 827 2484 quae
838 2392 1004 2483 injudicio
1017 2396 1149 2486 petitur,
1163 2403 1334 2463 etecusam
1343 2418 1402 2487 pe-
1515 2398 1516 2443 ἶ

264 2527 280 2563 u
304 2500 408 2580 tendi,
424 2522 462 2566 oc
477 2521 595 2567 nomen
609 2501 739 2586 actoris,
755 2499 841 2590 quod
855 2501 889 2566 in
900 2499 983 2566 calce
996 2499 1097 2567 libelli
1110 2500 1318 2567 scribendum
1333 2511 1398 2580 est;
1515 2588 1516 2593 ἵ

262 2633 279 2671 «
303 2628 422 2674 nomen
432 2606 551 2697 judicis
567 2605 655 2697 quod
668 2608 812 2674 exterius
823 2605 933 2673 libello
948 2607 1148 2691 inscribitur,
1162 2616 1193 2674 et
1205 2629 1323 2675 nornen
1338 2608 1400 2678 Rei
1515 2702 1516 2705 Ἴ

263 2714 360 2804 «qui
377 2714 579 2782 convenitur.
605 2741 621 2777 s
645 2714 907 2802 (Boumgsrtuer,
930 2713 970 2782 od
993 2714 1125 2781 titulum
1144 2718 1174 2798 3,
1197 2714 1272 2783 libri
1294 2720 1311 2781 2
1330 2718 1400 2783 lle-

256 2830 351 2902 cret.‚
367 2821 572 2889 conclusione
588 2821 634 2909 1.)
650 2821 788 2888 Brevius
804 2820 884 2888 solet
900 2842 938 2887 es
956 2820 1055 2887 libelli
1069 2820 1241 2912 descriptio
1258 2820 1307 2889 his
1324 2845 1399 2891 ver·
1515 2812 1516 2897 J

258 2928 348 2994 sibus
360 2929 500 3017 exprimi
523 2955 530 2993 :

428 3125 500 3189 Quis,
514 3126 586 3189 quid,
600 3140 687 3177 eoram
701 3139 763 3191 quo,
777 3140 829 3191 quo
838 3126 895 3191 jure
907 3132 1018 3192 petetur,
1033 3133 1058 3179 et
1068 3144 1084 3178 o
1096 3143 1156 3193 quo,

472 3207 551 3256 Recte
566 3206 725 3270 compositus
734 3206 841 3270 quisque
854 3206 957 3258 libellus
971 3208 1057 3257 hebet.

304 3432 321 3471 n
346 3404 473 3496 Duplex
487 3404 577 3473 illius
590 3404 708 3473 divisio
724 3434 730 3471 :
755 3409 785 3471 l⁰
799 3407 833 3472 iu
850 3405 1030 3497 simplicem
1044 3428 1102 3473 seu
1117 3406 1347 3485 summarium,
1367 3417 1399 3476 et
1515 3430 1516 3441 ³

260 3540 277 3578 ι(
300 3514 335 3580 in
350 3512 566 3580 articulatum
580 3535 638 3579 seu
649 3512 915 3602 positionan'nm.
937 3512 993 3580 lile
1009 3513 1128 3603 estqui
1144 3514 1348 3597 summatim,
1366 3523 1398 3583 et
1515 3556 1516 3601 1

258 3647 276 3684 α
298 3619 452 3687 contiuuo
465 3620 608 3709 quadam
618 3619 774 3686 orationis
787 3620 883 3704 serie,
893 3620 1010 3687 sotoris
1022 3618 1231 3687 intentionem
1245 3622 1396 3711 pertexit.

260 3755 277 3793 ι(
300 3727 362 3795 iste
377 3726 490 3816 inquo
506 3727 624 3794 merite
639 3748 745 3793 csusae
758 3748 817 3817 per
831 3726 984 3795 articulos
994 3736 1233 3817 proponuntur.
1254 3732 1286 3794 2⁰
1300 3728 1337 3795 ln
1352 3731 1400 3796 ci-
1515 3736 1516 3805 ζ

260 3862 277 3900 «
299 3834 396 3903 vilem
410 3841 443 3899 et
455 3832 672 3900 criminalem.
689 3832 815 3919 Civilis,
827 3835 884 3925 qui
896 3833 991 3901 etiam
1007 3834 1254 3902 conventionales
1267 3833 1399 3923 dicitur,
1515 3868 1516 3911 r

261 3969 278 4008 <r
300 3951 348 4010 est
366 3940 424 4032 qui
446 3962 506 4031 pro
528 3940 652 4030 objecto
675 3939 771 4009 babet
790 3964 922 4009 causum
944 3940 1073 4010 civilem
1102 3968 1108 4007 :
1134 3939 1315 4009 criminalis
1339 3944 1400 4033 qni
1515 4018 1516 4023 ἵ

261 4076 278 4114 «
301 4050 399 4116 etium
415 4045 660 4138 querimonialis
674 4045 866 4137 appellatur,
882 4048 939 4137 qui
952 4070 1011 4137 pro
1025 4048 1151 4137 objecto
1161 4046 1400 4117 babetcuussm

260 4183 277 4219 «
301 4152 515 4222 criminalem.
533 4178 549 4217 n
573 4152 888 4244 (Schmulzgrueben
904 4153 938 4220 iu
955 4154 1084 4224 titulum
1102 4159 1134 4241 3,
1151 4154 1225 4222 libri
1244 4157 1262 4221 2
1279 4154 1399 4225 Decre·
1515 4192 1516 4201 κ

259 4260 423 4352 talium,§
440 4265 470 4347 l,
487 4282 521 4328 n.
541 4262 572 4329 1.
