3050 4984
558 538 633 583 rans
655 538 804 585 monne.
1186 518 1245 584 1117

106 678 123 717 r
146 676 243 723 caum
257 654 293 722 in
311 656 484 747 pristinum
500 665 619 726 etatum
635 668 825 749 reponatur.
850 660 948 751 (bego
965 658 1067 745 finali,
1084 660 1116 727 11.
1135 659 1174 728 de
1187 662 1245 728 ln·

107 788 124 825 a
147 761 549 852 ineptum-restitutione·
573 802 619 817 -
642 764 713 853 lege
736 769 790 833 Ea
815 788 889 857 qua
914 771 946 855 7,
968 789 998 834 c.
1022 767 1194 849 Quomodo
1217 781 1248 836 et

108 892 125 930 c
148 867 280 957 quando
283 868 364 959 jud.
373 895 387 951 ,·
397 870 520 959 -lege
532 871 619 954 Quia
627 872 758 940 absente
774 876 806 959 l,
822 896 849 941 c.
868 873 908 941 de
921 876 1092 943 Procurat.
1102 900 1169 957 ,·-
1179 875 1250 965 lege

107 999 124 1037 a
147 973 189 1041 Si
196 987 335 1066 propter
348 977 493 1068 officium
514 982 545 1061 1,
563 1002 591 1046 c.
616 979 740 1061 Quibus
761 1002 802 1047 ea
821 979 926 1047 causis
941 980 1079 1071 Major.)
1102 984 1155 1050 An
1171 1004 1250 1051 vero

108 1110 126 1145 ι
147 1080 338 1171 hujusmodi
346 1083 630 1175 impedimentum,
641 1086 730 1177 quod
743 1086 899 1178 objicitur
909 1087 949 1155 ad
961 1088 1178 1156 excusandam
1188 1090 1248 1155 ab·

108 1216 125 1251 u
148 1189 299 1273 acutiam
321 1213 435 1258 revera
452 1192 570 1277 subsit,
590 1214 784 1281 cognoscere
806 1203 838 1262 et
853 1192 1024 1262 decernere
1043 1193 1084 1262 ad
1103 1194 1249 1285 judicem

109 1318 127 1355 c
148 1294 297 1383 pertinet.
313 1320 330 1357 ι
345 1294 660 1386 (Scbmalzgrueber,
672 1299 706 1365 in
718 1298 767 1365 tit.
786 1303 838 1383 14,
852 1299 929 1367 libri
940 1303 958 1367 2
971 1301 1111 1385 Decret,
1128 1323 1161 1367 n.
1177 1302 1246 1390 42.)

149 1400 294 1481 Qumrro
319 1406 364 1469 5⁸.
386 1440 432 1453 -
452 1404 622 1487 Quomodo
641 1404 885 1496 procedendum
908 1408 951 1475 sit
970 1420 1084 1475 contra
1109 1420 1251 1476 actorem

105 1509 449 1577 contumaceml-ld
460 1510 636 1579 delinitum
646 1514 810 1602 reperitur
822 1512 940 1603 injure
954 1514 1108 1583 canonico
1124 1515 1250 1583 duabus

105 1613 331 1683 decretalibus.
353 1617 460 1703 Prior,
475 1640 550 1707 que
564 1627 612 1685 est
626 1618 808 1687 Alexandri
823 1620 868 1687 111
891 1621 971 1711 (cap.
994 1622 1138 1689 Causam
1155 1626 1186 1708 3,
1204 1624 1250 1689 ti-

105 1722 165 1789 tuli
182 1725 237 1807 11,
251 1723 329 1791 libri
342 1727 361 1791 2
377 1724 619 1813 Decretalium),
631 1726 716 1793 banc
728 1748 797 1817 prm
814 1748 851 1794 sc
867 1726 930 1794 lert
943 1727 1106 1795 rubricam
1119 1752 1126 1791 τ
1139 1730 1253 1797 Actore

105 1844 313 1910 contumace,
338 1844 430 1899 testea
452 1832 604 1924 recipiet
624 1835 887 1925 sententiaserri
921 1832 1047 1916 debent,
1073 1836 1173 1903 itiam
1197 1836 1254 1904 lite

106 1961 171 2005 non
185 1950 378 2018 contestata,
397 1961 451 2006 reo
466 1938 618 2007 irutante.
637 1940 675 2006 ln
689 1940 843 2009 decretali
857 1950 968 2009 eutem
983 1942 1064 2031 ipsa,
1079 1942 1125 2009 sic
1139 1941 1254 2033 dispo-

106 2044 196 2112 nitur
212 2044 297 2111 ciroa
310 2053 451 2113 actorem
470 2048 538 2137 (qui
558 2046 593 2112 in
608 2069 704 2114 causa
728 2046 769 2114 de
792 2070 858 2137 qua
879 2047 925 2115 ibi
945 2048 1103 2136 agebatur
1120 2058 1255 2117 vocatur

106 2151 325 2241 advesarius)
341 2178 349 2219 :
365 2154 539 2232 Ceterum,
555 2153 584 2219 ri
594 2152 800 2220 advesarius
814 2176 892 2221 suus
904 2154 1048 2243 lepitime
1063 2156 1193 2237 citatus,
1208 2156 1255 2224 ad

101 2259 319 2349 presentiam
330 2270 472 2327 vestram
482 2259 641 2341 accedere,
653 2258 840 2350 ueljudicia
851 2272 955 2328 oestro
961 2282 1078 2351 parere
1087 2274 1254 2352 contemp-

106 2368 195 2447 serit,
220 2367 402 2433 autetiam
424 2389 457 2433 oe
477 2367 713 2445 absentaverit,
732 2379 986 2457 procuratorem
1005 2368 1088 2457 ejus,
1111 2368 1254 2459 ciperem

17 2461 18 2534 ?
106 2473 285 2563 reliquerit,
302 2473 480 2541 convocetis
498 2474 581 2564 :qui
594 2474 659 2541 siae
673 2474 796 2541 uenerit
809 2474 963 2553 civemn,
981 2487 1041 2542 aut
1054 2474 1083 2541 si
1094 2498 1254 2565 procura·
1285 2563 1288 2572 Ι

108 2591 212 2647 torem
228 2601 295 2646 non
309 2578 445 2659 dimisit,
460 2579 761 2647 denuntiationibus
773 2579 820 2647 ad
833 2578 968 2647 domum
981 2581 1055 2671 ejus
1069 2582 1184 2662 mirsia,
1202 2606 1253 2651 re-

17 2679 18 2718 l
107 2686 206 2776 ceptis
222 2685 356 2753 testibus
371 2686 508 2753 alterius
519 2686 639 2778 partis,
650 2686 757 2777 juata
778 2685 902 2754 dictum
916 2687 1062 2775 sormam
1078 2688 1124 2756 ad
1134 2692 1253 2780 prose-

17 2785 18 2802 *
109 2791 244 2861 rendam
262 2793 459 2861 sententium
472 2790 671 2884 procedatis.
693 2791 799 2860 Alteri
819 2793 989 2879 decretali,
1011 2817 1085 2884 quae
1107 2794 1255 2863 efformet

17 2885 18 2944 Ῐ
110 2903 229 2991 caputl
237 2899 345 2984 ,tituli
355 2903 385 2986 t,
396 2899 470 2968 libri
481 2904 513 2985 2,
525 2900 670 2981 incentu,
681 2900 728 2967 sic
735 2922 795 2990 pro
806 2898 1254 2990 rubricapraefigitur:rlctor

111 3018 288 3073 contumax
298 3005 535 3073 condemnatur
544 3006 580 3073 in
588 3005 751 3097 capraria·
761 3028 818 3074 nec
827 3006 952 3073 citatur
963 3006 1097 3075 ulterius
1105 3007 1255 3078 odonam

109 3112 300 3199 petitionem
311 3137 397 3195 rem,
411 3114 474 3181 nisi
488 3127 600 3181 covent
615 3112 824 3181 deveniendo
839 3126 871 3180 et
883 3114 1112 3206 comparendo.
1131 3118 1168 3183 ln
1183 3118 1253 3209 ipsa

114 3240 187 3286 nero
206 3218 371 3305 decretnli,
391 3220 438 3287 sic
455 3220 598 3288 decernit
616 3220 824 3288 Innocentius
840 3220 886 3289 IV
905 3223 1026 3288 :Actor
1045 3222 1105 3311 qni
1123 3222 1169 3290 od
1189 3238 1255 3292 ter—

116 3325 242 3392 minum
257 3327 375 3408 oerrire,
391 3326 438 3395 ad
449 3349 545 3418 quern
563 3326 662 3394 citari
678 3324 905 3394 aduersarium
918 3329 1050 3417 format,
1069 3352 1134 3395 non
1152 3354 1252 3399 cura-

17 3509 18 3518 ,
117 3432 170 3513 oit,
184 3434 325 3501 uenienti
333 3457 387 3501 reo
400 3436 432 3501 in
443 3433 589 3523 repensis
601 3433 749 3525 (propter
759 3432 820 3500 boc
828 3432 925 3522 sactae
936 3432 1090 3523 lepitimc}
1103 3436 1254 3504 candem-

117 3552 219 3607 nctur.
240 3540 292 3608 Ad
302 3540 493 3609 citationem
504 3540 609 3608 aliam
624 3540 758 3607 minime
770 3538 1004 3620 admittendus,
1021 3540 1086 3607 nisi
1098 3543 1256 3633 sufficim-

17 3685 18 3734 1
119 3657 163 3712 ter
176 3646 310 3728 caverit,
329 3647 419 3738 quod
428 3647 463 3714 in
479 3647 616 3714 termino
629 3645 772 3735 fideliter
785 3644 897 3714 debeat
910 3668 1108 3736 comparere.

17 3755 18 3768 ²
157 3754 209 3823 Ex
237 3754 279 3821 iis
305 3762 413 3822 autern
440 3754 582 3822 textibus
605 3753 652 3820 sic
675 3751 940 3820 determinandus
969 3753 1058 3820 venit
1084 3755 1259 3825 canonicus

17 3914 18 3922 1
119 3870 225 3929 contra
237 3870 380 3930 actorem
398 3870 620 3930 contumacem
636 3857 832 3951 procedendi
851 3858 968 3927 modus
988 3883 996 3923 ε
1018 3864 1050 3927 1⁰
1064 3863 1259 3952 supponitur

17 3986 18 3990 ’
121 3977 257 4037 actorem
277 3968 422 4036 libellum
440 3967 542 4059 judici
558 3965 739 4058 porrexisse
746 3991 756 4051 ;
774 3965 918 4055 alioquin
936 3964 1037 4052 enim,
1054 3988 1129 4034 cum
1148 3988 1199 4036 res
1220 3970 1262 4037 sit

17 4137 18 4140 ,
120 4075 222 4143 adbuc
237 4076 378 4165 integra,
394 4097 582 4165 comparere
596 4096 662 4141 non
677 4081 817 4159 tenetur,
836 4085 867 4139 et
885 4072 948 4163 ipsi
968 4072 1148 4164 applicatur
1162 4098 1262 4165 gene-

122 4184 195 4251 ralis
223 4183 354 4272 regula,
380 4204 474 4249 nerno
499 4180 545 4248 ad
568 4177 734 4271 upendum
759 4179 793 4246 in
811 4178 942 4270 judicio
969 4180 1120 4271 compelli
1141 4196 1259 4272 potest.

17 4276 18 4352 ἒ
125 4292 154 4354 2⁰
167 4289 215 4376 Si,
230 4301 400 4379 postquam
416 4287 564 4357 libellum
580 4285 709 4373 obtulit,
726 4307 792 4354 non
802 4294 968 4376 comparet
981 4308 1018 4355 eo
1029 4284 1080 4355 die
1092 4309 1158 4377 quo
1170 4312 1263 4359 reum
