3050 4984
559 527 634 578 runs
654 530 801 578 sscnuni.
1184 503 1243 576 501

105 647 283 718 Summum
310 649 513 738 Pontificem,
531 653 582 720 vel
610 651 651 720 od
676 651 838 720 Nuntium
866 650 1089 741 Apostolicnm
1112 651 1244 719 Parisiis

105 757 313 845 residentem,
340 758 394 826 cni
412 757 572 828 incumbit
591 781 778 850 processum
787 757 1055 826 -iniormatorium
1078 757 1164 826 circa
1178 755 1248 826 hu-

103 863 248 955 jusmodi
281 873 492 958 praesentatos
523 865 640 934 iecere.
674 865 710 934 Si
745 887 824 935 vcro
854 864 1002 955 excipere
1030 864 1108 932 velit
1136 871 1248 934 contre

104 971 297 1061 eligendum
324 972 387 1060 (vel
408 981 478 1060 jam
494 973 647 1058 electum,
667 971 722 1040 sed
753 971 899 1041 noudum
927 972 1171 1056 confirmatum,
1189 993 1248 1040 scu

105 1077 308 1168 institutum)
326 1076 368 1147 od
393 1079 535 1170 aliquem
551 1079 720 1148 eunonium
735 1078 788 1146 vel
807 1076 1005 1169 parochiam,
1024 1075 1117 1145 debet
1131 1099 1249 1167 excep-

105 1183 228 1251 tionem
255 1184 397 1273 dirigere
420 1184 461 1253 ad
477 1185 676 1277 Episcopum
701 1184 860 1270 diseccns,
878 1184 912 1252 in
927 1206 992 1275 qus
1005 1189 1053 1252 est
1076 1183 1247 1252 canonice·

105 1301 162 1358 tus
176 1290 227 1358 vel
240 1289 392 1381 pnrochic
404 1291 444 1358 de
455 1291 574 1383 quibus
585 1292 713 1380 egitur,
730 1291 882 1383 quamvis
894 1287 1250 1383 promovendusudhnc

108 1404 171 1465 stet
186 1398 247 1466 sub
256 1397 480 1488 jurisdictione
493 1399 626 1468 alterius
637 1399 800 1490 Episcopi.

154 1503 238 1571 Hinc
251 1503 353 1573 libelli
367 1505 545 1596 exceptorii
569 1505 724 1592 formula,
742 1527 801 1596 pro
826 1503 924 1576 seriis
947 1503 1101 1600 expositis
1122 1501 1249 1572 sceibus

107 1619 183 1704 apte
198 1620 245 1682 est
259 1613 544 1701 accommodando,
557 1636 698 1705 nempe:

648 1927 718 2018 ξι.

110 2089 233 2140 Formotc
247 2088 408 2153 exceptionis
424 2087 576 2151 criminalis,
591 2085 759 2139 criminaliter
770 2090 862 2138 contra
870 2087 983 2152 aliquem
996 2091 1088 2138 testem
1104 2090 1250 2152 proposito.

163 2331 179 2367 o
196 2307 318 2373 Coram
333 2303 505 2374 reverendo
521 2308 562 2375 N.
582 2305 709 2373 Vicario
724 2302 871 2396 peperoli
883 2302 1140 2370 reverendissimi
1164 2303 1253 2392 Epi-

111 2415 202 2505 scopi
226 2415 285 2491 N..
318 2426 484 2504 comparet
510 2412 664 2480 domiuus
694 2410 839 2479 Andreas
867 2412 911 2481 N.
932 2409 1113 2500 presbyter,
1137 2423 1252 2477 coutrc

113 2541 211 2612 quem
225 2521 260 2586 iu
268 2521 427 2612 presciti
440 2519 619 2587 criminalis
631 2540 732 2586 causa
745 2518 902 2598 vertitnr;
920 2530 951 2584 ct
965 2516 1043 2584 dicit
1063 2537 1096 2582 sc
1110 2517 1255 2607 erupere

112 2639 228 2695 cantra
241 2631 403 2695 loannem
420 2625 601 2695 Cordatum
616 2625 780 2705 cleri'cum,
799 2636 911 2691 testem
925 2637 1039 2691 contra
1052 2624 1163 2714 ipsum
1172 2647 1256 2715 pro-

113 2733 263 2815 ductum,
291 2735 331 2802 ob
353 2734 448 2800 uaria
471 2735 544 2824 ejus
567 2731 696 2811 delicta,
724 2752 798 2822 qum
823 2729 954 2798 obstant
967 2753 1007 2798 ue
1021 2731 1092 2821 ejus
1108 2731 1255 2799 testimo-

112 2841 208 2907 nium
222 2839 322 2931 recipi
334 2838 459 2907 debeat.
476 2838 592 2928 lpitur,
611 2859 676 2903 nou
691 2835 766 2904 dolo
781 2835 870 2903 mola
885 2857 986 2926 ucqtte
998 2836 1112 2903 auimo
1128 2837 1255 2904 calum·
1270 2822 1277 2838 ⁸

113 2947 245 3027 orandi,
261 2945 318 3015 sed
331 2959 370 3014 ut
394 2946 462 3037 ipsc
475 2945 680 3013 calumniam
694 2942 775 3011 dicti
790 2943 877 3010 testis
896 2942 1043 3032 repellat,
1066 2955 1096 3010 et
1122 2955 1160 3010 ut
1183 2945 1255 3035 ejus

113 3055 246 3135 delicta,
271 3054 485 3124 eduliorum
508 3051 707 3141 cuempiam,
734 3050 831 3142 dipuc
856 3050 1055 3140 plectantur,
1084 3052 1258 3142 proposuit

111 3163 341 3254 infrascriptos
360 3161 557 3251 acceptorios
576 3158 742 3237 articulos,
768 3179 833 3225 sese
857 3155 1006 3246 obliquus
1020 3155 1067 3224 ad
1080 3157 1205 3226 cosdem
1220 3159 1256 3227 iu

105 3269 244 3364 judicio
255 3266 453 3360 probandas,
471 3266 530 3334 sub
540 3265 647 3356 poenis
662 3261 956 3332 calumniatoribus
972 3260 1086 3330 debitis
1103 3289 1114 3328 :

166 3402 182 3441 a
201 3381 230 3442 l.
253 3373 350 3458 Quod
373 3395 461 3440 anuo
483 3372 650 3463 praeterito
666 3369 771 3438 dictio
787 3367 952 3438 Cardatus
968 3367 1007 3436 dc
1020 3369 1117 3460 praui
1129 3371 1258 3438 calum-

113 3483 176 3551 nia
192 3494 307 3550 coutra
329 3480 522 3547 canonicum
547 3480 588 3546 N.
607 3476 772 3545 consutus
786 3475 841 3543 sit.
869 3478 902 3541 2ο
922 3473 1019 3557 Quod
1029 3479 1258 3546 commercium

113 3611 194 3660 cum
206 3598 354 3680 suspecta
377 3585 512 3654 muliere
533 3584 665 3652 lrabeat.
695 3587 727 3650 3⁰
743 3585 847 3651 Etr...
869 3581 995 3673 ¹(Potest
1009 3581 1186 3673 excipiens,
1202 3584 1259 3653 sed

114 3717 186 3765 non
202 3703 341 3778 tenetur,
358 3691 569 3760 directorium
585 3689 784 3780 probotionis
799 3688 919 3756 addere
942 3713 949 3754 :
975 3686 1003 3754 si
1029 3686 1106 3754 velit
1121 3688 1261 3756 subnec-

115 3816 199 3888 tere,
214 3801 249 3868 id
264 3811 421 3892 praestem
435 3797 553 3888 poterit
568 3796 629 3864 lroc
643 3793 750 3882 modo)
771 3820 779 3861 ι
798 3797 900 3862 Testes
910 3806 1023 3861 cutem
1034 3792 1190 3884 producit
1204 3817 1261 3864 su·

114 3911 208 4004 perl
235 3907 647 3995 et2N.ctN.‚·super3
668 3915 698 3969 et
722 3902 1139 3990 lN.etN.,·superlN.
1165 3913 1196 3969 ct
1216 3903 1260 3974 N.

118 4021 248 4085 Datum
263 4013 316 4082 die
382 4011 501 4080 mensr's
575 4032 705 4078 auno...
723 4045 768 4060 -
784 4011 857 4098 Epo
871 4005 1018 4076 Andreas
1032 4001 1077 4076 N.
1094 4007 1218 4098 occipio
1232 4001 1266 4077 et

119 4143 249 4202 accuso,
268 4133 306 4189 ut
316 4140 477 4211 suprm-
492 4115 636 4186 Andreas
649 4117 694 4186 N.
709 4140 727 4180 r

168 4285 268 4354 Nota.
299 4277 457 4356 Formula
483 4300 543 4380 pro
560 4276 671 4348 libello
698 4275 884 4372 exceptorio
906 4279 1019 4349 contre
1033 4285 1263 4362 accusatorem,
