3050 4984
518 467 591 513 rins
614 467 759 513 amanus.
1142 446 1204 513 lld

63 593 213 677 tegrnm3
230 584 286 655 sed
303 585 401 657 etiam
416 587 614 680 quibuslibet
632 588 718 673 eliis,
733 588 760 654 si
782 588 929 657 incertis
951 586 1203 660 circumstantiis

63 702 95 759 et
108 692 347 763 conditionibus
361 704 546 763 versentur.
561 695 620 763 Est
636 704 745 763 tamen
761 696 906 763 minores
925 695 1011 763 inter
1025 707 1058 763 et
1074 704 1208 767 mtercs

63 810 215 879 notrhilis
240 810 422 901 disparitas.
450 810 699 902 «Quadruplex
722 811 867 879 maxime
886 810 1073 901 assignatur
1092 812 1209 881 discri-

67 942 85 981 α
110 939 184 987 men
203 946 210 986 :
231 923 263 985 1⁰
278 919 476 1006 minoribus,
495 928 528 987 et
550 919 676 988 cmteris
694 919 753 1010 qni
769 918 844 1009 jure
864 920 1031 989 minorum
1053 920 1208 1009 gaudent,

68 1032 145 1093 «ut
171 1024 315 1094 remedio
341 1026 403 1095 hcc
425 1034 653 1113 succurratur,
681 1024 800 1095 sufficit
826 1026 855 1094 si
881 1036 1004 1095 constet
1025 1024 1113 1117 quod
1138 1028 1210 1097 laesi

67 1158 84 1195 a
107 1132 187 1219 sint,
210 1132 262 1200 vel
281 1131 343 1202 hoc
362 1132 509 1222 legitime
524 1132 566 1201 rit
584 1133 773 1224 probatum.
794 1134 838 1200 At
858 1132 1008 1223 majores,
1028 1143 1064 1201 ut
1083 1134 1210 1203 restitui

66 1266 83 1302 u
106 1240 243 1329 possint,
260 1247 380 1331 prater
392 1238 575 1325 lesionem,
590 1261 675 1330 opus
687 1249 735 1307 est
756 1239 907 1309 accedere
918 1240 1042 1331 justam
1061 1262 1208 1330 causam,

66 1346 200 1415 «verbi
219 1344 338 1435 grau,
360 1344 517 1415 absentia
541 1346 730 1438 reipublicae
757 1368 867 1433 musa,
893 1345 1108 1435 infirmitatis,
1130 1356 1208 1436 etc,

66 1480 83 1516 a
107 1452 150 1520 ob
173 1474 276 1544 qnam
299 1452 392 1521 tosto
416 1452 579 1538 acciderit,
606 1462 638 1522 et
658 1454 740 1543 ipsis
765 1454 921 1545 imputari
943 1461 1082 1544 nequeat
1105 1454 1210 1546 (juxta

66 1587 82 1622 a
105 1558 287 1629 clausulam
302 1561 423 1651 Siqua
438 1561 509 1628 alia
518 1561 625 1651 juata
643 1582 755 1642 caasa,
773 1560 855 1651 legis
870 1560 992 1651 Hujus,
1008 1560 1042 1628 a.
1057 1563 1113 1629 Ea
1131 1562 1209 1653 qai·

67 1693 84 1732 a
106 1666 167 1735 dns
181 1666 287 1735 carun
301 1668 415 1759 maj.).
434 1670 469 1735 2⁰
484 1667 604 1754 Minor,
622 1667 674 1735 vel
688 1668 845 1753 Ecclesia,
859 1666 887 1735 si
902 1666 1045 1757 maniter
1060 1668 1138 1737 tosa
1153 1671 1207 1757 sit,

67 1803 84 1839 ι
107 1796 151 1843 ex
164 1774 271 1860 allicio
280 1773 399 1866 judicis
414 1775 450 1841 in
460 1774 623 1864 integrum
639 1774 766 1843 restitui
784 1773 890 1861 debet,
907 1775 966 1843 etsi
983 1798 1081 1844 nemo
1096 1777 1139 1844 sit
1151 1776 1209 1869 qui

66 1911 84 1948 a
109 1888 225 1974 petat:
247 1890 281 1950 at
300 1882 435 1973 majoris
456 1881 615 1951 restitutio
636 1881 678 1951 ad
703 1882 891 1951 instantiam
914 1884 1023 1974 potius
1048 1906 1148 1974 quam
1168 1908 1210 1954 ex

67 2018 84 2056 a
106 1990 216 2059 officio
235 1988 355 2082 judicis
370 1989 477 2058 datur.
502 1994 534 2056 3·
549 1988 727 2080 Maioribus
741 2010 807 2057 non
825 1990 1027 2059 succurritur
1041 2014 1099 2081 per
1114 1992 1211 2061 bene-

67 2126 85 2164 a
107 2099 223 2167 licium
238 2098 454 2167 restitutionis
470 2098 505 2166 in
524 2097 706 2185 integrum,
720 2096 854 2189 quando
870 2098 1011 2189 suppetit
1025 2098 1211 2169 remedium

67 2233 84 2269 ι
106 2204 345 2298 appellationis,
362 2204 414 2272 rel
428 2202 517 2271 aliud
539 2202 757 2289 ordinarium,
777 2226 844 2297 qun
864 2203 991 2272 laesioni
1012 2218 1208 2276 occurrant:

68 2340 84 2377 a
108 2324 142 2381 at
165 2312 347 2382 minoribus
366 2318 398 2379 et
417 2312 457 2378 iis
471 2311 529 2403 qui
544 2309 619 2402 jure
641 2311 810 2381 minorum
834 2310 990 2401 gaudent,
1015 2312 1211 2383 heneficium

67 2449 85 2486 a
108 2421 172 2490 hoc
189 2418 390 2509 indulgetur,
408 2418 508 2486 etiam
525 2440 605 2486 cum
625 2416 715 2486 aliud
734 2417 919 2487 remedium
945 2416 1076 2487 habent.
1096 2424 1129 2487 4⁰
1145 2420 1211 2489 Mi·-

67 2554 83 2591 «
107 2551 171 2597 nor
197 2525 391 2612 restituitur,
417 2524 571 2616 quamvis
597 2533 705 2595 tutore
729 2524 782 2593 rel
807 2532 955 2595 curatore
978 2525 1212 2597 interveniente

68 2660 85 2700 a
108 2635 212 2703 laesus
225 2633 266 2701 sit
341 2659 350 2699 :
367 2642 401 2699 at
415 2630 534 2722 major,
548 2630 575 2699 si
588 2630 705 2700 absens
717 2639 964 2723 procuratorem
980 2632 1021 2700 nd
1037 2656 1095 2702 sua
1110 2656 1211 2725 nego·

68 2768 84 2806 a
108 2744 154 2809 tia
177 2751 210 2808 ct
232 2740 302 2808 lites
324 2739 468 2831 reliquit,
485 2762 552 2808 non
571 2738 802 2807 restituitur.»
828 2738 1146 2830 (Schmalzgruebcr,
1177 2742 1211 2810 in

64 2847 114 2915 tit.
132 2850 192 2933 tl,
208 2846 282 2913 libri
301 2849 312 2912 t
331 2845 473 2930 liceret,
491 2868 526 2913 n.
546 2844 613 2935 ta.)

106 2954 256 3035 &asino
275 2956 322 3021 6⁸.
347 2990 391 3004 -
413 2952 559 3036 minam
574 2952 707 3044 judices
721 2952 967 3023 'restitutionem
989 2954 1023 3021 ia
1048 2952 1212 3046 inteprnm

60 3061 192 3150 possint
205 3058 397 3129 concedere?
410 3098 454 3112 -
469 3059 584 3141 Quoad
601 3060 684 3128 hanc
699 3059 911 3151 questionem
928 3060 1091 3153 imprimis
1106 3070 1212 3131 atten-

66 3165 213 3235 dendam
234 3167 338 3235 estad
357 3176 455 3259 capnt
478 3172 510 3254 9,
526 3166 614 3235 tituli
635 3171 690 3254 ll,
712 3166 788 3235 libri
806 3170 820 3233 l
845 3166 1075 3255 Decretalium,
1093 3171 1214 3238 tenoris

66 3272 293 3365 hujuscemodi
311 3300 319 3341 :
339 3276 448 3343 Gaura
462 3274 676 3342 restitutionis
689 3272 725 3340 in
738 3275 904 3364 intepram
920 3296 1033 3342 aarum
1041 3274 1213 3366 judicibus

68 3380 248 3449 ordinariis
267 3377 589 3450 administrationem
607 3378 812 3462 habentibus,
833 3380 887 3447 uel
905 3379 1061 3472 delepatt's
1086 3381 1129 3451 ab
1151 3384 1211 3466 cra,

67 3488 209 3556 tractari
219 3488 343 3579 poterit
355 3499 388 3555 et
399 3487 505 3578 finiri,
530 3486 595 3555 sice
613 3488 675 3555 doc
688 3487 768 3579 ipsis
789 3487 946 3579 delepatis
960 3489 1144 3579 specialiter
1157 3490 1214 3559 de-

68 3594 269 3665 mandatum
283 3596 397 3687 merit,
413 3597 479 3664 siae
498 3596 534 3664 in
548 3594 719 3663 commum
741 3595 786 3662 eis
804 3595 934 3685 necatio
949 3596 1118 3688 continpat
1132 3598 1215 3667 inci·

68 3702 144 3770 dere
163 3702 360 3793 hujusmodi
375 3701 596 3794 punctionem.
617 3702 768 3792 Deteqati
787 3724 861 3771 uero
883 3700 926 3769 ab
946 3702 1134 3787 ordinariis,
1157 3706 1214 3797 qui

67 3809 389 3879 administrationem
418 3790 496 3877 non⁸
513 3808 653 3891 dabant,
683 3808 740 3877 sed
764 3808 993 3877 tantummode
1018 3811 1213 3901 facultatem

60 3917 253 4009 judicandi,
268 3940 323 3986 seu
337 3917 466 3999 arbitri,
489 3916 529 3985 de
540 3917 625 3984 dana
637 3938 737 3983 caasa
751 3938 939 4006 capnoseere
956 3931 1129 4008 nequeunt,
1149 3918 1215 3986 nisi

67 4048 183 4094 coram
198 4026 242 4093 eis
260 4036 353 4095 mota
367 4025 470 4116 merit
489 4022 679 4092 incidenter.
698 4024 735 4090 ln
750 4023 810 4091 hac
825 4023 977 4092 decretali
992 4023 1212 4095 difficultatem

68 4132 197 4201 faciunt
211 4132 268 4201 illa
277 4132 379 4201 verba
385 4130 558 4223 jndicibus
570 4129 748 4199 ordinariis
759 4128 1079 4199 administrationem
1090 4130 1212 4199 daben-

71 4242 171 4321 tibus,
186 4261 328 4335 quonum
340 4260 454 4307 sensus
469 4238 531 4306 nisi
545 4240 640 4330 prius
651 4238 898 4327 determinetur,
909 4237 994 4305 clare
1006 4238 1089 4307 solvi
1102 4240 1213 4333 nequit
