3050 4984
511 545 588 592 rens
613 545 759 592 secunus.
959 501 963 512 ¹
1144 527 1204 590 555

110 663 387 746 «Canseqnmter,
407 682 482 730 uem
497 665 675 731 rescivisset
694 664 890 730 reuerendus
904 665 961 742 N.,
990 665 1136 732 Vicarius
1156 685 1207 749 pe-

63 769 199 850 neraiis,
213 772 393 856 prefatum
416 772 586 838 Andream
598 773 656 852 N.,
680 773 716 836 in
733 772 863 838 dioeeesi
881 773 989 839 uicina
1003 773 1045 842 N.
1069 774 1206 852 uersari,

64 887 104 944 ut
122 880 222 944 tutius
235 879 346 944 citatio
360 880 409 945 ad
431 899 506 945 eum
527 881 723 964 perueniret,
745 880 887 946 decreuit
914 881 1037 946 litteras
1061 882 1208 945 remissa-

64 986 165 1052 riaies
178 986 258 1052 dare
270 987 320 1051 ad
339 987 553 1054 reverendum
567 989 600 1053 N
603 1035 623 1068 .‚
648 989 813 1055 Vicurium
830 988 1015 1072 peneralern
1029 995 1061 1052 et
1073 988 1206 1052 ordena-

63 1096 154 1159 rium
169 1097 203 1160 in
225 1095 313 1162 dicta
326 1097 457 1162 dioecesi
466 1097 626 1179 judicem.
648 1097 728 1178 (inu
751 1097 866 1162 littere
886 1096 1044 1179 expeditu
1060 1097 1206 1178 fuerunt,

63 1212 96 1266 et
122 1211 198 1267 sunt
223 1205 343 1268 tenoris
366 1207 526 1288 sequentis
548 1204 720 1270 uidelicet:
738 1204 912 1269 reverende
931 1212 965 1268 et
985 1204 1207 1269 colendissime

62 1311 207 1374 domiue.
221 1347 261 1360 -
274 1312 360 1378 Cum
377 1313 419 1378 Te
432 1312 638 1378 ordirtarium
653 1314 687 1376 in
702 1313 832 1377 dioecesi
840 1311 873 1376 N
874 1361 881 1375 .
884 1359 896 1391 ,
911 1311 1060 1395 judicem
1074 1314 1208 1377 enistere

61 1419 285 1500 dianoseatur,
301 1427 332 1484 et
351 1421 388 1484 in
409 1420 472 1484 hac
491 1419 622 1485 dioecesi
642 1422 773 1486 uusuri
790 1421 1016 1486 resciverimus
1038 1419 1208 1485 dominum

60 1526 234 1592 Andream
251 1528 308 1606 N„
323 1527 564 1611 presbyterum,
594 1528 821 1612 jurisdictioni
846 1527 1109 1594 reverendissimi
1130 1527 1209 1611 Epi·

57 1635 151 1718 scopi
169 1637 274 1699 nostri
284 1634 476 1718 subjectum,
498 1654 595 1720 quem
616 1639 684 1701 mei
695 1636 791 1718 officii
808 1645 855 1701 est
873 1645 1032 1720 tanquam
1054 1652 1146 1702 reum
1165 1637 1207 1702 ai·

61 1752 134 1806 tare
145 1759 207 1825 pro
220 1760 321 1807 causa
331 1744 498 1808 criminali
510 1752 623 1808 contra
636 1761 712 1808 eum
725 1752 828 1822 mota,
843 1753 873 1808 et
889 1745 977 1828 apud
991 1746 1119 1809 curiam
1133 1763 1207 1810 nos·

62 1859 152 1913 trarn
173 1851 349 1933 pendentm
378 1851 496 1916 idcirco
520 1853 628 1917 uisum
655 1860 702 1916 est
727 1851 892 1918 ausititem
914 1861 1008 1916 tuum
1030 1853 1207 1936 requirere,

61 1966 225 2041 quatenus
246 1960 337 2040 infra
356 1960 561 2025 scribendam
580 1961 777 2041 citationem,
797 1977 953 2042 procures
971 1960 1055 2026 dicto
1079 1960 1208 2026 damirto

62 2065 204 2132 Andreae
217 2067 273 2147 N.,
291 2085 353 2150 per
363 2085 469 2132 unum
481 2070 581 2133 curin
601 2076 718 2133 vestroe
738 2068 927 2152 episcopalis
942 2068 1111 2150 pubiicum
1128 2088 1210 2132 nun-

63 2175 161 2252 tium,
168 2174 385 2256 personaliter
394 2175 447 2240 uei
455 2177 490 2240 in
499 2175 595 2240 domo
605 2177 708 2242 solitu
717 2177 820 2260 ipsius
830 2175 1040 2241 habitationis
1049 2176 1207 2268 intimari,

62 2281 147 2345 etde
161 2281 307 2364 ejusdem
320 2283 481 2347 citationis
495 2285 681 2347 executione
695 2283 882 2366 juridicam
896 2282 1087 2348 relationem
1100 2284 1211 2348 adme
1321 2351 1327 2364 ,

65 2391 258 2454 transmitti.
274 2389 336 2455 Est
349 2397 460 2455 eutem
485 2391 672 2455 intimanda
686 2391 796 2455 citatio
814 2408 888 2474 que
901 2393 1048 2474 sequitur
1063 2413 1073 2454 :
1088 2391 1132 2474 (ei
1145 2391 1207 2469 hic,

62 2500 163 2579 prout
177 2498 359 2579 proceditur
367 2498 420 2562 viu
431 2498 654 2577 accusationis,
665 2497 716 2562 vel
726 2497 989 2574 denuntiationis,
1002 2498 1053 2564 vel
1067 2516 1108 2563 ex
1119 2516 1210 2564 mere

62 2604 182 2683 officie,
197 2609 337 2687 ponatur
354 2623 421 2670 una
434 2621 475 2669 ex
497 2605 644 2670 formulis
657 2605 692 2668 iu
713 2609 854 2688 quotuor
865 2605 978 2688 primis
991 2605 1210 2690 superioribus

63 2712 280 2796 paragraphis
292 2712 478 2794 descriptis).
494 2712 632 2777 Interim
644 2721 700 2778 tua
711 2731 764 2777 me
775 2714 957 2794 famulatui
969 2715 1116 2796 offerens,
1131 2729 1210 2797 rapo

63 2829 104 2886 ut
119 2828 148 2884 te
160 2821 247 2886 uua
268 2827 374 2884 seruet
388 2819 591 2886 incolumem.
606 2821 769 2886 Datum...
785 2854 824 2869 -
838 2821 895 2902 N,
917 2822 1064 2890 Vicorius
1076 2839 1210 2904 panera-

64 2931 118 2993 lis.
133 2963 174 2977 -
188 2930 244 3008 N„
258 2930 436 2994 usuarius.
454 2951 469 2990 n

589 3128 611 3218 g
633 3127 675 3195 11.

112 3291 206 3342 Ferme
221 3289 335 3342 tenmde
349 3304 365 3342 n
378 3289 467 3355 judice
482 3288 575 3341 dieue
590 3287 720 3352 dimensis,
736 3289 764 3340 in
786 3289 956 3355 exequendis,
973 3303 1037 3355 ques
1052 3291 1162 3356 recepit,

525 3369 754 3422 remissorieiihus.

105 3681 149 3747 In
169 3681 299 3744 nomine
317 3680 463 3745 Daneini.
483 3679 601 3744 Amen.
614 3713 654 3726 -
671 3679 755 3744 Cum
773 3679 969 3743 reuerendus
988 3680 1044 3758 N.,
1063 3699 1211 3745 reueren-

62 3790 196 3854 dissimi
206 3787 364 3871 Episcopi
373 3787 479 3851 nostri
489 3786 533 3850 N.
555 3786 702 3852 Viearius
715 3785 890 3870 qeneraiis,
905 3787 1072 3869 recepisset
1084 3807 1106 3852 a
1119 3805 1209 3853 reve·

62 3896 169 3962 reuda
189 3897 245 3975 N.,
260 3897 295 3960 in
315 3895 444 3960 dioecesi
456 3895 514 3974 N.,
533 3893 660 3960 Vicario
680 3893 828 3977 penerali
841 3902 872 3959 et
894 3895 1063 3960 ordinario
1083 3896 1211 3979 judice,

62 4003 229 4090 quasdem
255 4003 378 4069 litteras
403 4001 656 4080 remissoriaies,
685 4019 758 4084 quoe
788 4001 951 4086 incipiunt
977 4049 1050 4083 ....‚
1072 4011 1104 4068 et
1132 4003 1212 4068 desi·

63 4119 151 4177 nunt
172 4157 220 4190 ...,
242 4119 272 4176 et
290 4119 366 4175 sunt
385 4110 505 4176 tenoris
526 4110 698 4193 renitentis,
723 4108 874 4174 uidelicet
897 4109 942 4192 (et
962 4108 1006 4174 ibi
1026 4110 1211 4176 inserantur

64 4220 131 4284 iiire
150 4217 276 4301 littere)
294 4239 302 4281 ε
324 4217 395 4282 idea
405 4217 567 4302 prefatus
586 4217 782 4281 reverendus
797 4217 853 4297 N.,
876 4216 1022 4284 Vr'carrus
1038 4218 1212 4300 emeratis,

65 4325 212 4392 decreuit
221 4333 320 4409 prout
337 4326 378 4392 de
397 4328 479 4408 jure
498 4343 554 4392 eas
572 4325 755 4392 executioni
772 4323 981 4390 demandare.
1008 4325 1214 4411 Quapropter
