3050 4984
299 522 362 586 1811
676 538 851 585 9111991999
875 537 1066 583 9919919119.

296 662 430 745 siastici‚
455 661 554 727 etiam
569 660 734 751 Episcopi,
752 669 849 750 atque
870 661 966 727 etiam
989 658 1091 747 judex
1119 656 1246 747 primes,
1275 652 1438 735 secundae,

299 768 415 847 tertia,
430 775 507 851 etc,
522 767 758 856 appellationis,
773 787 814 833 ex
828 788 924 833 causa
937 763 1129 855 suspicionis
1139 761 1280 831 recusari
1290 768 1438 851 possunt.

238 869 242 880 ’
341 875 538 955 0911991921.
554 876 647 940 -ln
659 895 735 939 casu
747 896 811 962 quo
820 870 929 962 judee
945 872 1173 939 ecclesiasticus
1185 882 1349 937 recusetur
1365 880 1442 935 tan-

298 1004 399 1072 quam
421 992 595 1070 suspectus,
620 979 781 1069 quomodo
809 980 887 1070 91191
911 980 1048 1047 debeam
1077 978 1205 1060 arbitri,
1229 977 1444 1068 9919999991

296 1087 505 1155 recusationis
528 1085 771 1154 9191919911-
795 1086 953 1168 Quaenam
985 1086 1039 1171 sit,
1061 1086 1095 1152 in
1119 1107 1195 1153 casu
1218 1082 1442 1168 recusationis,

296 1193 450 1262 canonica
465 1193 603 1261 tenenda
617 1216 745 1280 norma,
762 1194 909 1284 apprime
929 1192 1044 1261 callere
1066 1192 1183 1260 debent
1195 1190 1321 1281 judices
1340 1190 1446 1257 eccle-

296 1302 427 1384 siastici,
445 1299 537 1367 facile
557 1300 704 1389 alioquin
728 1300 761 1366 in
784 1301 893 1367 irritos
913 1307 1010 1391 atque
1033 1299 1171 1388 injustos
1197 1304 1286 1365 actus
1302 1296 1444 1387 lapsuri.

297 1408 340 1474 Ut
354 1416 465 1473 autem
480 1427 519 1472 ea
531 1428 632 1473 sacrae
646 1404 828 1495 disciplinae
847 1429 934 1498 pars,
952 1416 983 1474 91
997 1406 1115 1475 clarius
1130 1413 1248 1497 pateat,
1266 1411 1297 1470 ct
1311 1424 1446 1471 accura-

300 1515 362 1580 tius
375 1512 537 1596 firmetur,
562 1513 814 1582 transcribemus
831 1514 939 1603 primo
958 1512 1045 1603 leges
1064 1512 1305 1598 ecclesiasticas,
1322 1511 1448 1601 quibus

298 1618 511 1687 determinata
526 1619 687 1708 reperitur
701 1627 797 1711 atquc
820 1621 942 1687 sancita
961 1650 968 1687 ι
987 1628 1057 1688 1991
1073 1620 1201 1688 easdem
1216 1620 1305 1708 leges
1320 1640 1449 1708 expen-

297 1726 404 1793 dendo
419 1735 451 1792 et
464 1723 667 1815 applicando,
695 1735 794 1793 totam
823 1726 857 1792 in
886 1748 923 1793 eo
939 1729 1068 1815 negotio
1085 1724 1308 1817 praescriptam
1321 1724 1448 1813 agendi

299 1832 461 1900 rationem
478 1830 690 1899 deducemus.

344 1939 368 2005 l.
391 1937 611 2005 ammittitur
626 1950 735 2006 1999199
749 1936 974 2020 decretalium,
991 1961 1063 2029 que
1075 1941 1249 2009 tenendam
1257 1941 1292 2007 in
1301 1961 1379 2007 casu
1394 1962 1452 2005 re-

299 2044 476 2111 cusationis
501 2066 656 2111 normam
677 2044 905 2134 praescribunt.
931 2084 975 2097 -
991 2047 1028 2113 19
1044 2045 1196 2115 decretali
1210 2052 1266 2133 41,
1283 2046 1372 2114 tituli
1390 2050 1452 2133 28,

300 2151 376 2217 libri
391 2154 409 2217 2
426 2150 655 2236 Decretalinm,
674 2150 814 2219 sancivit
827 2152 1021 2221 Caelestinus
1036 2154 1081 2220 llI
1103 2154 1164 2223 hoc
1181 2154 1276 2222 modo
1296 2180 1302 2220 :
1325 2179 1341 2217 «
1366 2152 1456 2221 Pos-

304 2283 321 2321 «
345 2257 428 2324 tulas
443 2255 583 2341 edoceri,
600 2279 675 2324 cum
692 2257 811 2347 aliquis
824 2259 969 2348 judicem
987 2270 1140 2351 tanquam
1156 2268 1341 2352 suspectum
1353 2282 1455 2327 recu-

305 2389 323 2429 «
346 2372 408 2448 sat,
425 2384 467 2429 99
482 2385 613 2430 9999991
631 2364 824 2454 suspicionis
838 2365 952 2434 debeat
969 2366 1123 2455 allegare,
1148 2375 1179 2434 et
1194 2390 1278 2451 eam,
1295 2366 1360 2433 nisi
1379 2390 1456 2433 919-

307 2497 323 2534 «
348 2469 463 2536 9119919
476 2468 529 2555 911,
540 2492 650 2536 999991
663 2468 890 2559 eodcmjudice
904 2471 1041 2561 probare
1052 2480 1207 2540 19999199.
1223 2472 1342 2539 Utrum
1351 2472 1457 2539 etiam

307 2602 324 2639 «
344 2576 447 2664 judex
478 2576 580 2664 possit
607 2576 641 2640 iu
667 2574 781 2641 eodem
793 2575 916 2665 judicio
933 2586 965 2641 91
992 2578 1121 2667 negotio
1137 2576 1321 2668 procedere,
1339 2578 1370 2645 si
1398 2578 1459 2645 illc

309 2709 325 2745 «
349 2682 404 2770 qui
420 2681 636 2770 suspicionem
650 2682 773 2770 objicit,
791 2704 921 2749 causam
948 2684 1019 2772 ejus
1046 2694 1181 2752 autnon
1196 2683 1286 2769 velit,
1309 2684 1361 2751 vel
1386 2706 1459 2751 999

309 2813 326 2851 9
349 2787 450 2876 possit
465 2784 588 2875 injure
609 2785 758 2875 probare.
790 2825 833 2837 —
862 2788 1098 2856 Consultationi
1126 2798 1190 2858 tuae
1218 2790 1461 2879 respondemus

309 2894 450 2985 «quod,
467 2915 541 2959 9991
568 2893 687 2983 aliquis
707 2892 850 2982 judicem
866 2896 1019 2986 proponit
1043 2920 1077 2964 99
1104 2896 1222 2965 habere
1249 2906 1458 2988 suspectum,

310 2999 543 3091 «suspicionis
576 3022 707 3067 9999991
739 3021 847 3069 999991
883 3003 996 3069 9911991
1034 3003 1174 3093 allegare
1203 3011 1331 3071 tenetur
1359 3032 1365 3070 :
1397 3007 1461 3074 sed

310 3115 469 3197 «partes,
504 3117 540 3172 ut
568 3108 603 3172 in
631 3108 756 3197 aliquos
784 3130 849 3175 non
875 3109 968 3176 valde
997 3120 1136 3178 remotos
1163 3111 1372 3196 conveniant,
1397 3135 1463 3202 per

310 3241 328 3279 «
350 3213 501 3282 eumdem
524 3211 667 3300 judicem
691 3213 809 3280 debent
831 3220 902 3302 cogi
921 3242 928 3281 ι
946 3236 1055 3283 999991
1070 3218 1201 3307 quibus,
1220 3218 1248 3283 si
1264 3238 1363 3285 causa
1380 3240 1464 3286 sus-

311 3319 486 3409 «picionis
515 3317 601 3384 intra
625 3319 802 3386 terminum
831 3331 1062 3409 competentem
1088 3322 1223 3413 probata
1244 3344 1311 3390 non
1337 3322 1463 3411 199911,

312 3457 328 3493 9
354 3440 429 3495 tunc
446 3426 579 3495 demum
606 3427 795 3494 auctoritate
819 3450 877 3495 sua
902 3430 1005 3518 judex
1027 3439 1149 3498 utetur.
1178 3429 1273 3510 Quod
1301 3429 1329 3497 si
1343 3452 1466 3499 coram

311 3562 327 3599 9
350 3535 430 3624 ipsis
455 3555 552 3600 causa
568 3534 759 3622 suspicionis
777 3536 912 3625 probata
940 3536 1049 3622 luerit,
1068 3560 1173 3605 causm
1201 3536 1383 3626 cognitioni
1399 3560 1467 3606 su-

312 3668 328 3706 «
353 3640 521 3731 persedere
535 3639 696 3707 tenebitur
713 3649 890 3708 recusatus.
910 3642 981 3730 lpsa
994 3664 1133 3734 namque
1145 3644 1350 3731 991191119191,
1368 3646 1468 3735 quod

314 3775 330 3809 «
354 3744 494 3835 suspecti
509 3752 541 3809 91
557 3743 682 3811 inimici
694 3744 822 3832 judicas
834 3767 902 3811 esse
919 3766 984 3812 non
1000 3746 1127 3813 debent.
1146 3772 1163 3811 9
1193 3747 1368 3815 1111991991
1396 3750 1469 3819 119-

310 3852 420 3921 9991911
449 3849 633 3939 praefigitur
658 3852 789 3917 rubrica
817 3850 886 3918 haec
911 3878 917 3917 :
947 3880 963 3915 «
986 3852 1093 3920 Causa
1115 3854 1307 3944 suspicionis
1335 3876 1470 3948 propo·
1518 3856 1519 3877 ¹

315 3990 331 4023 «
355 3957 462 4025 nenda
475 3968 523 4022 est
538 3977 646 4023 coram
654 3956 762 4043 judice
778 3959 835 4047 qui
851 3968 1030 4046 recusatur,
1045 3970 1078 4027 et
1092 3960 1259 4049 probanda
1275 3982 1388 4028 coram
1407 3986 1470 4033 ar—

318 4064 498 4131 91111919.»
1518 4110 1519 4181 p

356 4172 460 4261 Magis
471 4171 683 4239 determinate
709 4174 915 4243 Innocentius
930 4175 974 4244 lll
991 4178 1038 4266 (in
1055 4177 1206 4244 decretali
1224 4180 1277 4261 61,
1295 4176 1386 4244 111911
1404 4184 1470 4267 28,
1518 4184 1519 4265 l

314 4277 670 4372 1119121199191911919)
688 4302 754 4348 9991
773 4283 886 4349 definit
912 4283 963 4350 his
979 4283 1110 4351 verbis:
1132 4310 1148 4349 9
1164 4284 1358 4373 Statuimus,
1379 4296 1420 4353 ut
1439 4290 1473 4359 si
1518 4266 1519 4343 l
