3050 4984
550 478 625 525 raas
649 478 796 527 arcanos.
1200 463 1239 525 23

106 603 153 673 ille
178 604 232 695 qui
259 602 417 695 probabat
440 624 474 671 se
498 602 584 673 bona
609 600 673 671 tide
694 603 810 693 egisse,
834 609 867 671 et
889 602 1124 673 accusationem
1148 626 1242 673 snam

21 750 22 801 ,
106 710 267 781 fundatam
300 716 476 801 reputasse.
509 710 638 802 Duplex
673 732 790 802 nempe
827 708 1041 799 distinguitur
1070 710 1243 780 calumniae

21 808 23 899 l
108 818 219 909 species
239 844 247 885 :
270 840 347 885 aera
359 826 391 885 et
401 830 620 909 presumpta.
645 816 869 887 Calumniator
886 840 980 885 cerras
998 816 1119 887 dicitur
1132 819 1188 887 ille
1205 819 1245 887 de

21 906 23 927 ἱ
107 948 168 1017 qno
188 932 275 995 certo
296 932 433 1013 coastat,
457 923 545 1017 quod
572 946 612 993 ex
639 923 763 993 malitia
783 932 815 993 et
836 924 973 993 scienter
996 925 1071 993 falsi
1095 926 1244 995 criminis

108 1032 238 1101 alterum
260 1032 487 1101 accusaverit:
508 1042 745 1124 presumptor,
772 1032 829 1123 qui
853 1054 919 1100 nou
943 1032 1048 1123 potuit
1068 1031 1244 1123 injudicio

21 1156 22 1227 J
108 1140 237 1230 probare
253 1140 287 1209 id
303 1139 344 1208 de
358 1162 424 1231 quo
438 1140 539 1209 alium
554 1140 734 1207 accusabat.

147 1246 246 1314 Porro
267 1246 303 1313 in
320 1268 397 1315 casu
408 1256 625 1337 presumpte
640 1244 812 1315 dumtaxat
825 1245 1012 1333 mlnmniae,
1029 1247 1057 1315 si
1078 1257 1245 1317 accusator

108 1352 270 1443 probabat,
300 1374 333 1421 se
356 1375 396 1421 ex
424 1352 512 1444 justa
536 1375 633 1421 causa
658 1360 691 1421 et
713 1375 754 1421 ex
782 1375 893 1421 errore
921 1353 1083 1444 probabili
1111 1354 1244 1425 ductum

107 1461 211 1545 nisse,
241 1468 273 1529 et
299 1460 415 1529 tusam
442 1460 694 1546 accusationem,
719 1482 785 1529 non
810 1460 961 1546 scienter,
981 1461 1038 1529 sed
1058 1461 1144 1531 bona
1167 1462 1245 1549 lide,

107 1568 292 1660 protulisse;
313 1590 519 1661 nequaquam
537 1568 566 1635 ei
582 1588 678 1660 pmua
695 1567 826 1637 talionis
838 1575 895 1637 aut
913 1567 980 1638 ulla
993 1570 1057 1638 alia
1071 1569 1247 1661 infligeba-

106 1686 167 1747 tur.
184 1677 280 1759 Quod
296 1677 381 1745 inter
395 1676 479 1744 alios
495 1682 603 1743 textus
618 1675 696 1744 satis
710 1675 827 1766 probat
840 1675 894 1743 lex
917 1678 949 1761 3,
964 1675 1051 1743 tituli
1067 1680 1121 1763 46,
1135 1677 1211 1745 libri
1228 1682 1246 1745 9

21 1796 22 1801 ’
105 1784 298 1853 Justiuianci
312 1782 452 1870 Codicis,
470 1782 505 1851 in
523 1806 588 1875 qua
604 1782 650 1851 sic
665 1782 828 1853 habetur:
852 1783 919 1866 Qui
936 1805 1002 1851 aon
1013 1784 1170 1875 probasse
1182 1786 1249 1853 cri-

106 1916 178 1961 men
195 1892 288 1985 qnod
302 1890 440 1961 intendit
451 1891 708 1984 prooemiatur,
728 1891 758 1959 si
776 1890 950 1959 calumnia
971 1914 1040 1959 non
1056 1890 1245 1975 damnetur,

106 2002 341 2071 detrimentum
356 1999 607 2069 existimationis
620 1999 840 2091 conpatitur.
857 2003 933 2071 Non
948 2001 1037 2068 enim
1051 2001 1081 2069 ei
1094 2024 1169 2069 rens
1183 2002 1247 2070 ab·

105 2111 228 2179 solatus
248 2122 306 2191 est,
326 2132 367 2177 cn
382 2131 418 2177 eo
434 2108 501 2177 solo
522 2100 623 2175 ctiam
638 2119 820 2189 damnator,
840 2107 899 2198 qni
911 2120 1021 2199 potest
1036 2109 1170 2199 justam
1185 2112 1247 2179 ba-

21 2232 22 2235 ’
106 2216 207 2287 taine
220 2215 369 2285 veniendi
382 2214 429 2284 ad
439 2214 563 2285 crimen
576 2214 748 2295 rationem,
765 2214 988 2283 calumniator
1000 2215 1177 2285 credendus
1188 2232 1245 2285 est.

21 2320 22 2327 '
151 2325 269 2406 Tertio,
300 2346 396 2416 poeun
425 2322 566 2409 talionis,
594 2330 692 2413 prout
719 2320 795 2413 jure
822 2322 972 2391 Romano
1001 2321 1246 2411 decernebatur,

21 2428 22 2515 ζ
106 2432 225 2523 injusta
254 2454 318 2499 non
347 2430 421 2499 luit.
455 2430 560 2516 Nam,
590 2430 643 2499 vel
669 2429 834 2497 constabat
863 2436 1082 2499 accusatorem
1114 2431 1251 2501 scienter

21 2538 23 2629 l
106 2540 339 2607 calumniatum
361 2560 444 2625 esse,
469 2536 521 2607 vel
545 2558 611 2605 non
637 2563 644 2604 :
669 2536 696 2605 si
719 2536 891 2627 posterius,
913 2558 1019 2628 paenae
1045 2536 1188 2626 talionis,
1213 2548 1250 2607 ut

21 2670 25 2701 ι
106 2646 200 2716 modo
223 2648 348 2717 dictum
372 2656 430 2731 est,
452 2646 543 2715 locus
561 2666 627 2713 nou
649 2652 718 2713 erat
740 2672 747 2713 :
768 2644 798 2711 si
819 2643 924 2735 prius,
943 2645 1064 2736 injusta
1081 2669 1124 2714 ex
1145 2648 1247 2715 nimio

106 2755 213 2845 rigore
242 2754 307 2823 dici
334 2754 449 2845 nequit
478 2750 639 2843 ejusmodi
666 2773 772 2843 poena.
807 2750 901 2833 Quod
929 2760 966 2819 ut
994 2759 1114 2843 pateat,
1139 2754 1184 2822 sit
1216 2756 1250 2822 ia

21 2880 22 2893 ¹
106 2862 293 2954 exemplum
313 2861 432 2947 Titius,
454 2858 619 2929 homicidii
641 2880 798 2927 accusans
817 2858 948 2949 Cujum,
972 2881 1070 2951 quem
1093 2861 1252 2931 innocen-

21 2958 24 3017 l
107 2969 288 3062 templana
312 2969 403 3038 novit
427 2994 435 3035 ι
460 2975 584 3036 certum
604 2976 651 3035 est
679 2964 799 3035 hancce
821 2964 900 3035 Titii
923 2967 1162 3036 emanationem
1181 2992 1251 3039 esse

21 3150 22 3153 ,
108 3101 219 3147 verum
257 3084 289 3145 et
320 3075 450 3168 proprie
485 3074 607 3143 dictum
644 3081 807 3141 mammen
840 3072 1010 3143 occidendi
1047 3075 1251 3147 innocentem

106 3186 235 3279 Cajum,
268 3192 299 3253 et
327 3181 479 3253 eumdem
508 3180 606 3251 simul
635 3180 830 3249 infamandi.
859 3180 934 3249 Jam
961 3204 1040 3251 vero
1067 3181 1251 3253 istiusmodi

107 3302 270 3363 tentamen
299 3314 395 3383 poenu
422 3288 535 3359 mortis
563 3288 702 3378 dignum
733 3309 799 3355 nou
827 3310 897 3355 esse
923 3310 1091 3381 nunquam
1119 3292 1253 3383 probari

107 3402 236 3493 poterit.
251 3400 335 3469 Nam
351 3398 378 3465 si
392 3396 591 3490 ponderetur
607 3394 715 3488 quoad
729 3394 886 3463 malitiam
900 3394 1121 3485 intrinsecam,
1139 3399 1252 3468 eadem

107 3519 151 3577 ast
178 3532 215 3577 nc
238 3510 266 3576 si
293 3506 423 3575 effectus
447 3512 531 3573 esset
559 3513 687 3573 secutus
710 3530 717 3571 ι
737 3502 814 3571 tecit
839 3503 929 3571 enim
955 3504 1061 3573 Titius
1090 3505 1253 3599 quidquid

108 3616 214 3709 potuit
235 3623 271 3683 ut
290 3614 404 3706 cajum
426 3612 513 3681 lama
531 3610 630 3679 simul
651 3618 683 3679 et
703 3610 771 3679 vita
790 3610 955 3701 privaret,
976 3611 1110 3703 ejusque
1130 3615 1249 3683 voluu-

108 3734 153 3791 tas
174 3725 208 3791 iu
228 3720 342 3791 eodem
358 3719 492 3788 omnino
512 3716 682 3810 pravitatis
702 3716 808 3806 gradu
823 3716 899 3802 luit,
913 3740 950 3785 ac
971 3716 999 3785 si
1014 3740 1083 3786 rem
1098 3719 1255 3789 intentam

21 3842 23 3869 ¹
107 3828 312 3913 obtinuisset,
332 3848 408 3893 cum
434 3824 476 3893 ad
496 3846 567 3891 eam
592 3824 804 3891 obtinendam
827 3822 910 3890 nihil
936 3824 1092 3893 omiserit.
1116 3824 1254 3895 sivero

108 3936 307 4026 ponderetur
321 3931 398 4001 talis
412 3931 489 3999 Titii
513 3938 649 3999 mantua
667 3930 766 3999 relate
780 3928 823 3999 ad
842 3930 966 3999 hunum
982 3929 1162 4021 publicum,
1178 3955 1255 4001 eum

108 4067 206 4135 poena
228 4042 341 4111 mortis
360 4040 447 4131 juste
471 4039 565 4132 plecti
586 4060 679 4131 posse
702 4045 788 4107 recta
812 4038 896 4109 ratio
922 4037 1047 4107 suadet.
1074 4038 1158 4109 Nam
1177 4040 1256 4109 boni

21 4140 23 4159 “
109 4152 232 4242 publici
259 4158 291 4219 et
317 4146 477 4217 societatis
506 4147 640 4215 omniuo
668 4146 802 4214 interest
827 4152 864 4214 ut
890 4144 1112 4215 innocentium
1138 4145 1205 4214 vite
1226 4157 1258 4218 ct

111 4258 197 4329 mma
215 4264 331 4327 contra
349 4256 430 4325 tales
449 4253 721 4325 calumniatorum
742 4259 878 4323 canctus
894 4250 1023 4321 fortiter
1041 4258 1230 4346 protegatur
1249 4282 1256 4327 z
