3050 4984
529 462 604 512 PARS
631 457 780 512 immet

623 647 679 714 ΙΙΙ.

74 813 225 861 mentius
248 813 465 860 verminosis
487 812 602 860 Vlsslffll
624 809 791 857 GBNEMUS
814 810 869 855 stttt
891 809 1058 856 oretenus
1080 809 1220 856 setscoet.

125 979 209 1047 Eam
224 978 430 1048 desumimus
444 999 487 1044 ex
501 975 679 1045 Monscello
697 978 798 1066 (perte
816 979 846 1063 1,
865 977 914 1043 tit.
932 978 964 1062 1,
977 974 1077 1044 form.
1096 977 1126 1066 1)
1146 1003 1153 1042 :

124 1138 141 1169 «
163 1113 220 1191 N,
244 1113 306 1177 Dei
327 1119 359 1175 et
379 1110 572 1192 Apostolicae
592 1109 688 1175 Sedis
704 1109 815 1190 pratia
832 1109 1012 1192 Episcopus
1030 1108 1086 1185 N,
1109 1107 1222 1172 dileuo

77 1219 184 1286 Nobis
203 1220 238 1280 in
258 1217 388 1284 Cbristo
404 1218 447 1286 N.
470 1217 609 1310 salutern
628 1216 663 1278 in
683 1216 834 1280 Domim.
850 1215 990 1282 -Cum
1004 1231 1085 1278 onus
1102 1216 1223 1296 episco-

73 1326 170 1408 palis
187 1326 362 1389 ministerii
381 1325 466 1388 tanti
481 1324 525 1387 sit
541 1323 708 1400 momenti,
722 1331 760 1386 ut
773 1323 873 1386 etiarn
895 1323 973 1402 ipsis
991 1322 1143 1404 anpelicis
1162 1322 1224 1387 bu-

77 1434 183 1496 meris
194 1431 444 1512 formidandum
455 1431 617 1507 videatur,
632 1448 727 1512 opere
734 1430 880 1512 pretium
895 1429 1061 1507 ducimus,
1073 1431 1108 1493 in
1121 1430 1225 1493 admi-

78 1539 275 1602 nistratione
302 1539 504 1622 episcopatus
532 1539 587 1616 N,
613 1555 710 1620 quem
736 1537 969 1602 sanctissimus
995 1538 1035 1602 D.
1062 1537 1103 1606 N·
1131 1537 1225 1620 Papa

79 1653 203 1710 nostra
228 1644 441 1708 imbecillitati
462 1645 730 1726 superimposuit,
763 1643 927 1708 Vicarium
951 1643 1103 1708 idoneum
1123 1644 1224 1710 advo-

80 1769 172 1827 care,
186 1753 246 1833 qui
259 1758 389 1834 partem
402 1749 629 1814 sollicitudinis
642 1757 760 1813 nostru
775 1750 809 1812 in
821 1767 854 1813 se
866 1750 1070 1826 assumendo,
1085 1751 1224 1833 pondus,

81 1877 152 1941 quo
169 1859 258 1921 ultra
279 1859 365 1920 oires
382 1858 577 1939 premimur,
599 1855 724 1920 allevet.
748 1856 833 1920 Hinc
851 1857 954 1920 aciem
973 1865 1091 1922 nostrie
1111 1861 1227 1922 mentis
1274 1919 1279 1926 ,

82 1967 122 2027 in
139 1982 314 2048 personam
334 1973 427 2027 tuam
446 1963 631 2045 diripentes,
653 1971 684 2027 et
706 1964 746 2027 de
766 1962 934 2042 fidelitate,
952 1964 1126 2045 probitate,
1144 1983 1226 2046 pru·

83 2072 213 2150 olentia,
236 2072 369 2134 scientia
392 2079 424 2133 et
443 2071 659 2152 experientiis,
682 2069 831 2152 aliisque,
849 2069 966 2152 quibus
986 2070 1097 2152 polles,
1121 2072 1225 2136 virtu-

84 2179 171 2241 tibus
188 2178 282 2260 plene
301 2179 431 2256 confisi;
457 2177 497 2241 Te
517 2183 665 2240 nostrum
696 2177 860 2241 Vitorium
881 2177 1079 2258 peneraiern,
1102 2187 1133 2242 et
1156 2179 1227 2260 Offi-

83 2285 214 2363 cialem,
237 2285 284 2349 ad
306 2292 454 2348 nostrum
477 2283 723 2364 beneplacitum,
748 2283 888 2346 indicto
910 2291 1019 2346 nostro
1042 2285 1227 2366 episcopatu

84 2393 144 2469 N„
169 2394 203 2454 in
221 2391 446 2474 spiritualibus
464 2399 495 2454 et
518 2390 759 2473 temporalibus,
785 2399 892 2454 tenore
908 2394 1122 2473 presentium
1142 2393 1226 2472 faci·

82 2516 177 2574 mus,
201 2499 425 2560 comtitulmus
449 2507 480 2561 et
502 2497 714 2579 deputamus‚·
740 2496 855 2562 dantes
886 2507 916 2560 et
943 2498 1145 2563 concedentes
1169 2499 1229 2563 tibi

81 2613 274 2686 potestatem
292 2613 324 2668 et
340 2604 536 2668 mandatum
548 2604 697 2684 speciale,
718 2604 877 2683 ecclesius,
897 2604 1018 2668 altaria
1033 2614 1065 2669 et
1084 2608 1228 2670 oratoria

86 2712 248 2790 edificata
266 2720 297 2775 et
316 2711 520 2790 edificanda,
542 2721 572 2774 et
590 2710 701 2774 diuino
719 2711 822 2774 cultui
841 2711 995 2794 deputata
1010 2713 1226 2792 benedicendi,

85 2838 190 2901 eaque
208 2819 332 2901 polluta
357 2824 432 2896 (non
452 2827 561 2882 tumen
580 2820 776 2900 consecrata)
795 2819 1027 2882 reconciliandi
1030 2840 1042 2894 ,·
1061 2839 1083 2883 a
1100 2822 1227 2886 casibus

87 2927 344 3009 quibuscumque
371 2925 471 2992 Nobis
499 2927 671 2988 reservatis
697 2924 902 2999 absolvente
932 2935 965 2990 et
998 2926 1073 2990 aliis
1105 2930 1227 3009 conses-

88 3034 197 3110 sariis,
221 3041 259 3096 ut
280 3033 322 3095 ab
347 3032 462 3096 iisdem
485 3032 649 3096 absoluere
668 3033 805 3114 possint,
827 3033 1017 3112 sensualem
1040 3033 1230 3117 delepandi,·

85 3139 235 3222 publicas
254 3148 287 3202 et
297 3141 453 3204 solemnes
464 3140 672 3221 penitentias
686 3138 881 3220 injunpendi
886 3157 900 3217 ;
921 3139 1044 3204 litteras
1065 3159 1226 3206 commen-

89 3248 224 3313 datitim
242 3255 272 3310 et
292 3246 521 3310 testimoniales
539 3245 750 3324 concedendi;
771 3245 973 3310 dimissorias
993 3248 1040 3312 ud
1055 3267 1225 3331 quoscum-

88 3374 152 3438 que
172 3355 301 3418 ordines
317 3353 430 3431 dandi,
447 3362 478 3416 et
497 3371 596 3436 super
615 3353 796 3415 interstitiis
815 3351 1037 3434 dispensandi,
1058 3356 1157 3422 Nobis
1178 3367 1227 3420 ta-

89 3480 166 3524 men
178 3480 201 3524 a
214 3461 342 3525 dioecesi
354 3459 537 3524 absentibus
541 3477 555 3539 ;
568 3477 683 3522 cassas
693 3459 950 3523 matrimoniales
963 3464 1185 3542 oopnoscendl,
1200 3472 1231 3528 et

90 3567 277 3642 decidendi,·
298 3568 562 3652 procurationem
583 3567 788 3643 visitationis,
811 3565 1054 3648 synodaticum,
1075 3581 1230 3652 quartam

86 3675 284 3756 muscetum,
304 3683 336 3740 et
352 3674 584 3738 charitativum
603 3671 797 3750 subsidium,
812 3681 850 3735 ut
860 3673 949 3753 juris
967 3677 1039 3752 erit,
1060 3678 1230 3759 eaeiqendi;

89 3801 194 3846 nooas
204 3781 380 3864 parochias
394 3780 552 3862 eripendi,
567 3788 598 3842 et
615 3786 736 3842 erectos
754 3778 976 3862 collapsusque
993 3783 1167 3862 reficiendi,
1180 3785 1234 3848 vel

91 3892 126 3952 in
147 3890 298 3952 matrices
316 3888 477 3953 Eccleslos
495 3885 729 3966 transferendi;
750 3885 901 3966 beneficia
921 3888 1076 3970 eripendi,
1098 3899 1129 3953 et
1150 3893 1230 3955 resi·

89 3999 261 4080 preatimses
283 3997 429 4074 illorum,
454 3995 554 4058 etium
576 4012 617 4057 ec
636 4011 736 4056 causa
753 3997 1018 4074 permutationis,
1042 3999 1229 4079 recipiendi,

90 4107 191 4170 etad
211 4123 249 4168 ea
269 4112 479 4186 presentans
501 4100 692 4165 instituendi
694 4117 708 4178 ;
725 4100 773 4162 ad
791 4111 905 4165 curata
924 4105 1076 4166 vacantia
1098 4122 1231 4171 conarr-

91 4231 167 4281 sum
187 4213 361 4289 bediceudi,
386 4219 417 4275 et
435 4209 550 4273 eadem
568 4209 712 4288 dioniori
729 4209 931 4288 conserendi;
957 4229 1135 4276 oeconomos
1154 4221 1233 4281 tem·
