3050 4984
260 470 300 535 ll
632 488 808 535 reimarus
831 488 870 534 ne
891 488 1025 535 runicus.

258 619 448 681 nouantem
475 612 589 703 probet
603 634 677 679 eum
703 632 770 679 non
794 632 888 703 posse
911 610 952 678 ab
974 608 1090 679 ἰἰεάοιιι
1116 618 1190 678 ente
1212 632 1399 701 processum

256 719 366 788 delicti
386 718 505 788 indicia
524 727 557 787 et
580 718 786 810 probationes
810 717 972 807 excipere.
1002 718 1106 785 Immo
1133 716 1259 785 etiamsi
1284 715 1401 784 obierit

254 826 461 913 denuntians,
475 833 578 918 potest
589 824 706 916 judex,
719 823 954 893 sufficientibus
968 823 1010 891 ad
1025 822 1230 916 probandum
1246 822 1399 892 delictum

255 933 457 1003 documentis
475 954 533 1025 per
551 932 828 1002 denuntiationem
852 932 1043 1020 instructus,
1065 931 1100 1000 in
1122 954 1216 1001 mum
1235 929 1400 1023 inquirere

257 1050 289 1111 et
306 1042 491 1133 procedere.

301 1149 385 1218 fline
403 1148 533 1218 tandem
546 1170 624 1217 vera
639 1157 670 1215 et
685 1154 754 1217 tuta
768 1146 803 1215 in
818 1146 913 1238 praxi
930 1147 1013 1216 mibi
1029 1146 1159 1215 videtur
1176 1145 1248 1215 bete
1266 1145 1399 1215 conclu-

256 1257 329 1325 sio:
355 1278 447 1346 posse
470 1254 566 1323 hodie
588 1277 609 1322 a
628 1253 740 1345 judice
761 1253 974 1322 ecclesiastico
993 1276 1148 1347 personas
1173 1252 1343 1344 quaslibet.
1357 1251 1399 1319 ad

256 1360 516 1430 denuntiandum
531 1359 658 1429 admitti
670 1388 679 1439 ·,
692 1367 723 1428 et
735 1360 769 1428 in
783 1359 872 1429 nullo
884 1382 962 1428 casu
973 1359 1105 1429 irritum
1117 1358 1186 1427 lore
1198 1380 1398 1449 processum,

255 1490 297 1538 cx
310 1468 378 1538 sola
392 1466 616 1535 denuntiantis
627 1467 668 1535 ad
680 1466 942 1536 denuntiandum
957 1466 1172 1535 inhabilitate.
1185 1464 1278 1546 Quod
1291 1474 1399 1533 tamen

255 1598 331 1644 cum
345 1598 383 1644 ea
396 1574 585 1645 limitatione
600 1574 801 1644 intellectum
816 1575 928 1663 velim,
945 1575 1012 1643 uisi
1026 1575 1136 1666 aliqua
1150 1575 1185 1643 iu
1199 1576 1400 1644 contrarium

257 1690 356 1771 extet,
372 1706 446 1774 quae
466 1705 516 1751 me
536 1682 669 1774 legerit,
687 1681 852 1775 pontificia
873 1692 930 1752 aut
948 1704 1160 1752 romanarum
1175 1683 1397 1773 congregatio-

259 1812 339 1858 num
359 1788 490 1857 decisio.

775 2017 797 2108 ς
818 2016 880 2088 ιιι.

312 2213 406 2264 Contra
421 2224 496 2277 quos,
512 2224 558 2261 seu
574 2209 607 2261 de
624 2209 719 2275 quibus
735 2209 838 2262 delictis
854 2210 911 2261 fleri
928 2211 1009 2276 possit
1022 2212 1153 2277 judicialis
1168 2212 1340 2265 denuntiatio.

300 2439 428 2507 liscum
446 2441 492 2505 1².
507 2476 551 2492 -
566 2438 763 2507 denuntiari
781 2450 890 2529 potest
912 2436 1077 2529 quodlibet
1096 2437 1263 2521 delectum,
1282 2438 1321 2507 de
1335 2464 1400 2530 quo

249 2545 329 2635 jam
340 2547 436 2634 soma
457 2544 577 2625 existit,
595 2544 724 2612 etiamsi
743 2543 942 2613 mentions
962 2544 1112 2613 cedidere
1127 2544 1240 2636 judici
1260 2560 1401 2636 nequeat

254 2652 324 2720 ullo
339 2651 408 2719 alio
424 2650 470 2720 od
483 2650 639 2720 delictum
660 2651 874 2743 probandum
893 2651 1014 2720 medio.
1031 2652 1173 2721 —Nam
1194 2675 1235 2721 ex
1255 2651 1401 2721 dicendis

253 2758 288 2825 in
304 2758 451 2849 sequenti
466 2759 581 2849 capite,
597 2758 718 2827 sufficit
732 2758 820 2827 lama
833 2758 974 2850 publicu,
990 2766 1026 2827 ut
1037 2758 1142 2849 judex
1157 2759 1192 2826 in
1207 2758 1396 2850 delinquen-

255 2872 319 2934 tem
335 2865 500 2956 inquirere
515 2865 625 2956 possit.
644 2865 731 2955 Ergo
745 2865 950 2933 denuntiatio
964 2865 1090 2934 inutilis
1106 2888 1173 2934 uon
1186 2874 1247 2952 est,
1258 2865 1285 2933 si
1297 2866 1401 2956 judici

255 2980 365 3040 notam
380 2971 584 3040 solummodo
598 2971 693 3040 faciat
705 2972 827 3041 temam
841 2972 882 3040 de
896 2972 1026 3060 delicto,
1036 2972 1188 3064 quamvis
1199 2972 1307 3041 nullas
1320 2973 1402 3042 alias

255 3077 362 3146 delicti
391 3077 603 3146 indicationes
627 3077 790 3147 exhibeat.
814 3077 960 3147 Aliunde
979 3078 1052 3146 talis
1071 3077 1274 3147 denuntiatio
1300 3101 1403 3169 prava

255 3184 320 3253 dici
336 3183 514 3276 nequiter
530 3206 568 3252 eo
583 3185 672 3276 quod
688 3184 871 3253 denuntiati
886 3184 1006 3253 lamam
1023 3184 1137 3273 laedat3
1155 3184 1184 3252 si
1198 3185 1345 3277 quidem,
1358 3210 1403 3253 ex

257 3291 441 3383 hypothesi,
458 3290 667 3360 denuntiatus
679 3291 745 3382 jam
768 3291 907 3361 infamia
931 3292 1075 3378 laborat3
1093 3291 1182 3361 unde
1201 3293 1228 3359 si
1248 3292 1333 3361 torte
1348 3294 1403 3360 in·
1515 3357 1516 3374 ,

256 3420 375 3467 nocens
398 3398 450 3487 sit,
468 3398 600 3490 expedit
619 3397 650 3468 ei
673 3406 709 3469 ut
727 3398 889 3491 judicium
913 3399 1119 3486 interveniet,
1136 3407 1168 3467 et
1188 3399 1234 3468 sic
1248 3398 1290 3468 eb
1311 3402 1403 3469 omni
1515 3397 1516 3414 ¹

256 3504 441 3596 suspicione
458 3503 639 3574 vindicetur
648 3532 658 3592 ;
671 3514 768 3597 atquc
787 3504 868 3574 adeo
890 3504 1036 3597 proficua
1050 3505 1115 3597 ipsi
1135 3514 1197 3593 est,
1212 3506 1332 3575 nedum
1349 3508 1404 3575 in·

254 3611 390 3704 juriosa,
407 3610 566 3703 ejusmodi
588 3611 803 3681 denuntiatio.
825 3612 873 3680 Ex
890 3610 955 3681 fine
977 3619 1090 3680 antem
1109 3612 1152 3681 ad
1172 3636 1269 3705 quem
1284 3614 1402 3701 tendit,
1514 3685 1515 3692 χ

259 3719 485 3788 honestissima
508 3728 556 3788 est
580 3717 782 3789 denuntiatio
804 3718 861 3787 illa
885 3745 893 3786 ε
917 3741 977 3811 pro
998 3741 1095 3811 scopo
1121 3719 1210 3787 enim
1232 3720 1328 3789 babet
1352 3731 1402 3809 ut,

259 3836 423 3919 comperta
445 3849 503 3918 per
518 3826 761 3919 inquisitorinm
784 3848 971 3918 processum
992 3826 1138 3914 veritate,
1153 3827 1206 3895 vel
1224 3827 1405 3917 integritati
1513 3919 1514 3930 ἵ

260 3934 356 4003 lamae
372 3934 558 4003 restituatur
574 3934 741 4021 innocens,
757 3934 809 4004 vel
825 3955 900 4002 reus
912 3933 1021 4002 debita
1038 3956 1135 4025 poena
1148 3934 1317 4026 plectetur.

303 4042 370 4111 Nec
393 4039 564 4132 objiciatur
585 4063 627 4108 ex
652 4041 819 4109 communi
842 4040 1012 4109 doctorum
1034 4041 1204 4130 sententia,
1225 4039 1321 4110 modo
1342 4064 1406 4111 er-

260 4149 421 4241 ponenda‚
438 4147 630 4215 denuntiari
644 4170 709 4215 non
725 4170 821 4240 posse
845 4146 981 4229 crimen,
997 4146 1061 4215 nisi
1079 4162 1109 4217 ct
1127 4147 1266 4239 prodam
1280 4151 1402 4241 possit.
1512 4223 1513 4234 ,

258 4256 343 4329 Nam
374 4264 593 4347 praeterquam
622 4253 708 4349 quod
738 4254 799 4325 hoc
826 4254 940 4325 dicunt
965 4255 1007 4325 de
1032 4256 1170 4327 crimine
1196 4256 1335 4345 occulto,
1360 4256 1405 4327 dc
1512 4243 1513 4288 l
