3050 4984
320 499 381 564 602
692 517 868 565 mesenus
890 518 930 564 os
951 517 1085 564 summe.

317 655 382 702 non
402 640 540 721 reperiri
559 639 594 704 in
610 641 691 704 actis
714 639 912 704 tramissis
931 637 1030 704 uerba
1047 636 1214 722 quedam,
1228 654 1303 720 qun
1321 647 1412 702 certo
1431 639 1461 700 in

302 745 396 810 'aotr's
418 746 634 828 ors'pr'nolibus
652 747 825 825 tatmrnr,
840 763 956 830 nempe
973 749 1017 825 (et
1037 745 1081 810 ihi
1104 745 1335 828 exprimantur
1353 745 1460 824 verbs,

316 871 389 934 quae
417 855 660 936 praetsnduntur
691 855 837 937 omissa).
867 854 1074 937 Quapropter
1101 853 1262 938 profatus
1293 853 1462 937 appetam

316 961 498 1044 suspicatur
516 969 590 1026 acta
613 962 773 1045 predicta
804 968 840 1026 tn
862 963 916 1026 sui
937 979 1118 1046 praoamen
1143 961 1343 1026 transmissa
1369 962 1462 1042 steine

315 1085 443 1147 manca,
471 1069 638 1134 decurtato
661 1078 693 1134 et
716 1068 914 1133 adulterata.
938 1069 1044 1133 lnstat
1065 1068 1205 1152 proinde
1236 1076 1277 1132 ut
1304 1070 1395 1132 acn's
1420 1070 1462 1130 ito

316 1177 510 1241 transmissis
534 1177 626 1243 nulla
645 1177 726 1258 tides
743 1176 951 1256 adhibeatur,
973 1177 1074 1241 donec
1098 1175 1310 1241 collationato
1341 1178 1462 1258 ssserbtt

317 1285 416 1348 citato
433 1292 540 1366 parte,
555 1302 669 1369 nempe
687 1285 819 1350 domino
838 1284 871 1350 N
873 1331 893 1364 .,
909 1286 977 1349 sive
998 1283 1131 1350 domino
1152 1285 1304 1368 Ν.,φιοε
1326 1286 1462 1368 ipseap

314 1391 439 1473 pellens
458 1392 550 1476 elipit
565 1401 597 1458 et
612 1395 761 1458 nominat
779 1393 814 1458 in
832 1401 1060 1476 procuratores
1077 1411 1165 1470 suos,
1186 1393 1396 1474 conjunctim
1413 1411 1463 1456 seu

318 1499 467 1583 dim'sim;
487 1509 525 1564 ut
550 1502 680 1566 nomine
707 1502 875 1584 ipsiusmet
896 1500 1090 1586 appellantis
1114 1499 1283 1566 collationi
1302 1499 1463 1580 facimdae

312 1607 526 1689 personaliter
549 1609 767 1674 interveniant
783 1627 795 1672 .·
814 1617 977 1672 reservato
996 1608 1062 1672 sili
1077 1611 1170 1692 jure,
1191 1605 1331 1690 quaudo
1354 1625 1463 1692 oppor-

317 1721 432 1779 tunum
454 1717 526 1792 erit,
555 1717 585 1780 sl
606 1723 680 1780 acta
709 1717 919 1780 inveniamur
945 1716 1075 1795 uitiata,
1104 1714 1226 1798 apendi
1254 1723 1380 1778 eontra
1406 1733 1462 1790 eos,

316 1837 455 1903 quorum
478 1823 607 1888 molitio
625 1841 681 1888 seu
701 1822 775 1888 dolo
793 1824 919 1902 fuerint
931 1821 1131 1887 adulterata.
1146 1821 1201 1888 Ad
1212 1839 1318 1905 quom
1341 1823 1463 1886 instan-

316 1927 395 1992 tiam
416 1930 611 1995 reserandas
626 1932 658 1995 N
660 1977 681 2008 .‚
704 1930 850 1995 Vs'carius
870 1929 1042 2014 perseralis,
1056 1929 1233 2014 respondit,
1248 1945 1284 1992 se
1304 1939 1414 2012 prout
1430 1929 1463 1992 de

313 2039 395 2118 jare
408 2039 646 2120 prestiturum.
662 2044 744 2103 Aeta
764 2045 842 2103 snat
864 2036 931 2102 lsaec
951 2038 1003 2102 die
1085 2039 1203 2102 mensis
1281 2055 1418 2101 anno...
1431 2073 1462 2083 —

315 2144 389 2226 Epo
403 2145 458 2223 Ν.,
471 2145 648 2228 appellans,
668 2145 751 2209 insto
765 2154 928 2229 utsupra.
944 2180 984 2192 -
997 2144 1071 2227 Epo
1084 2144 1140 2222 Ν.,
1162 2143 1310 2209 Vicarius
1324 2164 1462 2228 persera-

315 2251 365 2316 lls.
381 2254 504 2335 -Epo
518 2254 574 2332 Ν.,
589 2254 769 2317 actuarius.

358 2383 372 2416 o
390 2357 603 2426 Considerata
618 2359 809 2442 supradicta
828 2360 994 2438 instantia,
1016 2377 1117 2442 quam
1134 2359 1217 2440 facit
1234 2357 1399 2425 domitores
1413 2363 1461 2437 nl,

315 2463 493 2548 appellens,
523 2483 596 2529 eam
619 2465 814 2530 reverendas
840 2466 895 2545 Ν.,
933 2465 1078 2532 Vitorius
1102 2463 1275 2547 peneralis,
1306 2467 1462 2549 judicans

316 2572 507 2655 [epitimam
520 2573 672 2655 petitioni
692 2572 904 2638 annuendum
916 2572 1067 2637 decreuit.
1086 2571 1177 2637 Unde
1189 2571 1238 2636 ad
1251 2573 1363 2655 ipsius
1376 2595 1461 2639 mm-

317 2679 430 2743 datum
444 2681 571 2764 sarepta
585 2688 616 2744 et
630 2680 759 2745 directa
770 2682 908 2762 [nerum
926 2681 973 2745 od
991 2679 1204 2745 reverendum
1219 2681 1277 2760 Ν.,
1299 2681 1463 2747 Vicarison

315 2786 499 2869 penerolcm
513 2787 656 2852 diaecesis
670 2788 725 2867 Ν.,
741 2786 856 2852 littere
870 2791 990 2852 tenoris
1003 2789 1164 2872 sequentis
1179 2809 1190 2850 .·

358 2917 373 2955 o
388 2893 571 2961 Reuerende
584 2903 616 2959 et
628 2894 851 2959 colendissimo
871 2894 1016 2960 domine.
1031 2929 1070 2943 -
1083 2896 1293 2962 demittimus
1317 2899 1372 2962 ad
1382 2917 1463 2963 rese·

313 3005 454 3067 rentiam
468 3009 608 3067 nestram
631 3011 716 3082 octa,
732 3020 805 3086 pua
823 3001 871 3066 acl
882 3003 949 3071 Nos
964 3005 1060 3084 suere
1080 3005 1273 3068 transmissa
1283 3022 1352 3087 per
1366 3007 1464 3072 domi·

315 3129 395 3174 num
417 3109 472 3188 Ν.,
493 3110 553 3193 qui
573 3109 750 3194 appellavit
769 3128 791 3173 o
816 3112 975 3175 sententio
1006 3111 1251 3176 interlocutoria
1276 3111 1366 3193 (sive
1393 3115 1464 3180 doll-

316 3215 440 3298 nitivn),
451 3233 512 3298 per
539 3217 743 3296 Voslota,in
762 3235 862 3280 eausa
880 3235 1084 3300 attacorum
1104 3217 1199 3282 Vobis
1217 3221 1385 3285 actitatur
1398 3241 1464 3287 con·

316 3331 368 3386 tra
384 3331 601 3387 memoratum
615 3324 785 3388 dominum
798 3325 839 3386 N.
858 3325 945 3392 Nam
958 3325 1031 3389 licet
1042 3344 1103 3408 per
1117 3326 1308 3390 carnariam
1323 3339 1464 3394 vestram

315 3432 441 3512 suerint
456 3431 645 3514 subsipnata
672 3439 703 3495 et
725 3431 959 3510 authenticam,
980 3431 1126 3515 apposito
1147 3431 1254 3516 sipillo
1278 3433 1385 3516 officii
1404 3455 1464 3502 oes-

318 3539 371 3616 tri,
396 3545 504 3602 tomen
526 3545 639 3602 cantra
664 3538 720 3602 illa
737 3549 905 3620 exceptum
927 3557 1040 3604 coram
1063 3539 1163 3606 Nolis
1191 3549 1239 3605 est
1262 3561 1287 3606 a
1307 3546 1464 3625 predico

318 3647 521 3730 appellante;
534 3647 593 3729 qai
610 3646 724 3709 asserit
745 3664 779 3708 se
797 3653 944 3728 suspecta
965 3645 1083 3710 nabere
1104 3646 1185 3711 talia
1204 3656 1291 3728 octa,
1307 3658 1465 3736 tanquam

317 3771 383 3816 non
393 3753 531 3832 fideliter
542 3751 749 3816 collationato
773 3760 806 3816 et
817 3771 884 3816 non
904 3754 1105 3836 intepraliter
1125 3763 1369 3840 trartssumpta.
1387 3761 1465 3841 Quo·

314 3867 451 3945 propter
471 3857 563 3926 Vobis
585 3859 802 3942 injnnpr'mns,
820 3869 859 3924 ut
871 3868 945 3925 acta
957 3859 1117 3944 praedicta
1130 3860 1177 3926 ad
1188 3862 1255 3926 Nos
1274 3870 1465 3931 transmissa

318 3967 456 4047 fideliter
485 3967 692 4032 collationore
712 3970 855 4049 sociatis,
881 3969 990 4033 citatis
1006 3971 1101 4052 prius
1122 3968 1253 4035 domino
1279 3971 1325 4040 Ν.
1356 3983 1390 4037 et
1416 3975 1464 4037 do·

323 4075 411 4138 mino
436 4075 491 4152 Ν.,
515 4093 537 4138 o
557 4073 712 4158 praedicto
741 4075 872 4140 domino
898 4075 941 4146 Ν.
967 4075 1151 4160 appellante
1179 4078 1214 4142 in
1236 4089 1465 4160 procuratores

320 4199 395 4245 snos
415 4183 529 4262 electis,
550 4183 597 4248 acl
621 4183 680 4248 lsoc
698 4191 735 4248 ut
755 4184 863 4263 ambo,
886 4186 952 4250 sine
973 4185 1108 4268 quilibet
1125 4203 1165 4252 ea
1189 4185 1282 4269 ipsis,
1304 4188 1466 4254 collationi

321 4287 478 4372 socienda
489 4291 692 4372 noemenias,
708 4298 740 4358 et
752 4291 802 4357 illi
820 4291 1012 4362 subscribat.
1030 4293 1230 4376 confidimus
1243 4303 1364 4364 nutem
1381 4315 1463 4362 ress·
