3050 4984
296 459 357 524 sat
661 479 836 526 moranus
860 481 898 526 nr
919 480 1053 528 rourors.

296 625 314 664 s
337 606 388 666 tra
401 600 613 687 territorium,
639 608 717 669 tnnc
740 600 936 670 Ordinerius
959 599 1116 669 domicilii
1141 606 1248 692 posset
1272 599 1370 669 illum
1392 599 1432 668 ibi

295 732 314 770 a
336 705 427 774 citari
443 705 558 794 lacere,
574 730 649 776 oum
667 716 757 777 actus
777 707 938 776 citationis
960 707 1100 776 verbalis
1115 707 1221 776 valide
1245 707 1349 798 possit
1363 706 1431 774 fieri
1492 750 1493 804 l

211 903 215 908 ἱ
296 840 314 878 a
335 823 447 883 contra
458 815 625 884 subditum
640 823 734 884 extra
746 815 958 901 territorium,
973 815 1071 883 etiam
1085 815 1126 883 ad
1140 814 1290 884 effectum
1302 837 1431 883 excom·

295 947 312 986 a
335 921 562 990 mnnicundi...
581 923 698 991 Tutius
709 930 757 990 est
772 931 878 991 mmen
894 921 1040 1014 judicem
1048 921 1203 990 territorii
1220 921 1428 1012 reqrrirere...

296 1028 522 1098 «Notandum
548 1030 653 1118 tertio,
682 1031 769 1122 quod
795 1031 822 1098 si
842 1029 945 1121 judex
969 1030 1150 1099 committat
1172 1029 1264 1097 citari
1280 1050 1378 1097 reum
1393 1029 1431 1096 ad

295 1161 313 1201 n
336 1137 530 1206 instantiam
541 1139 741 1229 promotorr‘s
750 1137 834 1230 fisci,
851 1137 903 1206 vel
929 1137 1020 1206 domi
1042 1137 1145 1206 solitar
1159 1136 1387 1217 habitationis,
1404 1145 1431 1204 et
1493 1183 1494 1221 ,

295 1268 313 1307 a
336 1244 472 1312 nuntius
487 1243 605 1312 referat
619 1245 731 1312 citasse
749 1243 791 1312 ad
817 1244 1011 1313 distantiam
1026 1242 1233 1324 adieceritis,
1251 1241 1306 1312 rel
1320 1244 1432 1311 citasse

297 1375 313 1413 a
335 1348 427 1418 domi
437 1349 638 1443 simpliciter,
656 1351 871 1420 committeret
885 1350 1078 1438 nullitatem,
1095 1372 1137 1418 ex
1157 1373 1222 1442 quo
1237 1350 1353 1418 relatio
1370 1373 1431 1418 non

294 1481 313 1521 a
335 1465 514 1526 essetcerta
529 1480 635 1550 neque
661 1480 749 1545 vera,
768 1459 845 1550 quia
870 1457 1005 1528 referret
1027 1479 1125 1549 super
1148 1479 1199 1544 eo,
1217 1457 1258 1524 de
1273 1479 1342 1548 quo
1370 1480 1431 1525 non

295 1591 312 1630 (ι
335 1564 448 1635 habuit
459 1567 717 1635 commissionem
734 1592 791 1652 ...;
808 1564 895 1658 quod
911 1566 1065 1635 erithone
1076 1565 1315 1634 advertendum
1329 1565 1432 1634 abac·
1494 1627 1495 1642 ,

295 1698 313 1737 a
335 1673 460 1760 tuariis,
478 1672 557 1742 dum
572 1674 733 1765 recipiunt
747 1673 939 1743 nuntiorum
960 1672 1141 1742 relationes.
1166 1699 1183 1737 r
1202 1671 1282 1740 Haec
1296 1672 1431 1765 inquam

291 1778 332 1846 de
347 1778 527 1848 intimanda
553 1802 608 1848 reo
632 1779 782 1849 citatione
807 1779 904 1868 dicta,
920 1780 1076 1850 videntur
1091 1789 1123 1850 et
1138 1779 1282 1850 citationi
1296 1781 1431 1850 testibus

290 1885 479 1955 intimandae
495 1909 564 1956 esse
578 1887 780 1979 applicanda.
796 1887 891 1959 Unde
906 1888 1109 1958 observanda
1123 1889 1158 1955 in
1179 1887 1344 1979 ejusmodi
1358 1887 1432 1956 inti·

292 1992 432 2062 matione
442 1993 651 2062 determinari
663 2002 799 2086 possunt
814 2003 850 2064 ut
862 1996 1008 2087 sequitur
1024 2025 1031 2064 :

335 2155 361 2222 l.
382 2155 590 2224 Observanda
606 2157 641 2224 in
654 2155 752 2224 modo
766 2155 947 2226 intimandi
960 2157 1164 2238 citationem,
1180 2154 1317 2247 pacando
1325 2155 1432 2248 jactes

291 2261 464 2330 mandavit
487 2285 561 2331 eam
583 2263 796 2354 personaliter
807 2264 892 2354 fieri.
915 2301 960 2316 ·-
977 2266 1008 2330 l’
1023 2264 1115 2331 Tune
1130 2263 1267 2332 nuntius
1283 2262 1432 2354 publicus

290 2368 385 2437 debet
399 2391 546 2459 personas
564 2372 627 2463 ipsi
641 2371 730 2438 testis
746 2369 891 2439 libellum
905 2371 1069 2439 citationis
1087 2370 1149 2438 sibi
1173 2370 1331 2439 traditum
1346 2393 1432 2462 pre·

291 2484 429 2561 scatere,
446 2486 477 2544 et
491 2477 525 2544 in
542 2500 660 2548 manus
674 2477 745 2568 ejus
759 2478 965 2566 consignare,
982 2500 1042 2545 nec
1057 2475 1175 2544 suffieit
1196 2478 1229 2544 in
1257 2476 1358 2545 domo
1378 2501 1431 2545 so-
1496 2478 1497 2520 l

290 2711 402 2779 quere,
417 2691 496 2781 quia
521 2690 573 2778 (ex
588 2689 772 2780 hypothesi)
797 2690 857 2759 boe
872 2712 937 2759 nnn
953 2689 1049 2758 habet
1063 2689 1198 2759 nuntius
1210 2691 1245 2757 in
1263 2689 1428 2758 mandato.

291 2801 325 2862 2ο
351 2797 487 2888 Copiam
513 2797 676 2866 citationis
702 2797 900 2886 consignatae
928 2796 1091 2882 retinebit,
1119 2805 1155 2864 ut
1181 2796 1261 2865 dum
1287 2799 1430 2866 actuario

290 2903 388 2972 refert
402 2903 443 2972 de
459 2903 618 2972 citationis
635 2905 837 2990 executione,
862 2905 888 2970 is
915 2925 1091 2992 agnoscere
1112 2903 1229 2991 valeat,
1254 2926 1298 2972 an
1320 2927 1431 2974 revere

287 3023 389 3102 prom
407 3011 444 3078 in
465 3010 623 3080 mandata
641 3010 768 3103 jacebat
789 3011 833 3078 sit
859 3019 1026 3080 executus.
1053 3015 1086 3077 3ο
1105 3011 1203 3079 Facta
1227 3009 1431 3080 intimatione

289 3116 464 3208 personali,
480 3117 608 3186 debebit
630 3118 775 3186 actuario
791 3116 825 3184 id
842 3117 964 3202 testari,
989 3127 1024 3184 et
1049 3118 1077 3184 is
1093 3115 1177 3185 hanc
1195 3120 1430 3186 attestationem

290 3223 353 3291 sibi
366 3225 483 3291 facum
496 3224 575 3291 actis
595 3223 736 3292 inserere
754 3250 762 3292 ι
781 3245 840 3315 pro
854 3245 920 3314 quo
934 3221 1082 3293 adhiberi
1098 3225 1214 3316 poterit
1230 3226 1303 3294 haec
1317 3235 1377 3294 aut
1391 3228 1431 3294 si·

290 3329 378 3399 milis
392 3330 535 3399 formula
552 3359 559 3398 :

330 3517 346 3548 n
370 3490 455 3557 Cum
478 3494 619 3557 loannes
636 3493 677 3555 N.
702 3491 891 3576 episcopalis
920 3495 1019 3557 carin
1036 3493 1186 3575 publices
1209 3495 1346 3558 nicenus
1368 3495 1430 3575 (vel

289 3604 424 3681 cursor),
439 3600 635 3664 mandatum
648 3601 822 3682 accepisset
834 3618 855 3663 a
869 3599 1044 3664 reverendo
1058 3600 1090 3662 N
1092 3647 1112 3678 .,
1131 3599 1260 3665 Viearr'o
1275 3603 1429 3684 pancrati,

288 3709 515 3772 uitulaminum
532 3708 574 3770 N.
595 3707 642 3770 ad
663 3707 920 3791 comparendum
943 3707 977 3770 tn
998 3707 1086 3770 dieta
1108 3708 1202 3770 curia
1217 3709 1430 3790 personaliter

288 3816 413 3893 citaret,
428 3833 575 3879 revereris
593 3814 640 3879 ad
655 3833 708 3878 me
729 3815 915 3878 actuarinm
933 3814 1095 3897 praefatio
1115 3815 1252 3877 nunnus
1271 3817 1428 3898 publicus,

284 3924 430 4005 praestito
446 3923 543 4005 prins
562 3925 754 4004 juramento
777 3920 873 4004 (quod
894 3925 1002 3984 tamen
1014 3922 1239 4001 juramentum
1256 3923 1363 3986 omitti
1377 3941 1427 4005 po

289 4037 349 4096 test
363 4031 389 4093 si
404 4032 437 4093 in
448 4029 530 4112 stylo
544 4029 642 4092 ouriae
656 4047 721 4092 non
735 4028 788 4111 sit)
803 4027 924 4106 retulit,
940 4047 973 4091 se
988 4027 1040 4090 die
1110 4028 1144 4090 in
1154 4028 1198 4108 (et
1211 4029 1255 4091 ibi
1271 4031 1427 4112 exprima-

288 4144 342 4201 tur
362 4138 461 4218 toeus)
478 4144 688 4218 praesentasse
705 4134 861 4218 predicto
880 4134 1011 4199 domino
1032 4134 1072 4197 N.
1091 4135 1255 4199 citationis
1277 4135 1426 4210 libellaria,

286 4244 348 4308 nbi
362 4246 395 4307 in
409 4245 503 4308 carta
523 4245 767 4326 castancam
783 4243 896 4326 atejus
916 4244 1045 4324 capiam
1064 4242 1099 4306 r'n
1114 4243 1194 4306 actis
1201 4245 1425 4327 praeornavit,-
