3050 4984
305 497 368 559 290
571 532 574 539 ·
682 512 858 558 nutamus
881 512 919 557 na
940 512 1074 557 nunnus.

303 633 461 721 doctores,
478 633 551 703 vide
565 634 599 701 in
611 654 725 703 eorum
736 631 989 719 commentariis,
1006 632 1041 700 in
1053 632 1102 699 tit.
1120 635 1176 719 28,
1193 631 1269 701 libri
1285 636 1305 700 t
1322 632 1434 700 Decre-

307 739 433 811 talium.

820 982 937 1072 exn.

439 1164 549 1215 Decreta
563 1163 705 1215 Clementis
724 1162 781 1213 vul
798 1162 869 1213 eirea
883 1160 1072 1229 appellationes
1087 1164 1114 1213 et
1128 1160 1305 1214 inhibitiones.

348 1386 461 1455 Plures
475 1408 580 1473 mous,
604 1384 661 1477 qui
677 1384 900 1453 difficultatem
917 1385 1023 1453 Iacere
1037 1393 1198 1475 poterant,
1214 1383 1335 1452 decidit
1347 1384 1437 1453 Sacra

304 1494 521 1582 congregatio
535 1492 772 1584 Episcoporum
786 1500 817 1559 et
832 1490 1033 1581 regularium
1045 1513 1132 1560 anno
1145 1493 1247 1571 160ος
1265 1514 1347 1582 quas
1360 1491 1436 1558 deoi-

305 1600 412 1669 siones
434 1622 492 1669 seu
506 1598 647 1685 decreta,
663 1622 682 1667 a
697 1598 862 1669 Clemente
885 1598 963 1666 VIII
984 1599 1188 1685 confirmata,
1210 1598 1358 1690 apprime
1372 1605 1437 1665 nota

305 1706 423 1775 habere
436 1706 553 1774 debent
564 1705 690 1798 judiees
700 1705 917 1791 ecclesiastici,
928 1714 965 1773 ut
975 1704 1082 1796 quoad
1096 1704 1180 1773 bane
1194 1704 1435 1796 appellationum

304 1826 336 1881 et
350 1813 583 1883 iuhihitiouum
601 1815 772 1885 materiam
786 1821 873 1881 reete
888 1812 1061 1904 procedere
1078 1813 1217 1899 valeant,
1233 1821 1267 1879 et
1279 1812 1437 1883 conflictus

305 1922 390 1989 inter
405 1921 520 2012 primae
536 1930 567 1989 et
583 1920 733 1993 secundm
747 1920 913 1989 instantiae
929 1919 1107 1988 tribunalia
1117 1917 1274 1989 devitent.
1295 1920 1371 1989 Ideo
1386 1921 1436 1988 de-

305 2036 391 2095 creta
405 2027 461 2096 illa
485 2028 536 2097 hie
557 2027 758 2118 subjiciendo
772 2026 944 2109 duximus;
961 2036 1088 2095 textum
1109 2027 1316 2095 desumentes
1334 2051 1374 2096 ex
1388 2051 1436 2118 ap

305 2132 439 2223 pendioe
448 2133 574 2203 aoncilii
583 2134 734 2220 Romani,
745 2156 833 2202 anuo
846 2135 929 2200 1725
941 2132 1003 2201 sub
1011 2131 1272 2201 BenediotoXIII
1282 2133 1434 2217 celebrati,

306 2239 363 2306 ubi
377 2239 476 2307 relata
488 2242 706 2331 reperiuntur.

353 2374 369 2411 ι
384 2347 435 2415 Ad
451 2347 606 2416 tollendas
621 2348 849 2436 ambiguitates
863 2356 895 2415 et
912 2350 1148 2417 controversias
1158 2348 1435 2449 jurisdictionales
1494 2413 1497 2424 .

309 2482 326 2520 ιι
349 2478 424 2545 quae
436 2456 522 2524 inter
536 2454 791 2546 appellationum
804 2464 835 2523 et
846 2455 964 2546 prioris
977 2455 1141 2523 instantior
1150 2453 1288 2546 judiees,
1306 2480 1370 2527 non
1377 2458 1437 2524 sine

311 2588 328 2625 ιι
351 2562 494 2652 partium
511 2560 693 2651 dispendio,
711 2584 893 2653 cursusque
906 2562 1043 2653 justitiae
1059 2561 1304 2653 impedimento,
1315 2573 1347 2631 et
1361 2582 1437 2652 sepe

311 2666 502 2735 «seandalo
527 2668 692 2753 oriuntur,
720 2667 819 2736 Saera
844 2669 1062 2759 Congregatio
1088 2670 1193 2739 causis
1214 2670 1435 2761 Episooporum

311 2801 327 2838 ιι
351 2774 534 2866 preposita,
558 2774 640 2843 facta
663 2776 755 2866 prius
775 2776 929 2844 relatione
947 2775 1157 2845 sanctissima
1177 2777 1318 2846 Domino
1331 2777 1436 2846 Nostro

311 2908 328 2948 ιι
351 2881 508 2951 Clementi
529 2882 627 2973 Papae
650 2882 739 2969 VIII,
763 2906 801 2951 ae
821 2883 861 2951 de
883 2882 1067 2953 sanctitatis
1082 2884 1159 2953 Suae
1181 2885 1344 2972 mandato,
1362 2883 1435 2951 vita

311 3016 327 3055 ι
352 2990 439 3057 voeis
453 2990 584 3057 oraculo
604 2990 741 3081 desuper
757 2990 881 3079 habito,
898 2991 933 3059 iu
947 2990 1035 3059 huno
1055 2991 1114 3083 qui
1133 2992 1281 3082 sequitur
1301 2991 1434 3071 modum,

312 3124 327 3161 ιι
351 3096 391 3164 ab
405 3095 557 3164 omnibus
575 3096 615 3163 a'd
635 3119 717 3187 quos
733 3106 855 3188 spectat
877 3098 910 3165 in
927 3107 1093 3189 posterum
1107 3096 1180 3167 lieri
1194 3121 1232 3167 ao
1250 3098 1370 3169 servari
1387 3096 1437 3163 de·

312 3231 328 3269 ιι
351 3204 426 3273 bere
444 3203 610 3273 mandavit
629 3213 661 3270 et
676 3204 809 3273 mandat
828 3231 836 3271 ε

355 3336 371 3375 ι
391 3314 422 3377 1⁰
437 3310 688 3401 Metropolitani,
714 3311 971 3403 Archiepisoopi,
996 3313 1154 3381 Primates
1175 3323 1232 3381 aut
1254 3310 1436 3383 Patriamhae

311 3446 327 3483 ιι
351 3418 574 3507 suffraganeos
588 3418 898 3487 eorumvesubditos
911 3442 978 3487 nou
987 3420 1146 3511 judicent,
1162 3422 1225 3489 uisi
1241 3423 1275 3490 in
1291 3421 1436 3491 resibusa

313 3553 328 3589 ιι
351 3526 425 3615 jure
439 3525 611 3615 expressis.

358 3659 374 3697 ιι
392 3636 424 3697 2⁰
442 3631 521 3699 Item
541 3652 599 3699 uec
621 3630 675 3699 alii
698 3632 894 3722 superiores,
919 3634 1017 3701 etiam
1039 3633 1154 3702 Nuntii
1176 3636 1228 3704 vel
1250 3634 1388 3725 Delegati
1402 3630 1435 3697 de

315 3767 330 3802 ι
354 3738 465 3823 latere,
483 3736 663 3827 specificam
679 3737 864 3806 facultatem
888 3740 1044 3830 majorem
1065 3762 1130 3809 non
1153 3741 1320 3828 habentes,
1337 3757 1436 3809 musas

313 3874 329 3911 ιι
354 3846 387 3912 in
403 3845 501 3913 euriis
517 3843 764 3913 ordinariorum
780 3845 832 3913 vel
846 3844 986 3915 aliorum
1000 3847 1193 3916 inferiorum
1204 3849 1351 3939 judicum
1364 3867 1435 3937 pen-

314 3980 331 4019 «
354 3953 464 4021 dentes
488 3951 529 4019 ad
551 3973 584 4019 se
605 3961 752 4038 avocent,
778 3951 841 4019 uisi
863 3954 1027 4043 perviam
1049 3955 1206 4044 legitimae
1226 3952 1435 4047 appellationis

315 4087 332 4125 ιι
354 4059 395 4128 ad
422 4059 568 4149 ipsorum
589 4058 763 4126 tribunalia
789 4059 991 4145 defensatum
1020 4070 1161 4153 luneque
1187 4064 1380 4155 appellentes
1402 4056 1435 4125 ab

312 4194 329 4231 ιι
352 4167 543 4235 interiorum
557 4164 850 4257 jurisdictionibus,
873 4166 980 4257 quoad
995 4168 1077 4236 alias
1092 4192 1206 4239 canses
1223 4174 1365 4239 eximere
1380 4184 1435 4233 non

313 4301 330 4337 ιι
353 4273 485 4365 possint.
