3050 4984
250 411 289 478 lt
624 431 800 478 macrinus
823 431 861 477 ou
884 430 1017 478 runicus.

250 581 267 620 a
292 577 381 622 mum
399 576 530 623 monere
554 561 589 622 ut
605 553 737 622 desistat
751 577 771 620 a
785 554 922 622 crimine
940 580 946 620 :
963 562 1000 622 ut
1016 554 1043 621 si
1061 550 1213 622 delictum
1228 553 1272 621 sit
1287 549 1397 621 occul-

250 669 374 749 atum,
399 671 431 730 et
460 670 608 752 speretur
633 660 771 752 privatis
796 661 927 729 monitis
954 683 1024 729 esse
1053 661 1274 728 emendandus
1298 667 1330 728 et
1353 659 1396 729 ad

251 795 268 834 a
291 769 432 836 debitam
454 768 706 837 satisfactionem
729 767 944 855 inducenduS,
961 767 1117 855 maxime,
1135 768 1161 835 si
1185 790 1322 858 persona
1335 767 1396 836 ba-

251 900 270 941 (ι
291 875 405 943 beatur
428 874 576 960 bonesta;
597 882 673 941 tuno
695 873 783 940 enim
809 883 922 941 contra
948 873 1137 942 charitatem
1162 883 1245 943 esset
1267 883 1395 942 tantum

252 1008 270 1047 a
293 981 414 1050 malum
435 980 485 1049 illi
506 981 704 1070 irrogare.»
727 979 882 1071 (Lessius,
900 979 939 1048 de
957 981 1093 1049 lustitia
1121 993 1152 1049 et
1173 984 1264 1063 Iure,
1280 982 1339 1049 lib.
1361 986 1394 1068 2,

248 1113 318 1182 cap.
349 1093 405 1175 30,
422 1113 456 1156 u.
485 1090 552 1178 10.)
576 1088 629 1157 Ad
656 1087 883 1179 objectionem,
907 1087 995 1179 quod
1021 1088 1241 1179 evangelicam
1267 1088 1396 1158 denun-
1509 1116 1510 1119 ¹

250 1197 414 1264 tiationem
440 1195 625 1287 prasoedere
652 1194 768 1262 debeat
791 1194 984 1263 charitativa
1012 1195 1159 1281 monitio,
1186 1203 1283 1286 atque
1306 1194 1397 1264 idem

249 1302 353 1371 videri
384 1301 559 1370 dicendum
590 1300 697 1393 quoad
724 1301 978 1389 accusationem
1013 1303 1240 1393 respondetur,
1266 1302 1398 1370 denun-

250 1411 415 1479 tiationem
445 1407 666 1498 evangelicam
696 1431 764 1475 esse
800 1408 980 1476 institutam
1017 1409 1189 1477 dumtaxat
1216 1409 1256 1476 ad
1286 1409 1398 1478 fratris

251 1516 525 1602 emendationem3
543 1515 778 1582 accusationem
795 1537 873 1583 vero
889 1515 928 1582 ad
946 1517 1107 1606 publicam
1130 1515 1304 1584 criminum
1321 1517 1399 1584 vin-

252 1623 381 1692 dictam.

803 1840 847 1907 V.

559 2033 670 2098 Effectus
686 2036 857 2084 accusationis
872 2034 958 2100 quood
968 2035 1092 2099 judam.

298 2268 328 2332 1.
346 2265 454 2332 Potest
476 2263 579 2355 judex
598 2285 638 2330 ex
658 2261 768 2332 officio
793 2262 947 2353 repellere
972 2269 1189 2330 accusatorem
1218 2261 1399 2330 inhabilem

252 2396 310 2442 seu
325 2393 391 2438 uon
406 2369 574 2454 idoneum,
591 2369 717 2437 etiamsi
739 2391 815 2460 pars
834 2369 971 2436 adversa
995 2377 1109 2437 eontra
1123 2369 1217 2437 illum
1233 2369 1399 2461 exceptio-

253 2501 328 2548 nem
343 2499 410 2544 non
432 2485 585 2568 opponat.
603 2475 688 2543 Hinc
711 2485 786 2543 ante
813 2476 923 2544 omnia
947 2499 1094 2567 quaerere
1120 2475 1215 2544 debet
1230 2476 1334 2568 judex
1353 2499 1398 2544 an

252 2591 418 2654 accusator
440 2583 482 2651 sit
507 2583 546 2650 de
572 2583 611 2650 iis
633 2583 690 2673 qui
714 2605 733 2650 a
756 2583 832 2673 jure
856 2605 1007 2652 accusare
1035 2583 1279 2674 permittuntur.
1300 2583 1399 2674 (Vide

252 2689 554 2780 Schmalzgrueber‚
569 2689 604 2756 iu
618 2690 667 2757 tit.
687 2693 717 2776 1,
734 2689 811 2757 libri
838 2693 855 2755 5
877 2690 1018 2776 Deerat,
1034 2713 1068 2757 n.
1093 2690 1161 2781 99.)
1180 2691 1249 2759 Imo
1269 2699 1400 2759 tenetur

249 2799 352 2890 judex
368 2805 586 2867 accusatorem
602 2797 757 2888 repellere
770 2798 798 2864 si
810 2798 851 2864 sit
865 2797 1056 2886 illegitimus
1064 2823 1073 2885 ;
1087 2820 1145 2865 nec
1160 2798 1217 2865 tali
1229 2820 1305 2865 oasu
1321 2820 1399 2866 reus

252 2907 367 2974 citatus
393 2913 520 2972 tenetur
547 2925 733 2996 comparere
762 2904 847 2993 (vide
871 2904 1044 2995 probatum
1071 2905 1157 2995 apud
1181 2905 1336 2990 Masabat‚
1361 2905 1399 2973 iu

256 3014 304 3080 tit.
326 3017 357 3097 1,
374 3011 451 3078 libri
471 3016 488 3076 5
504 3011 646 3098 Deerat,
662 3033 696 3077 u.
715 3009 761 3101 9).

298 3123 330 3188 2.
352 3117 419 3186 «Si
438 3117 597 3185 accusatio
614 3125 662 3184 est
680 3116 837 3204 legitima,
853 3124 980 3184 tenatur
994 3138 1066 3183 eam
1084 3115 1188 3207 judex
1213 3117 1396 3204 admittere,

257 3253 273 3292 a
288 3227 349 3294 etsi
365 3232 533 3293 accusatus
549 3225 683 3292 infamia
696 3223 804 3291 delicti
820 3246 885 3291 non
899 3224 1049 3292 laboret»
1065 3223 1230 3314 pblascbab
1244 3227 1278 3291 in
1293 3225 1343 3292 tit.
1363 3228 1397 3309 1,

252 3334 329 3401 libri
348 3338 364 3399 5
383 3331 525 3418 Deerat,
543 3353 577 3397 n.
597 3331 644 3421 8);
659 3340 690 3399 et
716 3332 761 3398 ita
787 3339 894 3398 tenent
916 3331 1132 3398 communiter
1156 3331 1303 3400 doctores
1321 3353 1398 3400 cum

254 3449 364 3509 sancto
378 3438 504 3506 Thoma
523 3440 567 3528 (2,
584 3441 617 3524 2,
633 3461 666 3528 q.
687 3441 741 3526 68,
759 3461 789 3505 a.
810 3441 841 3522 1,
858 3438 899 3505 ad
916 3439 960 3528 3).

300 3551 331 3615 3.
352 3545 460 3615 Posita
485 3546 687 3613 accusatione
707 3544 865 3634 legitima,
889 3553 995 3635 potest
1017 3545 1119 3635 judex
1146 3555 1331 3613 accusatum
1350 3546 1400 3614 ci-

254 3667 321 3724 tare
344 3662 381 3722 ut
403 3652 615 3744 personaliter
630 3661 825 3742 compareat.
844 3653 976 3719 Constat
1001 3673 1041 3719 ex
1066 3651 1171 3743 capite
1186 3653 1277 3720 Jun's
1293 3654 1339 3743 (1,
1358 3652 1401 3720 de

254 3765 381 3843 Acerra,
399 3761 434 3827 in
452 3763 495 3848 6).
513 3760 615 3850 quue
636 3781 701 3827 uon
723 3758 896 3827 verbaliter
916 3767 1055 3847 tantum,
1072 3761 1128 3828 sed
1149 3760 1244 3827 etiam
1266 3759 1401 3828 realiter

255 3885 287 3942 et
310 3892 368 3964 per
391 3867 605 3959 apparitores,
624 3865 721 3934 modo
745 3865 899 3934 delictum
921 3867 964 3932 sit
986 3875 1093 3953 atrox,
1115 3875 1147 3934 et
1171 3889 1301 3958 paenam
1325 3889 1401 3937 ror—

255 3978 399 4072 poralem
416 3984 488 4066 post
503 3997 536 4042 se
556 3974 676 4060 trabat,
692 3981 724 4040 et
745 3971 848 4063 judici
869 3980 963 4041 antea
985 3982 1109 4042 constet
1132 3997 1190 4064 per
1204 3973 1399 4043 sufficientia

256 4085 376 4153 iudicia
402 4105 439 4151 ac
466 4081 666 4172 conjecturas
695 4089 881 4149 accusatum
905 4103 975 4148 esse
1007 4080 1105 4170 hujus
1132 4081 1237 4148 delicti
1265 4105 1359 4150 reum
1390 4107 1398 4150 ι

256 4193 336 4262 alias
364 4191 435 4282 capi
465 4197 495 4258 et
523 4188 716 4256 incarcerari
743 4197 911 4256 accusatus
943 4188 1065 4278 nequit.
1100 4187 1202 4256 llodie
1227 4199 1335 4257 autem
1363 4190 1398 4259 in
