3050 4984
552 530 626 574 rans
651 529 795 576 securos.
1176 502 1238 571 stt

97 646 347 739 subjicerentur,
374 658 406 717 et
434 671 453 718 a
481 672 547 740 quo
578 672 729 719 normam
757 659 789 718 et
814 648 1022 718 directionem
1044 648 1234 737 acciperent.
1344 645 1349 655 '

97 754 195 835 Quod
215 756 408 823 summatim
427 756 526 825 refert
540 756 721 825 Cardinalis
735 758 775 825 de
788 757 877 825 Luae
895 756 1033 847 (Relatio
1048 756 1158 824 Curia
1174 758 1239 823 llo·

98 884 219 943 manae,
237 861 384 932 discursu
403 867 454 949 tl,
472 887 506 931 n.
525 868 543 931 l
562 874 593 932 et
608 864 688 955 seq.)
708 864 759 931 his
775 864 885 933 verbis
903 890 911 930 ε
934 863 1030 931 alsto
1048 862 1239 954 inquisitio-

100 994 117 1033 ιι
142 969 196 1036 nis
212 970 345 1038 nomine
359 970 479 1063 ubique
497 970 641 1055 dilatato,
662 972 696 1038 in
712 971 811 1039 Curia
828 969 998 1059 (Romana)
1017 969 1236 1059 inquisitionis

101 1076 286 1145 «tribunal
311 1100 368 1168 per
390 1078 569 1167 ipsummet
593 1078 802 1163 Pontificem,
828 1100 907 1145 eum
930 1077 1002 1146 aliis
1025 1076 1183 1144 ministris
1207 1084 1239 1143 et

100 1212 118 1248 ιι
141 1184 346 1276 adjutoribus
362 1188 456 1277 (quos
469 1186 564 1277 juxta
580 1186 837 1277 opportunitates
850 1205 1018 1253 assumere
1038 1184 1073 1251 in
1090 1191 1239 1275 tempora

99 1318 116 1355 ιι
141 1290 325 1383 videbatur)
353 1294 544 1383 regebatur;
567 1302 598 1360 et
621 1295 807 1386 praesertim
830 1314 905 1359 eum
929 1313 1028 1381 opera
1051 1302 1083 1358 et
1104 1290 1239 1359 consilio

98 1426 116 1463 ιι
140 1399 327 1489 aliquorum
350 1398 494 1490 ejusdem
518 1399 643 1468 ordinis
668 1400 781 1491 (sancti
803 1398 981 1486 Dominici)
1005 1398 1235 1482 alumnorum,

98 1530 115 1569 ιι
140 1528 283 1597 quorum
305 1530 422 1593 unum,
441 1507 503 1575 sub
517 1508 648 1576 nomine
662 1506 816 1598 Magistri
828 1505 927 1574 Sacri
940 1504 1067 1573 Palatii
1080 1512 1238 1597 tanquam

96 1641 114 1679 ιι
139 1614 361 1683 consiliarium
377 1624 408 1682 et
424 1636 618 1683 assessorem
634 1614 753 1683 hahere
768 1612 955 1695 consuevit3
970 1634 1007 1679 ac
1020 1612 1118 1679 etiam
1133 1611 1237 1680 alium

96 1746 114 1785 ιι
139 1720 202 1789 sub
216 1721 347 1789 nomine
357 1720 573 1789 commissarii
580 1720 678 1813 hujus
686 1718 921 1813 inquisitionis.
931 1717 1118 1808 Deindeque
1131 1740 1235 1785 unum

95 1856 114 1895 ιι
139 1852 181 1897 ex
195 1828 422 1899 cardinalibus
438 1852 496 1921 pro
515 1829 586 1921 ejus
607 1828 725 1920 majori
743 1826 904 1918 adjutorio
921 1825 1060 1917 desuper
1078 1826 1236 1916 prefecit,

94 1962 113 2001 ιι
138 1937 191 2003 cui
214 1946 384 2027 propterea
405 1938 555 2029 Praesccti
573 1935 794 2029 lnqubitionr's
816 1955 935 2002 nomen
961 1956 1017 2000 seu
1038 1933 1234 2001 vocabalum

93 2070 112 2107 ι
138 2044 352 2111 tribuebatur.
379 2044 595 2135 Singularum
619 2067 697 2113 vero
716 2045 892 2113 dioecesum
914 2042 966 2112 vel
990 2043 1233 2133 provinciarum

93 2176 113 2217 ιι
138 2150 355 2240 inquisitionis
371 2152 529 2219 ministris
550 2150 758 2221 inferioribus
776 2177 813 2221 ac
832 2152 1050 2223 subordinatis
1070 2150 1157 2217 idem
1181 2148 1236 2215 in-

92 2284 112 2322 ιι
137 2257 305 2348 quisitoris
323 2280 444 2326 nomen
463 2257 533 2326 dari
553 2258 669 2351 coepit;
688 2260 745 2351 qui
761 2261 960 2329 cumulative
979 2282 1055 2327 cum
1069 2255 1236 2347 Episcopis
1332 2322 1335 2327 .

93 2390 112 2427 ιι
140 2364 211 2455 (qui
226 2386 356 2457 semper
370 2364 504 2433 fuerunt
519 2390 555 2433 ac
569 2374 645 2433 sunt
660 2390 795 2434 suarum
809 2367 985 2437 dioecesum
1005 2364 1106 2433 nativi
1125 2363 1236 2452 inqui-

92 2499 110 2537 ιι
137 2472 264 2563 sitores)
277 2471 365 2540 idem
383 2496 504 2541 munus
519 2484 716 2542 exercerent.
734 2476 820 2544 Cum
835 2488 944 2543 autem
960 2475 1045 2542 circe
1064 2472 1158 2540 initia
1172 2470 1234 2538 de-

92 2605 110 2642 ιι
135 2578 215 2645 cimi
226 2578 332 2669 quinti
341 2578 465 2665 saculi,
479 2578 667 2647 Lutherana
681 2579 816 2649 haeresis
879 2579 1111 2671 aliquasltaliae
1127 2582 1234 2667 partes

90 2712 108 2751 ιι
134 2683 267 2752 inficere
292 2686 455 2778 coepisset,
483 2687 558 2756 hinc
585 2686 734 2756 Pontifex
757 2688 880 2756 Paulus
905 2687 963 2773 ΙΙΙ,
988 2687 1084 2753 istam
1106 2706 1232 2751 sacram

91 2816 109 2855 ιι
135 2790 329 2859 αηίυενεαὶίε
343 2793 562 2885 inquisitionis
577 2796 864 2884 congregationem
876 2793 992 2879 erexit,
1011 2814 1069 2883 pro
1085 2790 1162 2859 dicti
1174 2790 1234 2856 tri-

90 2924 109 2963 ιι
135 2896 265 2966 bnnalis
289 2900 391 2967 sancti
416 2898 513 2969 officii
536 2900 586 2968 vel
607 2900 827 2992 inquisitionis
850 2900 1028 2989 regimine,
1046 2921 1083 2967 ac
1105 2896 1233 2965 meliori

90 3034 108 3070 ιι
134 3005 304 3098 magisque
319 3008 543 3076 auctoritativa
564 3006 751 3075 directione.
777 3008 907 3100 Aliique
925 3028 1123 3075 successures
1145 3004 1233 3073 Pon-

91 3139 109 3177 ι
135 3112 237 3181 titieea
252 3136 325 3182 eam
341 3114 575 3207 approbarunt,
591 3138 627 3183 ac
643 3114 809 3183 facultates
824 3114 1001 3206 respective
1017 3119 1192 3181 auxerunt.
1212 3137 1228 3175 a

85 3220 138 3288 Ex
154 3242 221 3310 que
236 3219 387 3290 historica
402 3222 531 3290 notione
544 3232 641 3314 patet,
659 3228 760 3289 totam
777 3221 956 3310 delegatam
971 3220 1230 3311 inquisitionem,

85 3324 242 3395 bifariam
256 3326 359 3396 dividi
378 3355 385 3395 :
403 3329 437 3396 in
453 3329 628 3398 tribunalia
640 3351 757 3420 nempe
770 3326 978 3420 particularia
992 3349 1049 3395 seu
1063 3326 1230 3410 inferiora,

83 3442 118 3501 et
134 3434 170 3501 iu
184 3434 326 3503 tribunal
339 3458 533 3528 supremum
547 3460 605 3505 seu
615 3436 809 3522 universale,
821 3435 909 3527 quod
925 3443 974 3503 est
988 3435 1126 3526 ipsamet
1140 3455 1231 3501 sacra

85 3542 297 3630 congregatio
311 3543 503 3612 universalis
516 3543 734 3635 inquisitionis
746 3566 803 3611 seu
819 3543 921 3611 sancti
935 3541 1043 3611 officii.

133 3648 296 3716 Institutio
316 3658 426 3718 tamen
450 3650 505 3719 illa
524 3650 680 3741 delegatas
700 3649 919 3743 inquisitionis
938 3650 973 3717 in
995 3648 1230 3740 Hispaniarum

86 3776 192 3844 regno
222 3756 254 3822 in
287 3756 516 3848 particularem
545 3758 689 3827 formam
718 3756 831 3825 adacta
858 3767 917 3825 est.
954 3782 972 3821 ιι
1004 3754 1231 3824 Ferdinandus

89 3892 108 3929 ιι
134 3862 280 3955 quintus,
302 3864 386 3933 circa
403 3888 527 3934 annum
549 3864 681 3934 Domini
705 3868 788 3933 1484
809 3874 866 3932 aut
888 3867 971 3931 1486
992 3862 1178 3955 postulavit,
1194 3870 1231 3930 ut

91 3998 110 4037 ιι
134 3969 367 4061 inquisitorum
384 3995 521 4041 munere
535 3996 603 4041 sese
621 3972 827 4040 Dominicani
843 3970 960 4040 fratres
972 3970 1175 4056 abdicarent3
1193 3992 1231 4037 ac

91 4110 109 4147 ιι
134 4080 179 4147 ita
204 4079 343 4149 Romani
371 4079 536 4148 Pontificis
564 4080 752 4148 auctoritate
780 4079 997 4149 commissum
1026 4086 1073 4144 est
1105 4078 1230 4146 clericis

92 4218 111 4254 ιι
135 4186 357 4275 sacularibus,
380 4210 543 4255 canonum
564 4210 601 4255 ac
621 4188 734 4276 legum
750 4186 873 4279 peritis.
892 4185 999 4268 Quare
1013 4184 1106 4277 jussu
1127 4184 1229 4274 regio,

93 4322 111 4362 ιι
135 4303 168 4363 et
181 4292 345 4388 pontificio
366 4317 531 4383 concessu,
556 4294 750 4363 demandata
775 4303 824 4362 est
844 4315 924 4363 cura
940 4291 1158 4361 constituendi
1179 4315 1233 4360 sa·
