3050 4984
549 511 624 560 rans
646 484 798 560 amusos]
1199 493 1239 560 85

101 652 196 700 nesse
211 632 343 700 nullum
359 631 530 724 designant
541 637 695 725 tanquam
707 631 910 725 probabilem
920 633 1050 702 sceleris
1060 641 1237 704 auctorem.

101 738 266 820 Qumritur
283 762 326 808 un
346 749 424 809 tunc
442 740 591 832 superior
609 739 710 832 possit
728 739 913 830 generalem
929 741 1173 834 inquisitionem
1184 742 1242 834 ju-

102 844 259 916 dicialiter
278 848 313 914 in
328 869 421 916 reum
431 847 632 938 incognitum
653 847 835 932 instituere,
848 847 1081 937 interrogando
1092 849 1242 919 subditos

102 953 173 1042 quas
187 951 342 1022 dilectum
351 953 552 1046 patraverit,
568 959 599 1020 et
612 951 833 1046 preacipiendo
842 1005 852 1040 ,
870 959 918 1041 ut,
938 953 966 1021 si
984 954 1147 1042 noverint,
1166 979 1239 1024 ma-

104 1060 264 1130 nifastent.

148 1195 165 1232 a
187 1167 284 1236 lllulti
303 1167 419 1238 docent
435 1168 469 1237 id
490 1191 555 1238 non
576 1191 644 1238 esse
663 1168 833 1238 licitum...
854 1171 983 1253 Primo,
1007 1170 1085 1262 quia
1102 1193 1242 1243 canones

106 1303 121 1340 c
145 1283 255 1344 vetant
276 1297 315 1344 ne
334 1275 529 1369 procedatur
546 1299 603 1370 per
624 1274 891 1369 inquisitionem,
912 1277 976 1346 nisi
990 1276 1031 1345 de
1049 1285 1179 1348 auctore
1200 1283 1242 1350 sit

106 1409 122 1444 a
144 1383 244 1470 lama,
264 1383 316 1450 vel
336 1391 423 1452 certa
443 1383 562 1452 iudicia
580 1384 677 1454 :Nisi
695 1406 794 1476 super
805 1383 975 1476 predictis
990 1387 1122 1476 somam
1140 1387 1242 1479 ipsius

108 1489 258 1557 elasam
284 1513 347 1558 csse
366 1491 537 1572 nouoitis,
563 1490 609 1558 ad
630 1491 876 1584 inquisitionem
900 1491 1034 1560 illorum
1055 1515 1119 1561 non
1136 1495 1242 1564 subito

106 1623 122 1660 a
141 1597 326 1688 procedatis
344 1599 425 1688 (cap.
451 1599 536 1666 Cum
552 1609 701 1690 oporteat
719 1602 773 1684 19,
791 1597 981 1690 dedecus).
998 1599 1089 1667 Idem
1105 1600 1243 1671 habetur

18 1795 19 1800 ἵ
106 1706 248 1797 acupile
268 1705 505 1797 Inquisitiom's,
528 1709 585 1792 21,
611 1717 643 1774 et
665 1706 768 1799 capite
794 1705 943 1789 Qualiter
964 1719 997 1775 et
1014 1707 1160 1799 wando,
1185 1714 1241 1797 tt,

105 1839 121 1877 ι
144 1811 259 1881 eodem
279 1813 386 1883 titulo.
405 1811 571 1901 Secundo,
587 1813 615 1880 si
632 1813 744 1882 liceret
766 1814 800 1881 in
818 1835 937 1903 genere
957 1813 1123 1905 inquirere
1144 1817 1244 1884 male-

107 1947 122 1984 a
143 1920 312 2004 factorem,
327 1928 518 2012 sequeretur
528 1921 615 2014 quod
629 1921 698 2012 ipse
712 1920 911 2006 malefactor,
925 1919 952 1988 si
966 1919 1051 1988 forte
1062 1921 1243 2014 interroga·

104 2055 120 2093 ι
144 2037 212 2116 tur,
227 2035 391 2098 teneretur
404 2029 547 2121 seipsum
563 2026 712 2120 prodere,
728 2026 816 2119 quod
831 2050 927 2096 nemo
940 2033 1105 2100 concedat.
1121 2055 1138 2095 n
1155 2032 1245 2123 (Les-

103 2135 187 2222 sius,
199 2135 329 2205 delore
344 2149 375 2205 et
389 2135 537 2218 lustitia,
553 2135 611 2203 lib.
631 2140 665 2223 2,
680 2158 709 2204 o.
726 2139 783 2222 29,
799 2158 833 2203 n.
854 2135 942 2226 113.)

145 2242 212 2312 Sed
226 2243 284 2312 illu
298 2252 447 2314 veterum
462 2241 684 2336 quorumdam
700 2242 943 2311 canonistarum
964 2243 1074 2334 opinio
1090 2267 1245 2317 commu-

101 2349 189 2419 niter
213 2350 470 2444 derelinquitur,
496 2359 528 2420 et
551 2349 715 2419 contraria
739 2349 897 2418 sententia
924 2357 1080 2443 tanquam
1105 2360 1191 2421 certa
1215 2363 1247 2424 et

101 2457 244 2526 tenenda
257 2458 407 2527 habetur.

148 2591 166 2630 a
192 2565 355 2634 Probatur
371 2570 402 2634 1ο
416 2588 458 2634 ex
475 2565 570 2658 praxi
592 2563 762 2634 communi
781 2564 946 2655 judicum,
961 2572 1030 2633 tam
1048 2566 1246 2638 ecclesiasti-

104 2700 121 2738 «
142 2696 263 2742 corum
283 2697 381 2766 quam
402 2673 628 2760 aaecularium,
650 2695 749 2765 quam
770 2671 892 2740 durum
910 2680 959 2741 est
977 2672 1206 2746 condemnare.
1226 2705 1242 2741 s

104 2781 268 2872 (Lessins,
286 2781 381 2850 citato
396 2781 492 2874 loco.)
510 2781 593 2850 Eam
610 2779 772 2848 rationem
784 2778 854 2870 jam
871 2802 931 2847 suo
949 2785 1095 2871 tempore
1111 2785 1249 2874 urgebat

102 2888 162 2958 hoc
178 2888 280 2958 modo
295 2889 502 2959 Innocentius
515 2887 562 2958 lv
575 2888 700 2979 (iucap.
718 2889 831 2968 Rana,
847 2888 878 2973 l,
893 2885 933 2954 dc
947 2887 1123 2971 dilectione,
1136 2912 1170 2958 n.
1190 2893 1219 2983 5)
1237 2920 1245 2960 :

104 3024 119 3060 a
143 2997 230 3066 ltem
250 3005 327 3065 nota
346 2996 433 3089 quod
451 2996 497 3064 sic
517 3004 624 3064 serrat
646 3001 732 3064 totus
752 2991 914 3078 mundus,
932 2992 1020 3084 quod
1043 2995 1249 3086 contingente

104 3130 119 3168 c
143 3103 309 3173 maleficio
321 3103 461 3190 notorio,
479 3103 585 3170 statim
600 3101 737 3194 inquirit
750 3098 854 3192 judex
869 3099 1073 3190 pencraliter,
1092 3125 1158 3172 non
1174 3127 1249 3175 cou-

103 3239 119 3276 ι
142 3223 195 3282 tra
210 3223 335 3282 certam
349 3233 534 3304 personam.
555 3209 595 3278 Et
612 3209 695 3277 lacta
713 3207 940 3300 inquisitione,
957 3216 1050 3277 vocat
1065 3210 1249 3281 nominatos

103 3347 118 3383 a
143 3319 180 3389 in
196 3319 425 3412 inquisitione,
442 3318 482 3388 de
499 3316 657 3386 maleficio
666 3369 676 3403 ,
693 3324 730 3384 ut
751 3339 785 3383 se
802 3313 988 3383 defendant.
1005 3314 1047 3384 Et
1067 3317 1155 3409 quod
1176 3319 1251 3387 lou-

103 3456 118 3490 «
142 3451 223 3517 gam
240 3425 540 3519 interpretationem
561 3424 674 3516 recipit
690 3446 730 3491 ex
751 3423 918 3491 iteratione
935 3421 1094 3492 lectorum
1104 3476 1114 3512 ,
1130 3427 1251 3495 mutari

18 3597 19 3620 ,
102 3561 118 3600 c
143 3557 214 3603 non
230 3532 337 3603 debet.
364 3559 380 3597 s

18 3623 19 3660 l
144 3647 183 3708 2⁰
206 3667 223 3706 s
237 3641 308 3710 Nisi
326 3639 406 3708 tales
420 3637 646 3731 inquisitiones
663 3635 796 3722 fierent,
812 3634 879 3705 duo
895 3636 1094 3726 gravissima
1115 3638 1252 3708 malain

104 3777 119 3813 a
144 3747 318 3840 republica
336 3754 549 3838 sequerentur
572 3773 580 3812 ι
601 3767 676 3812 nam
695 3753 726 3810 et
744 3742 885 3835 populns
904 3742 1049 3832 graviter
1068 3743 1252 3815 offendere-

104 3883 120 3919 «
145 3866 205 3924 tur
221 3883 229 3924 :
248 3854 363 3922 videns
374 3853 519 3945 judicem
535 3875 601 3922 non
617 3851 783 3943 inquirere
796 3858 962 3919 auctorem
974 3851 1077 3942 aperti
1091 3853 1250 3942 criminis,

104 3991 121 4028 a
147 3970 344 4054 putaretque
360 3983 436 4030 eum
451 3959 609 4029 maleficio
624 3958 751 4046 lavere3
768 3965 801 4026 et
816 3955 954 4026 malefici
973 3979 1031 4050 spe
1048 3959 1254 4050 impunitatis

105 4097 122 4138 a
147 4069 400 4139 invalescerent.

150 4182 188 4246 3·
210 4203 228 4240 a
242 4175 327 4259 Quia
347 4197 441 4245 nemo
459 4180 563 4266 potest
582 4172 675 4266 queri
694 4172 757 4241 sibi
776 4173 894 4241 factam
916 4170 1074 4264 injuriam
1092 4194 1151 4264 per
1171 4174 1256 4244 hanc

108 4313 125 4352 c
149 4281 341 4378 generalem
366 4282 631 4378 inquisitionem;
656 4281 723 4348 imo
752 4285 819 4351 tote
846 4277 1029 4369 respublica
1055 4277 1144 4348 illam
1169 4279 1255 4352 desi-
