3050 4984
527 503 601 549 PARS
629 504 775 549 stennon.
819 532 823 539 ·

487 938 741 1019 SUllSEGTlO
778 938 823 1019 ll.

428 1148 478 1201 ott
503 1149 654 1201 tuotclo
680 1150 883 1201 seuuemo.

124 1402 253 1473 ludicia
266 1402 444 1472 summaria
458 1402 537 1495 quid
563 1404 639 1488 sint,
656 1411 687 1472 et
703 1426 857 1495 quaenam
873 1426 988 1473 eorum
1002 1403 1134 1495 propria
1147 1427 1227 1472 nor-

83 1533 148 1596 ma,
165 1510 229 1577 nisi
244 1511 392 1602 apprime
403 1509 515 1579 calleat
527 1510 631 1601 judex
648 1510 895 1593 ecclesiasticus,
911 1510 1005 1579 facile
1018 1510 1052 1577 in
1068 1511 1228 1601 irregula-

82 1640 153 1685 rem
170 1616 366 1709 procedendi
387 1617 540 1703 formam,
557 1628 654 1707 atque
671 1618 705 1683 in
733 1617 890 1685 nullitatis
915 1617 1032 1686 vitium
1055 1618 1225 1709 impinget.

81 1724 168 1792 Hinc
196 1723 237 1792 de
251 1745 287 1791 re
310 1722 390 1792 adeo
404 1724 497 1813 gravi
527 1731 557 1791 et
585 1724 726 1815 practica
740 1724 913 1813 diligenter
927 1723 1124 1793 instituenda
1140 1726 1229 1793 veuit

82 1830 234 1921 quaestio.
252 1828 304 1898 Ad
320 1854 392 1899 eam
415 1839 524 1899 autem
543 1830 748 1899 enodandam
763 1832 1012 1925 progrediemur
1027 1832 1089 1900 hoo
1104 1831 1201 1901 modo
1218 1860 1225 1900 :

87 1940 118 2003 1·
132 1946 244 2006 texum
254 1938 338 2028 juris
350 1938 602 2029 promittemus,
630 1962 647 2007 e
661 1939 784 2030 quibus
794 1937 909 2030 judicii
925 1939 1098 2008 summarii
1113 1948 1230 2009 natura

84 2054 115 2113 st
134 2067 253 2113 norma
266 2044 467 2113 desumenda
482 2054 552 2130 est;
571 2049 605 2111 2⁰
621 2044 913 2114 determinabimus
927 2046 1006 2138 quid
1020 2048 1150 2138 proprie
1166 2048 1231 2115 sint

85 2151 265 2219 summaria
272 2151 408 2242 judicia,
425 2161 456 2218 et
469 2152 633 2241 quomodo
647 2176 666 2219 o
677 2151 810 2243 judiciis
821 2173 862 2220 ex
874 2152 1049 2221 informata
1063 2154 1231 2222 eonscien-

85 2256 129 2325 tia
145 2257 321 2347 diligenter
333 2258 493 2347 distingui
511 2257 667 2336 debeone
688 2261 720 2325 3⁰
736 2282 810 2349 quae
825 2280 942 2327 norma
953 2260 988 2326 in
1000 2260 1039 2326 iis
1053 2260 1229 2351 expedien-

85 2364 135 2431 dis
151 2362 292 2432 tenenda
303 2364 363 2450 sit;
381 2368 414 2430 4⁰
430 2364 549 2455 quibus
564 2365 599 2431 in
614 2366 742 2433 casibus
757 2386 816 2456 per
831 2366 918 2434 viam
931 2365 1047 2457 judicii
1060 2367 1230 2434 summarii

87 2472 220 2562 procedi
235 2473 335 2563 possit
349 2483 406 2541 aut
419 2472 544 2540 debeat.

560 2758 703 2829 CAPUT
725 2759 751 2827 l.

156 2948 397 2997 rnfflr'rurtrua
423 2952 507 2998 sums
529 2952 660 3015 matu,
685 2954 704 2998 tt
726 2952 834 3007 QUIBUS
855 2953 1036 3001 roumalt
1059 2952 1164 3001 mutet!

289 3066 436 3114 suman
460 3068 550 3115 Nono
573 3070 610 3115 ET
632 3069 740 3116 noant
762 3069 941 3117 DRSUHRNDA
964 3071 1031 3117 EST·

134 3296 258 3364 Extant
272 3296 347 3365 dum
365 3296 539 3387 pontificiae
567 3298 825 3385 constitutiones,
846 3299 980 3367 omnino
1006 3298 1179 3385 adaundae,
1196 3324 1233 3367 ac

93 3403 205 3472 sedulo
219 3404 456 3495 expendendae,
467 3412 578 3495 utpote
590 3405 710 3495 quihus
724 3414 790 3473 tota
799 3406 865 3474 lere
878 3405 1077 3497 judiciorum
1088 3430 1232 3476 summa-

92 3512 217 3580 riorum
233 3512 346 3602 regula
359 3511 570 3580 determinata
584 3511 646 3579 luit
658 3522 754 3603 atque
766 3514 899 3580 sancita.
918 3514 1012 3581 Prior
1026 3521 1074 3583 est
1083 3515 1233 3583 Glemon-

94 3617 161 3685 tina
175 3620 271 3709 Saepe
301 3616 345 3707 (t,
375 3616 414 3686 dc
435 3617 609 3685 Verborum
638 3617 900 3708 significatione),
929 3619 1050 3685 tenoris
1079 3618 1233 3709 hujusce-

95 3723 183 3793 modi
200 3751 208 3791 :
231 3752 247 3789 o
263 3723 358 3815 Saepe
373 3723 532 3814 contingit
542 3722 630 3814 quod
646 3746 758 3791 causes
773 3724 1018 3812 committimus,
1031 3726 1106 3793 etin
1120 3746 1233 3793 earum

99 3862 114 3899 o
140 3833 303 3925 aliquibus
330 3831 520 3923 simpliciter
535 3829 619 3899 etde
639 3830 753 3920 plano,
772 3853 811 3897 oc
834 3832 903 3898 sine
926 3832 1064 3922 strepitu
1079 3844 1110 3898 ct
1121 3832 1233 3922 figura

100 3972 116 4011 c
132 3942 260 4035 judicii
274 3940 403 4031 procedi
419 3937 622 4007 mandamus.
642 3937 688 4005 De
705 3960 846 4028 quorum
863 3938 1098 4028 significatione
1113 3938 1233 4007 verbo-

100 4078 116 4116 o
139 4073 215 4120 rum
230 4074 250 4117 a
265 4046 376 4115 multis
391 4044 609 4131 contenditur,
625 4053 656 4112 et
671 4044 811 4135 qualiter
824 4044 954 4135 procedi
971 4046 1085 4114 debeat
1100 4044 1234 4113 dubita-

100 4184 116 4225 ιι
137 4167 204 4227 tur.
223 4156 290 4225 Nos
304 4162 410 4222 autam
428 4152 661 4221 dubitationem
679 4150 880 4242 hujusmodi,
896 4158 1054 4244 quantum
1070 4152 1163 4220 nohis
1188 4164 1235 4220 est

103 4292 119 4332 r
140 4263 306 4359 possibile,
317 4260 464 4330 decidere
476 4260 652 4351 cupientes,
669 4259 729 4327 hac
739 4258 775 4326 in
789 4259 1235 4349 perpetuumvalituraoons-
