3050 4984
540 466 615 513 rias
637 466 782 513 succisos.
1164 446 1224 510 163

82 587 162 654 anni
186 588 253 677 egit
271 616 278 656 :
298 588 325 655 si
351 588 469 680 aequali
487 596 630 681 ternpore
646 596 792 656 moratus
816 587 858 654 sit
886 584 917 655 in
943 586 1109 673 omnihus,
1125 586 1170 655 ibi
1184 586 1229 653 ci-

82 694 203 764 tandus
217 697 292 781 erit,
316 696 372 763 ubi
391 697 554 765 citationis
567 705 712 787 tempore
728 696 828 785 degit.
849 698 881 761 8·
895 693 930 763 Si
947 694 1081 763 domum
1108 703 1228 761 certam

82 823 149 867 noo
177 800 307 887 habeat,
336 825 396 871 nec
420 803 494 871 sciri
522 804 621 895 possit
637 802 766 887 ubisit,
784 803 874 871 citari
889 810 993 893 potest
1011 824 1069 893 per
1084 801 1228 869 edictum

83 908 137 975 vel
162 931 222 1000 per
236 930 431 999 praeconem.
465 914 498 977 9⁰
527 910 724 979 Executione
751 909 847 996 iactu,
865 908 1024 977 incumbit
1050 908 1165 976 nuntio
1182 909 1230 976 ia·

83 1037 155 1082 cere
182 1016 385 1106 relationem,
413 1039 488 1108 quae
516 1018 550 1083 in
581 1026 651 1084 acta
675 1017 791 1085 reterri
819 1015 925 1102 debet,
958 1025 993 1083 ut
1021 1023 1173 1106 appareat
1188 1016 1229 1083 de

82 1122 227 1211 legitime
241 1122 325 1191 iacta
338 1124 541 1192 executione.
560 1124 602 1191 Et
618 1123 689 1191 haec
705 1123 819 1193 relatio
834 1146 907 1215 pars
925 1121 1144 1191 substantialis
1160 1130 1225 1206 est;

84 1252 144 1296 nec
170 1229 241 1298 sine
265 1252 303 1297 ea
333 1239 390 1298 aut
403 1230 524 1318 citatio,
555 1241 613 1298 out
639 1230 811 1316 sententia,
840 1239 896 1299 aut
912 1237 997 1297 totus
1013 1250 1181 1320 processus
1194 1229 1229 1297 iu

83 1339 319 1405 contumaciam
337 1337 433 1405 valet.
460 1337 545 1407 Vide
569 1336 862 1425 Schmalzgrueber
876 1337 924 1427 (in
945 1336 1028 1403 titul.
1052 1338 1082 1423 3,
1111 1336 1228 1403 iibrii

83 1442 312 1529 Decretalium,
330 1443 351 1534 ἓ
367 1448 398 1530 2,
417 1467 450 1513 n.
470 1444 541 1535 ts),
556 1468 575 1510 a
590 1466 656 1535 quo
671 1443 742 1511 hee
758 1444 825 1511 lere
839 1444 880 1511 ad
899 1442 1043 1527 ¹verbum
1071 1442 1230 1532 desump-

84 1550 187 1617 simus
206 1552 262 1641 (1).
348 1621 351 1627 ,

128 1694 273 1774 Qomsrro
291 1699 336 1761 θ’.
353 1733 398 1745 -
415 1694 559 1777 Qucum
573 1694 637 1763 sint
653 1694 816 1762 citationis
828 1696 974 1787 effectus?
988 1734 1032 1746 -
1051 1700 1082 1761 i·
1098 1695 1228 1762 Astrin-

84 1804 133 1890 git
146 1804 280 1870 citatum
292 1802 334 1869 ad
351 1800 619 1892 comparendum,
637 1803 702 1869 nisi
714 1801 803 1892 justa
819 1804 1009 1893 exceptione
1025 1826 1058 1869 se
1074 1812 1202 1869 tueatur
1218 1829 1226 1886 ;

85 1908 162 1975 alias
176 1908 324 1977 redditur
335 1918 510 1977 contumax
529 1936 536 1975 :
553 1918 677 1977 constat
688 1911 791 1999 capite
806 1912 860 1978 liu
876 1910 991 1978 litteris
1007 1910 1051 1996 (2,
1066 1909 1105 1977 de
1121 1910 1226 1997 Dolo),

85 2024 116 2082 et
137 2016 210 2105 lege
238 2019 294 2084 Er
307 2038 511 2106 quocumque
524 2018 570 2105 (2,
586 2015 620 2082 ff.
639 2015 766 2106 Siquis
782 2016 816 2083 iu
826 2018 888 2106 jus
902 2029 1033 2084 vocotus
1049 2039 1113 2083 nou
1127 2016 1226 2104 ierit).

84 2125 117 2186 2⁰
144 2121 273 2189 inducit
301 2122 368 2189 litis
397 2121 618 2213 pendentium,
646 2122 688 2190 ad
717 2146 792 2191 eum
808 2122 906 2190 finem
937 2134 972 2189 ut
999 2123 1053 2190 lite
1069 2122 1228 2213 pendente

84 2229 237 2295 innovari
251 2228 298 2296 nil
309 2230 419 2320 possit.
436 2236 469 2296 3⁰
483 2230 643 2317 Prorogat
654 2230 913 2319 jurisdictionem
925 2228 1064 2319 judicis3
1082 2229 1161 2296 adeo
1180 2237 1226 2313 ut,

17 2321 18 2378 3
85 2336 143 2401 etsi
169 2336 256 2425 quis,
282 2345 453 2427 postquam
480 2337 596 2404 citatus
610 2345 671 2416 est,
695 2359 763 2403 esse
780 2336 912 2427 coeperit
927 2336 1025 2404 alieni
1050 2336 1124 2419 lori,
1140 2336 1175 2402 iu
1191 2358 1228 2401 ea

85 2450 193 2508 tamen
219 2465 317 2509 cansa
331 2441 445 2510 debeat
470 2464 657 2533 comparere
682 2464 791 2510 corani
813 2442 923 2533 judice
937 2442 995 2533 qui
1014 2465 1088 2509 eum
1104 2442 1225 2509 citavit.

88 2552 120 2613 i‘
137 2547 311 2639 Perpetuat
332 2549 451 2639 judicis
474 2548 613 2638 delegati
631 2549 909 2639 jurisdictionem
935 2550 980 2617 ita
995 2558 1030 2616 ut
1046 2557 1148 2615 morte
1169 2548 1228 2614 de-

84 2655 223 2745 legantis
238 2679 304 2723 non
320 2657 458 2748 expiret.
476 2655 518 2722 Et
533 2656 634 2723 dictos
649 2655 783 2747 quidem
793 2654 925 2723 effectus
940 2656 1048 2723 citatio
1065 2655 1225 2747 producit,

17 2823 18 2856 ,
85 2772 154 2829 tum
170 2764 205 2829 in
221 2762 456 2846 criminalibus,
471 2772 542 2829 tum
559 2762 593 2829 in
607 2761 757 2829 civilibus
779 2762 897 2830 causis.
917 2764 961 2829 At
977 2785 1054 2831 vero
1070 2764 1103 2828 iu
1119 2762 1227 2830 civili-

17 2946 19 2962 ,
85 2869 146 2937 bus
161 2870 257 2936 habet
273 2870 407 2960 insuper
422 2867 553 2937 effectus
568 2878 738 2959 sequentes
758 2896 765 2934 :
786 2872 816 2935 l⁰
832 2868 907 2935 iacit
931 2891 999 2936 rem
1018 2871 1103 2960 [quae
1120 2869 1160 2935 ai>
1174 2892 1227 2936 ac-

17 2973 18 3020 i
85 2986 152 3044 tore
162 2975 546 3045 controvertituractione
557 2975 646 3064 reali)
658 2974 850 3064 litigiosam
867 2976 911 3043 ita
925 2984 961 3043 ut
971 2974 1049 3043 dum
1064 2975 1130 3043 litis
1147 2999 1226 3067 pen-

86 3084 148 3171 det,
160 3084 295 3152 alieuari
310 3106 367 3174 per
379 3083 576 3173 emptionem
591 3082 732 3150 aliumve
740 3092 940 3151 contractum
951 3084 1157 3174 (quibusdam
1168 3108 1226 3151 ex-

17 3201 18 3212 ³
85 3192 193 3281 ceptis)
223 3199 371 3281 nequeat.
402 3194 435 3255 2⁰
464 3188 640 3257 Constituit
671 3189 805 3257 citatum
832 3190 1013 3278 legitimum
1044 3192 1225 3259 contradic-

17 3285 18 3289 *
86 3308 206 3384 torem3
225 3297 307 3365 adeo
328 3306 376 3382 ut,
394 3296 547 3387 quamvis
561 3318 603 3363 ex
618 3294 726 3387 aliqua
742 3318 838 3364 causa
862 3296 974 3387 repelli
990 3308 1107 3387 posset,
1125 3298 1227 3365 citans

17 3423 18 3426 ’
86 3415 192 3473 tamen
225 3404 290 3472 sibi
325 3402 529 3494 praejudicet,
559 3414 591 3470 et
627 3402 721 3470 iilum
755 3426 821 3470 nou
852 3404 952 3494 possit
981 3404 1055 3471 dein
1085 3405 1226 3495 amplius

85 3512 250 3603 repellere.
284 3516 317 3577 3ο
347 3509 446 3577 Tollit
473 3519 661 3599 potestatem
690 3511 791 3577 actori
830 3508 973 3600 eligendi
999 3510 1083 3579 inter
1115 3512 1226 3602 plures

82 3618 220 3707 judices,
246 3617 274 3685 si
293 3616 376 3684 forte
391 3637 489 3705 super
515 3616 628 3683 eadem
642 3638 739 3684 causa
754 3617 934 3707 potuissent
955 3618 1075 3685 diversi
1099 3620 1225 3709 judices

81 3724 237 3814 judicare.
264 3728 297 3791 4⁰
320 3722 532 3812 interrumpit
556 3723 851 3813 prescriptionem,
868 3724 980 3791 saltem
1004 3724 1147 3792 odiosam
1175 3726 1223 3815 (id

113 4010 146 4071 tt]
159 4007 267 4058 Videtur
275 4006 355 4056 hodie
366 4006 392 4055 in
402 4004 630 4068 Gallialicripoasc
639 4004 789 4055 citationem
802 4019 849 4069 per
858 4005 993 4071 epistolam
1000 4010 1130 4055 remotum
1142 4006 1223 4069 tahar·

85 4091 151 4151 geel,
165 4094 193 4137 ut
204 4090 309 4137 vocant.
331 4088 395 4135 Cum
409 4086 480 4135 enim
493 4084 593 4151 patulci
607 4084 735 4148 ejmmodi
748 4085 915 4149 epistolarum
928 4086 1021 4135 latores
1035 4090 1170 4136 teneantur
1180 4101 1224 4137 eas

86 4183 138 4218 mn
150 4174 249 4219 tuntum
257 4167 410 4231 consignare
417 4167 449 4216 iis
456 4166 488 4216 ad
496 4180 562 4230 quos
573 4167 727 4229 diriguntur,
734 4168 781 4216 sed
789 4172 815 4217 et
826 4168 858 4216 de
866 4168 933 4217 locta
941 4168 1134 4231 consignatione
1142 4170 1224 4231 aerip-

85 4254 141 4299 um
154 4248 330 4299 testimonium
338 4251 482 4310 reportare,
491 4247 554 4296 satis
566 4245 626 4295 inde
639 4250 757 4296 constare
768 4247 870 4297 ridetur
881 4248 913 4298 de
922 4246 1050 4299 citationis
1061 4248 1222 4301 executione.
