3050 4984
625 781 704 871 §1¹-

380 944 419 993 An
433 941 581 993 ncommuo
602 940 767 993 maumam
787 942 821 993 stt
836 941 948 993 libellus.

135 1111 321 1181 Proroarrro
342 1112 383 1181 1⁸.
400 1152 445 1165 -
459 1116 501 1181 ln
514 1112 645 1204 judicio
661 1112 843 1194 ordinario,
862 1126 934 1181 tam
953 1111 1122 1181 criminali
1138 1134 1240 1205 mam

95 1218 195 1301 civili,
220 1218 268 1288 ad
280 1242 447 1311 processus
464 1220 610 1288 calorem
630 1218 757 1290 libellus
777 1221 912 1289 omniuo
931 1220 1123 1313 requiritur.
1142 1259 1186 1272 -
1204 1218 1242 1289 ld

96 1336 249 1418 tanquam
264 1336 390 1396 certum
409 1328 610 1397 unanimiter
625 1328 759 1396 tradunt
775 1328 964 1397 canonistas.
986 1355 1004 1395 a
1022 1328 1075 1396 Ad
1095 1328 1242 1397 valorem

98 1460 115 1497 a
136 1454 306 1523 processus
328 1434 384 1525 (uit
401 1434 654 1524 Baumgnrtner,
676 1435 711 1502 in
734 1434 784 1506 tit.
809 1439 840 1521 3,
861 1434 938 1505 libri
959 1440 979 1503 2
999 1434 1141 1522 Deerat,
1163 1458 1243 1503 con·

99 1568 115 1605 «
136 1540 217 1608 clus.
242 1542 274 1631 2)
291 1563 350 1631 per
370 1564 405 1609 sc
422 1548 455 1609 et
472 1542 669 1631 regulariter
688 1542 867 1633 requiritur
888 1541 1034 1622 libellus;
1056 1540 1241 1634 etquidem

99 1647 183 1713 situ
208 1659 334 1714 utnon
358 1646 462 1737 possit
486 1647 610 1715 remitti
632 1671 674 1717 ex
697 1670 859 1716 consensu
883 1649 1028 1739 partium
1051 1657 1084 1717 st
1103 1648 1240 1739 judicis;

99 1780 115 1815 a
136 1754 214 1843 qnia
228 1752 408 1844 requiritur
427 1752 557 1843 dejure
575 1753 744 1822 communi
763 1754 922 1842 absolute,
942 1764 974 1823 et
994 1754 1125 1845 quidem
1146 1754 1240 1847 prin-

99 1886 116 1923 u
136 1858 284 1949 cipaliter
297 1859 339 1927 ad
355 1860 480 1929 bonum
496 1883 684 1948 commune,
702 1871 740 1927 nt
753 1868 904 1929 servetur
918 1870 1026 1930 certus
1042 1862 1122 1931 ordo
1138 1862 1172 1930 in
1185 1861 1242 1952 jn·

99 1964 241 2034 adiciis.
267 1993 284 2030 n
312 1967 475 2037 Consonat
497 1966 807 2057 Scbmalagrueber,
833 1990 984 2061 expresse
1010 1968 1242 2059 distinguendo

96 2074 180 2140 inter
189 2072 352 2164 judicium
366 2073 577 2142 ordinarium
592 2098 651 2142 seu
665 2074 862 2165 plenarium,
876 2084 907 2142 et
915 2075 1075 2166 judicium
1092 2099 1242 2145 summa-

94 2182 184 2247 rium
200 2208 212 2247 .·
230 2208 248 2245 a
263 2182 469 2274 Respondeo‚
489 2182 609 2274 inquit,
626 2180 736 2251 offerri
752 2182 870 2251 debere
890 2182 1037 2251 libellum
1054 2207 1130 2253 cum
1149 2186 1239 2277 judi-

99 2316 115 2352 s
137 2288 228 2355 cium
248 2298 297 2355 est
314 2289 497 2379 plenarium
515 2298 547 2357 at
566 2289 771 2357 ordinarium
788 2317 796 2356 ι
813 2296 845 2357 et
864 2289 910 2357 ibi
931 2290 1050 2359 oblatio
1070 2291 1171 2359 libelli
1194 2301 1242 2361 est

17 2431 18 2448 ι
99 2424 116 2457 a
137 2394 179 2463 de
199 2396 396 2485 substantia3
420 2396 465 2464 ita
484 2395 620 2487 quidem
639 2406 676 2463 ut
695 2395 817 2487 absque
836 2420 873 2465 ea
889 2396 1054 2487 judicium
1074 2420 1141 2467 non
1161 2400 1241 2467 snb-

98 2531 113 2563 a
134 2502 239 2590 sistat,
261 2526 366 2595 neque
381 2505 480 2571 etiam
495 2502 677 2595 apartibus
695 2504 815 2571 remitti
836 2505 948 2595 possit.
966 2504 1062 2573 Ratio
1082 2515 1142 2594 est,
1165 2506 1243 2599 quia
1283 2525 1284 2536 ¹

98 2634 114 2671 ι(
136 2608 359 2677 solemnitates
371 2620 518 2697 actuum,
535 2632 611 2701 quae
623 2609 665 2678 ob
678 2609 847 2701 publicum
863 2608 1036 2679 utilitatem
1049 2612 1240 2681 introductae

17 2711 18 2794 ᾗ
99 2743 115 2777 «
137 2725 228 2802 sunt,
249 2716 394 2808 partium
415 2718 629 2787 conventione
649 2717 719 2785 tolli
738 2726 796 2785 aut
812 2718 932 2785 remitti
949 2740 1015 2787 non
1034 2728 1182 2810 possunt,
1205 2730 1242 2790 ut
1273 2758 1274 2766 .

99 2822 256 2891 «docent
271 2823 427 2893 doctores.
446 2850 463 2889 u
484 2824 533 2914 (ln
548 2824 598 2891 tit.
618 2826 651 2910 3,
666 2822 744 2891 libri
761 2828 780 2891 2
797 2822 938 2913 Deerat,
957 2825 978 2917 ξ
996 2828 1027 2913 1,
1045 2848 1078 2893 n.
1099 2826 1165 2917 11.)

17 2939 18 2942 ’
137 2930 192 2997 Ad
221 2928 306 2998 banc
330 2940 439 2999 autern
469 2931 693 2999 necessitatem
718 2930 922 3022 probandam
950 2932 1117 3002 adducunt
1143 2958 1241 3005 cano-

17 3127 18 3132 ,
96 3037 201 3118 nistae,
217 3050 316 3129 caput
329 3041 360 3126 1,
373 3038 459 3106 tituli
473 3042 505 3124 3,
523 3038 600 3105 libri
616 3042 635 3104 t
649 3035 882 3125 Decretalium,
895 3040 929 3106 in
939 3063 1005 3131 quo
1019 3041 1065 3108 sic
1078 3040 1215 3113 babetur
1231 3074 1239 3114 :

17 3147 18 3200 l
96 3146 149 3209 Eu
173 3143 310 3213 coneilio
332 3144 425 3235 apud
447 3148 612 3213 Sanctum
637 3144 835 3214 Medardum
861 3144 974 3214 habito
1002 3147 1101 3237 (anno
1128 3154 1201 3243 854)
1231 3181 1239 3221 :

17 3239 18 3292 l
95 3252 236 3339 Ipnorus
257 3252 301 3342 (1)
319 3251 500 3343 Episcopus
524 3251 610 3319 dicit
628 3278 639 3318 :
659 3250 795 3319 Habetis
815 3250 962 3320 libellum
982 3254 1238 3343 reclamationis,

17 3355 18 3438 l
96 3358 146 3424 ael
163 3358 420 3449 postulatiom‘sl
446 3360 502 3428 llli
522 3357 759 3451 responderunt
783 3382 816 3427 se
838 3383 910 3450 pree
933 3360 1086 3431 manibus
1109 3366 1242 3437 nullum

17 3473 18 3528 l
95 3463 214 3532 babere
232 3464 389 3533 libellum.
412 3469 551 3557 Ipnarsts
568 3466 749 3557 Episcopus
768 3464 854 3533 dicit
871 3494 881 3533 .·
901 3470 1035 3557 Oportet
1056 3493 1111 3539 vos
1126 3496 1240 3543 seeun-

17 3577 18 3667 l
97 3569 177 3637 dum
191 3572 439 3640 ecclesiasticam
453 3574 687 3641 maturitatem
702 3572 968 3641 reclamationem
983 3588 1126 3646 vestram
1142 3581 1231 3651 libell
1237 3584 1242 3595 '

17 3673 18 3706 l
96 3678 177 3745 serie
199 3677 383 3762 declarare,
411 3701 547 3771 eamque
572 3681 686 3747 vestris
707 3678 863 3747 manibus
889 3682 1080 3751 roboratam
1106 3687 1242 3777 Spnodo

92 3786 279 3876 porriqere,
305 3800 342 3854 ut
367 3799 443 3854 tunc
464 3788 554 3855 oobis
573 3788 728 3854 cononice
747 3788 857 3855 valeat
879 3789 1077 3879 responderi.
1099 3794 1146 3861 Et
1165 3807 1242 3865 tunc

17 3941 18 3968 ,
98 3890 161 3978 ipsi
180 3894 303 3981 fratres
326 3893 474 3962 libellum
497 3893 727 3961 conscribentes
743 3908 977 3983 porreperunt.
1003 3898 1108 3966 Habet
1129 3910 1239 3970 autem

127 4073 160 4134 (t)
177 4072 326 4136 legendum
341 4074 505 4135 llincmarus,
522 4076 552 4122 ut
565 4072 654 4122 videre
671 4077 711 4122 est
726 4072 753 4122 in
769 4074 834 4123 actis
850 4075 926 4140 hujus
944 4078 1051 4128 Consilii
1066 4080 1134 4142 apud
1151 4084 1242 4147 Mansi,

99 4156 162 4201 tom.
180 4156 220 4215 rt,
237 4154 287 4202 eol.
303 4158 349 4203 983
358 4168 367 4217 ;
378 4158 405 4205 et
417 4166 472 4204 nou
483 4158 581 4204 tantum
597 4152 708 4215 asaoruit
718 4152 872 4205 llinamarus
883 4156 962 4207 libelli
981 4160 1173 4223 necessitatem,
1194 4166 1240 4214 sed

101 4234 176 4282 suun
195 4238 235 4283 sat
249 4234 305 4283 tuse
318 4234 447 4310 probavit,
464 4239 542 4299 prout
554 4234 581 4283 in
596 4232 688 4283 iisdem
705 4232 769 4283 sctis
786 4236 942 4287 continetur.
959 4238 1089 4302 Agebatur
1106 4246 1191 4292 cutem
1207 4246 1240 4297 de

102 4324 178 4363 mnas
189 4313 324 4365 cumiani.
423 4309 441 4332 ''
475 4307 479 4316 '
800 4338 804 4343 ·
923 4314 935 4325 ''
