3050 4984
615 504 789 551 <iuncturus
812 504 850 548 ut
873 504 1007 551 tumens,

699 841 842 913 CAPUT
864 841 939 912 vn.

329 1034 367 1079 DE
391 1034 590 1081 nnemlrronn
611 1036 741 1081 rnsrturt
764 1036 822 1083 Pto
845 1036 1084 1083 uuartffltrtout
1105 1034 1277 1081 PRDCFSSUS.

276 1262 419 1344 Qunarro
439 1268 481 1331 1³.
500 1302 544 1317 —
559 1266 609 1333 An
623 1264 798 1333 nmeasnrio
810 1262 962 1355 sariendo
975 1263 1018 1331 sit
1034 1263 1166 1331 testium
1175 1263 1213 1331 in
1221 1282 1381 1352 processu

233 1372 443 1462 informatioo
459 1372 726 1443 montinotorum
741 1373 914 1464 repetitio?
928 1411 973 1423 -
999 1371 1192 1463 Respondeo
1211 1398 1218 1437 :
1247 1370 1276 1437 si
1300 1390 1381 1437 reus

233 1478 374 1547 noluerit
388 1476 551 1549 declarare
566 1502 600 1549 ee
612 1480 731 1549 babere
744 1488 839 1548 testes
850 1502 910 1571 pro
922 1479 1070 1569 legitime
1082 1478 1188 1545 nitatis
1201 1487 1234 1545 et
1247 1477 1380 1545 exami-

235 1584 330 1670 natis,
346 1584 482 1653 omuino
497 1607 625 1655 neeesse
634 1596 682 1653 est
693 1584 764 1654 fieri
779 1586 929 1675 ipsorum
942 1583 1181 1677 repetitionem,
1200 1581 1306 1669 idest,
1320 1604 1381 1650 eos

233 1688 341 1759 denuo
355 1692 550 1779 examinari,
566 1693 663 1761 citato
676 1694 769 1784 prius
794 1714 861 1777 reo,
879 1689 1116 1760 adridendum
1132 1689 1262 1757 eosdem
1276 1690 1374 1781 jura·

235 1806 378 1867 mentum
398 1798 437 1865 de
459 1796 597 1867 dicenda
612 1799 745 1867 veritate
762 1807 962 1890 praestantes.
990 1797 1081 1865 Alias
1096 1796 1145 1865 illi
1172 1804 1266 1866 testes
1292 1794 1381 1863 nihil

233 1913 347 1973 eontra
361 1924 456 1973 reum
480 1906 665 1995 probarent,
693 1906 823 1975 etiamsi
838 1905 926 1973 mille
947 1912 1055 1974 essent
1077 1903 1170 1973 omni
1185 1902 1380 1993 exceptione

235 2010 390 2101 majores;
410 2034 467 2080 neo
480 2022 589 2103 posset
598 2012 701 2105 judex
717 2036 759 2081 ex
773 2035 887 2081 eorum
905 2012 1162 2103 depositionibus
1176 2032 1272 2080 reum
1295 2033 1380 2078 oon-

234 2116 400 2187 demnnre.
418 2119 475 2187 Est
487 2118 651 2187 unanimis
661 2119 836 2189 doctorum
851 2119 1022 2205 sententia,
1038 2140 1140 2211 quam
1149 2117 1225 2185 vide
1233 2118 1380 2187 auotori-

230 2223 348 2293 tatibus
361 2226 526 2295 firmatam
541 2226 628 2317 apud
644 2225 867 2317 Pellegrinum
878 2227 979 2316 (parte
995 2228 1029 2310 t,
1042 2233 1120 2293 aeet.
1140 2224 1207 2314 11).
1224 2224 1296 2292 [mo
1310 2246 1378 2292 nee

233 2330 302 2399 vim
317 2331 428 2401 indicii
444 2341 556 2401 eontra
571 2354 666 2402 reum
680 2341 757 2402 tune
774 2334 930 2401 baberent
941 2331 1105 2423 ejusmodi
1120 2332 1321 2417 testimonia,
1339 2342 1380 2400 ut

233 2439 348 2529 probat
360 2439 456 2508 eitato
466 2439 537 2508 loeo
550 2440 701 2509 laudatus
715 2448 839 2509 auctor.
899 2484 903 2491 -

277 2545 420 2627 Dorsuo
434 2550 480 2615 2³.
500 2585 544 2597 -
560 2550 721 2631 Quaenam
730 2547 796 2615 sint
813 2546 971 2637 requisito
986 2545 1033 2614 od
1045 2546 1230 2637 leqitimom
1243 2547 1379 2614 testium

232 2653 478 2743 repetitionem?
500 2692 544 2705 -
571 2658 603 2721 1⁰
628 2653 729 2723 Debet
743 2675 802 2744 per
816 2651 1145 2743 ipsummetjudioem
1166 2652 1380 2742 (regulariter

230 2758 403 2852 loquendo]
421 2762 510 2847 fieri;
525 2783 583 2829 nee
599 2770 702 2853 potest
714 2761 819 2851 judex
834 2783 909 2829 eam
920 2758 1013 2828 alteri
1025 2759 1209 2828 faciendam
1218 2760 1378 2828 commit-

231 2876 316 2947 tere;
334 2869 432 2961 idque
447 2870 575 2938 etiamsi
585 2868 722 2960 ipsemet
736 2878 833 2937 testea
846 2870 881 2937 in
895 2891 1048 2962 processu
1063 2869 1277 2938 informativo
1290 2891 1377 2937 exa-

231 2976 415 3045 minaverit.
433 2976 567 3047 Constat
574 3000 616 3045 ex
625 2978 728 3069 eapite
737 2979 845 3069 primo
859 2978 898 3047 de
912 2976 1210 3070 Testibuseoqendis
1217 3003 1232 3060 ,·
1245 3001 1288 3047 ex
1301 2978 1379 3069 lege

234 3083 411 3165 Quoniam,
428 3094 461 3154 et
479 3107 522 3153 ex
541 3085 730 3155 authentica
745 3086 844 3176 Apud
856 3086 1168 3176 eloquentissimum,
1185 3108 1213 3153 c.
1240 3084 1280 3153 de
1293 3085 1377 3153 Fide

231 3190 537 3261 instrumentorum.
558 3191 653 3283 (Vide
666 3192 906 3282 Pellegrinum
919 3191 989 3261 loeo
1002 3192 1124 3283 uitato.)

273 3298 426 3369 Diximus
441 3302 648 3391 reputariter.
666 3300 748 3369 Nam
767 3300 930 3369 committi
942 3323 964 3368 a
975 3298 1084 3392 judice
1107 3308 1211 3391 potest
1224 3298 1376 3389 repetitio

231 3406 364 3475 testium
380 3407 415 3475 in
439 3408 648 3498 sequentibus
664 3407 793 3476 casibus
819 3434 827 3473 ι
837 3408 965 3499 primo,
993 3406 1079 3474 sinit
1102 3404 1295 3474 infirmitate
1319 3406 1375 3474 vel

228 3512 292 3581 alio
307 3514 392 3581 serio
411 3513 646 3604 impedimento
668 3514 831 3583 detentus.
848 3513 1013 3597 Secundo,
1030 3514 1061 3581 si
1087 3522 1182 3582 testes
1206 3512 1377 3604 repetendi

228 3620 361 3689 alterius
370 3618 610 3711 jurisdictionis
624 3621 710 3707 eint;
728 3621 809 3713 quia
831 3630 908 3691 tune
927 3643 1045 3691 eornm
1064 3642 1202 3689 examen
1224 3642 1376 3689 neeessa-

231 3729 279 3797 rio
294 3736 342 3797 est
356 3727 449 3797 alteri
474 3726 750 3797 demandandum.
772 3729 889 3809 Tertio,
917 3728 947 3796 ei
970 3736 1065 3798 testea
1093 3726 1261 3820 repetendi
1280 3750 1377 3797 senes

231 3836 295 3904 sint
310 3842 367 3905 aut
382 3834 511 3925 aegroti,
528 3833 581 3902 vel
597 3856 726 3924 magne
739 3834 929 3924 dignitatio3
945 3843 1023 3905 tuno
1036 3836 1126 3903 euim
1151 3843 1256 3926 potest
1268 3835 1375 3925 judex

230 3942 323 4012 alteri
338 3940 541 4011 committere
556 3947 594 4009 ut
606 3940 697 4009 domi
713 3964 828 4011 eorum
853 3942 1030 4012 testimonii
1045 3942 1270 4033 repetitionem
1285 3942 1376 4011 reei-

253 4052 307 4120 iat.

230 4073 306 4224 p2⁰
337 4156 438 4225 Debet
467 4154 614 4247 repetitio
642 4155 774 4223 testium
807 4157 891 4243 fieri,
926 4155 1061 4247 perinde
1094 4179 1131 4224 ao
1161 4156 1188 4223 si
1221 4156 1373 4225 nondum

229 4262 365 4332 fuissent
379 4260 556 4331 examinati
584 4289 592 4329 ι
620 4259 652 4328 id
678 4269 737 4349 est,
755 4262 892 4333 servatis
919 4260 958 4330 iis
982 4261 1135 4330 omnibus
1150 4284 1225 4355 quae
1240 4260 1274 4329 in
1289 4284 1372 4331 exa-
