3050 4984
624 480 798 527 Ttttcrnws
821 480 859 527 DE
881 480 1013 527 JttntcttS.

641 941 895 1025 SUBSECTIO
935 943 1002 1024 lV.

353 1188 432 1239 reta
461 1188 633 1239 PROCESSUS
657 1188 838 1239 Cntttttttttts
863 1190 884 1238 Α
909 1187 1083 1238 SENTENTIA
1110 1186 1295 1262 perterrita·

680 1276 779 1335 118an
799 1278 842 1327 dl)
855 1276 962 1327 etnam.

297 1590 381 1658 Cum
388 1587 484 1657 telam
496 1585 705 1676 judiciariam
720 1588 899 1657 criminalis
913 1612 1083 1680 processus
1094 1586 1251 1679 usquead
1264 1594 1402 1653 senten-

255 1696 332 1761 tiam
347 1693 549 1761 dednitivam
565 1691 827 1780 laistraverimas,
838 1691 1167 1762 remanetdicendum
1179 1690 1220 1760 de
1235 1692 1305 1781 ipsa
1319 1711 1405 1757 sen-

254 1799 355 1867 tentia
369 1796 548 1886 definitiva,
563 1797 603 1864 de
618 1798 764 1888 ejusdam
779 1800 981 1887 executione,
998 1809 1030 1869 et
1045 1799 1086 1868 de
1099 1796 1324 1890 appellatione,
1338 1818 1403 1864 seu

256 1907 295 1972 de
309 1926 460 1995 processu
477 1905 511 1971 in
527 1905 633 1993 gradu
647 1904 883 1996 appellationis.

727 2220 871 2290 CAPUT
894 2223 920 2289 Ι.

613 2414 652 2457 ott
674 2412 840 2460 SENTENTIA
863 2414 1050 2461 panemve.

304 2622 446 2701 Quasmo
461 2619 505 2684 12.
523 2655 568 2669 -
584 2616 672 2700 (laid
687 2629 718 2683 et
733 2618 912 2709 quotuplea
926 2618 969 2685 sit
981 2618 1141 2686 sententia
1155 2615 1346 2706 definitiva?
1357 2653 1408 2666 —

263 2724 429 2796 Sententia
443 2722 624 2813 generatim
638 2730 768 2812 sumpta
779 2722 912 2791 deliniri
928 2723 1008 2792 solet
1025 2750 1032 2791 ε
1044 2722 1273 2814 pronuntiatio
1276 2720 1409 2813 judicis

263 2852 359 2923 super
373 2852 474 2897 causa
496 2830 530 2896 la
545 2826 676 2919 judicio
692 2826 831 2897 deducta
841 2853 855 2912 ,·
869 2851 936 2921 qna
956 2830 1099 2898 formula
1118 2828 1410 2921 comprehenditur

263 2948 330 3005 tam
347 2934 588 3005 interlocutoria
603 2934 774 3020 sententia,
795 2958 896 3026 qnam
922 2936 1103 3005 definitiva.
1128 2935 1179 3003 Ad
1196 2935 1280 3003 hanc
1294 2942 1407 3003 anam

264 3047 299 3113 in
313 3044 417 3136 specie
432 3041 679 3131 designandam,
694 3050 798 3133 potest
808 3042 870 3111 hoc
882 3042 979 3111 modo
987 3042 1224 3111 accommodari
1237 3042 1387 3111 delinitio
1400 3073 1408 3121 ;

254 3150 486 3245 'pronuntiatio
499 3148 618 3239 judicis
640 3169 738 3239 snper
758 3170 855 3217 causa
869 3149 1053 3240 princepali
1072 3148 1241 3239 injudicio
1255 3148 1408 3217 deducta.

266 3260 394 3348 Negent
413 3256 622 3325 communius
641 3253 789 3323 doctores
813 3256 945 3347 proprie
969 3255 1087 3323 dictam
1111 3256 1302 3324 sententiam
1323 3277 1410 3338 osse,

266 3388 363 3459 qnam
392 3362 607 3455 pronuntiant
630 3360 767 3439 arbitri;
797 3384 836 3429 eo
860 3360 948 3452 quod
975 3384 1040 3430 non
1067 3362 1132 3430 sint
1156 3363 1228 3432 veri
1246 3361 1374 3455 judices
1401 3392 1410 3432 ε

268 3474 308 3540 de
337 3494 402 3563 quo
434 3468 507 3537 vide
542 3468 833 3557 Schmnlagrneber
861 3468 908 3558 (in
937 3469 986 3537 tit.
1019 3472 1074 3558 27,
1106 3469 1183 3538 libri
1214 3474 1234 3538 2
1264 3471 1412 3556 Deerat,

268 3604 302 3649 n.
320 3580 387 3669 22),

314 3684 478 3754 Dividitur
487 3683 655 3750 definitiva
670 3682 830 3750 sententia
851 3683 885 3749 in
905 3681 1144 3751 absolutorium
1164 3691 1196 3751 et
1210 3684 1416 3753 condenna-

273 3794 406 3863 loriam.

317 3901 461 3982 ansno
476 3900 520 3963 2⁸.
538 3934 582 3946 —
599 3898 790 3977 Quamnam
803 3896 997 3964 sententiam
1008 3899 1096 3988 serre
1104 3898 1208 3989 possit
1221 3912 1283 3967 aat
1299 3898 1418 3969 debeat

268 4007 390 4100 judea,
416 4002 547 4095 quando
566 4001 837 4092 probabilitatem
861 4015 1003 4083 lasarum,
1024 4027 1090 4072 aaa
1114 4017 1228 4073 autem
1242 4007 1418 4077 certitudi-

275 4137 351 4183 aem
367 4136 407 4180 aa
418 4130 568 4202 processu
583 4108 734 4199 rollepit?
748 4146 794 4163 —
808 4108 1085 4197 Distinguendum
1103 4112 1188 4180 inter
1203 4136 1317 4183 causas
1329 4116 1421 4183 civi„

275 4223 321 4291 les
335 4229 366 4289 et
377 4215 572 4287 criminales.
