3050 4984
266 532 326 597 348
634 552 810 598 catenarus
832 552 871 599 na
892 551 1025 597 runicus.

264 778 346 847 Nam
376 779 415 865 si,
443 778 610 847 deliciante
632 777 773 871 juridica
796 780 912 870 patrati
934 802 955 847 a
977 800 1031 847 reo
1058 776 1168 846 delicti
1195 776 1402 869 probatione,
1509 867 1510 880 ἵ

262 884 367 976 judici
379 886 474 955 liceat
492 886 602 977 ipsum
620 884 849 973 condemnare,
869 908 962 953 suam
979 883 1143 977 propriam
1163 883 1405 952 convictionem

264 1002 295 1060 et
312 992 476 1061 scientiam
501 992 681 1082 allegando,
711 992 827 1061 nullibi
852 992 886 1059 in
911 991 1034 1060 mundo
1056 991 1241 1059 innocentia
1267 990 1302 1057 in
1328 997 1404 1058 tuto
1509 997 1510 1046 ἰ

263 1099 334 1167 erit.
353 1100 475 1168 Poterit
488 1100 574 1169 enim
591 1099 726 1191 quilibet
741 1099 873 1191 iniquus
886 1098 1001 1190 judex,
1012 1097 1188 1189 quemlibet
1202 1097 1404 1187 opprimere,
1509 1159 1510 1164 ,

265 1204 325 1273 sub
338 1206 397 1275 hoc
411 1206 496 1274 facili
512 1215 685 1298 praetextu,
705 1206 807 1298 quod,
829 1206 903 1274 licet
918 1205 1070 1274 deficient
1088 1204 1160 1272 aliae
1181 1203 1405 1295 probationes,

265 1312 333 1403 ipse
348 1322 455 1381 tamen
474 1336 567 1382 reum
584 1322 708 1382 sontem
729 1336 797 1381 esse
812 1313 902 1381 sciat.
920 1312 986 1381 Nec
1005 1311 1134 1380 dicatur
1153 1310 1405 1402 precavendam

265 1418 395 1511 quidem
412 1420 511 1489 luisse
529 1420 613 1489 banc
629 1420 762 1513 justitia
776 1420 1021 1490 subversionem
1042 1419 1077 1487 in
1097 1417 1316 1486 tribunalibus
1333 1441 1406 1485 sea-

264 1526 440 1613 cularibus,
467 1527 499 1595 in
524 1526 742 1595 ecclesiasticis
764 1550 843 1597 vero
864 1550 931 1595 non
960 1526 1040 1595 adeo
1069 1548 1138 1595 esse
1159 1523 1368 1594 metuendam
1394 1552 1404 1591 ι

264 1655 341 1699 nam
367 1640 399 1701 et
423 1633 486 1723 ipsi
506 1633 709 1702 ecclesiastici
727 1633 865 1726 judices,
891 1643 1000 1726 utpote
1020 1634 1184 1718 lallibiles‚
1211 1638 1348 1723 possunt
1369 1630 1407 1698 iu

265 1745 486 1806 transversum
513 1739 582 1830 agi5
599 1740 796 1831 praesertim,
819 1762 906 1827 cum,
929 1750 966 1809 ut
982 1740 1050 1831 jam
1069 1736 1311 1823 adnotavimus,
1336 1759 1407 1803 non

264 1844 327 1935 ipsi
341 1867 398 1935 per
413 1845 534 1936 seipsos
554 1847 717 1938 Episcopi,
735 1846 790 1915 sed
812 1870 926 1917 eorum
943 1848 1069 1932 vicarii,
1084 1844 1268 1915 criminales
1288 1866 1407 1911 causas

264 1950 417 2041 expedire
438 1952 571 2022 soleant.
592 1954 698 2040 Quod,
716 1955 743 2022 si
756 1954 855 2047 justae
876 1978 1005 2046 semper
1018 1954 1157 2046 supponi
1172 1952 1309 2021 debeant
1324 1974 1407 2020 seu-

265 2058 373 2127 tentiae
395 2060 628 2148 ecclesiasticae,
651 2085 721 2147 cur,
739 2086 864 2154 quaeso,
884 2063 988 2131 voluit
1006 2062 1148 2131 Ecclesia
1163 2071 1271 2154 patere
1286 2060 1408 2152 appel-
1509 2071 1510 2076 ’

265 2166 401 2234 lationes
422 2174 518 2260 atque
544 2174 715 2238 recursus‘l
738 2170 818 2252 Quis
841 2178 1000 2263 praterea
1027 2193 1093 2238 non
1116 2168 1217 2254 videt,
1246 2166 1410 2236 cumbae

266 2273 335 2365 ipsa
360 2273 486 2365 privata
512 2276 712 2345 convictione
736 2300 793 2344 seu
820 2277 965 2362 seientia,
993 2298 1067 2367 quae
1086 2282 1230 2344 amente
1253 2274 1408 2366 Episcopi

267 2402 396 2450 omnem
426 2384 559 2475 expellit
582 2383 828 2471 dubitationem,
859 2406 951 2475 posse
984 2406 1060 2452 eum
1083 2381 1200 2473 decipi,
1226 2390 1257 2449 et
1279 2388 1407 2448 sontem

267 2498 416 2580 reputare
438 2513 512 2559 eum
533 2492 588 2583 qui
611 2513 726 2559 revera
752 2492 907 2561 innocens
933 2494 1001 2559 estl
1027 2490 1162 2558 Frustra
1186 2489 1262 2557 item
1287 2487 1408 2578 objice-

267 2603 357 2663 retur
382 2598 484 2665 multa
506 2607 537 2663 et
559 2606 646 2666 certa
669 2598 862 2667 clericorum
885 2598 998 2667 delicta
1020 2597 1181 2690 impunita
1201 2617 1406 2681 remansura,

268 2703 332 2769 nisi
356 2705 456 2795 possit
482 2705 671 2797 Episcopus,
700 2705 925 2774 deficientibus
952 2705 1048 2775 etiam
1069 2703 1219 2796 juridicis
1241 2702 1408 2793 probatio-

268 2807 376 2897 nibus,
401 2834 438 2879 ea
463 2834 634 2881 coercere:
658 2813 891 2905 respondemus
909 2814 1010 2899 enim,
1032 2811 1066 2880 id
1090 2835 1110 2879 a
1130 2811 1215 2879 bono
1241 2811 1410 2879 communi

268 2917 369 3005 exigi,
391 2926 428 2986 ut
444 2919 600 2989 nonnulla
615 2920 722 3011 potius
745 2930 852 2989 errata
866 2921 1027 3012 impunita
1041 2926 1239 3006 remaneant,
1256 2940 1356 3009 quam
1373 2926 1410 2986 ut

271 3032 335 3094 tota
347 3025 544 3116 judiciorum
560 3028 728 3118 integritas
742 3029 952 3120 periclitetur.

314 3134 347 3237 2⁰
364 3131 452 3200 Idem
467 3155 565 3224 porro
578 3134 840 3203 concludendum
854 3132 961 3226 quoad
982 3130 1272 3223 extra-judiciales,
1290 3152 1348 3199 seu
1367 3153 1410 3198 ex

269 3238 444 3308 informata
454 3241 659 3327 conscientia,
671 3242 854 3309 sententias.
869 3242 952 3309 Nam
968 3249 1045 3309 tuuc
1056 3238 1189 3333 quidem
1201 3259 1266 3305 non
1281 3245 1412 3306 tenetur
1509 3327 1510 3330 Ἴ

268 3346 369 3438 judex
390 3370 457 3416 sese
480 3346 621 3439 dirigere
642 3348 945 3438 exprobationibus
965 3348 998 3415 iu
1019 3370 1171 3440 processu
1191 3344 1231 3413 de
1252 3344 1337 3412 facto
1352 3344 1410 3412 de-

270 3453 388 3541 ductis,
404 3456 564 3547 siquidem
587 3456 687 3524 nullae
703 3456 922 3543 deducuntur,
945 3454 1024 3523 dum
1040 3454 1227 3548 proceditur
1244 3454 1411 3544 extra-ju-

271 3560 456 3629 dicialiter:
484 3563 540 3631 scd
563 3562 781 3654 probationes,
803 3562 1047 3654 suspensionem
1074 3561 1342 3647 determinantes,
1363 3583 1409 3628 eae

269 3692 338 3737 esse
353 3668 471 3737 debent
493 3693 582 3761 quae,
597 3670 673 3737 siin
687 3669 810 3761 judicio
823 3669 1071 3755 deducerentur,
1089 3669 1155 3736 vim
1175 3667 1315 3759 juridice
1329 3688 1410 3758 pro-

269 3776 367 3846 bandi
394 3777 566 3864 haberent;
586 3785 617 3844 et
636 3799 841 3869 nequaquam
864 3785 966 3867 potest
990 3775 1169 3867 Episcopus
1188 3773 1410 3865 suspensionis

269 3906 397 3975 poenam
423 3884 634 3977 pronuntiare
652 3883 694 3951 ob
714 3906 767 3950 eas
790 3883 942 3969 rationes,
964 3905 1039 3975 quae
1059 3880 1166 3974 quoad
1184 3880 1292 3971 ipsum
1313 3879 1410 3947 dum·
1509 3893 1510 3896 ’

270 3999 358 4059 taxat
383 3991 533 4083 probant,
560 3990 593 4057 in
615 3989 687 4058 aliis
704 4000 813 4058 autem
832 3988 1063 4074 tribunalibus,
1087 3990 1115 4056 si
1138 3996 1407 4079 proponerentur,

271 4120 335 4166 non
355 4098 539 4190 probarent.
559 4097 653 4179 Quod
674 4096 797 4189 pariter
818 4120 858 4165 ex
878 4098 953 4188 jure
974 4096 1114 4164 naturali
1133 4094 1225 4163 facile
1241 4091 1410 4161 concludi-

270 4208 325 4272 tur
342 4232 349 4272 :
366 4228 441 4273 nam
458 4228 550 4275 secus
572 4213 679 4296 posset
696 4202 832 4296 quilibet
852 4204 986 4296 iniquus
998 4202 1114 4293 judex,
1130 4199 1410 4292 extra-judiciali·
1509 4267 1510 4272 ,

272 4318 319 4379 ter
342 4310 558 4403 procedendo,
580 4311 740 4406 quoslibet
763 4312 950 4382 innocentes
970 4311 1169 4403 opprimere;
1187 4332 1262 4378 cum
1283 4330 1412 4401 semper
