3050 4984
313 474 373 538 tac
683 483 860 530 suscianus
882 484 920 528 nu
942 479 1075 528 sumens.

351 613 466 681 Postea
479 609 570 680 citari
595 607 689 678 debet
712 628 789 676 rens
811 606 947 697 ejusque
961 611 1119 696 patronus
1137 597 1386 672 adsidendum
1407 595 1460 688 ju·

307 727 455 790 ramenta
469 737 633 788 novorum
648 714 795 801 testium,
808 722 840 784 et
853 710 1051 782 audiendam
1063 731 1181 780 eorum
1190 706 1436 800 depositionem
1451 730 1460 770 t

307 837 339 897 et
351 827 448 899 datur
461 825 585 896 eisdem
601 823 702 916 hujus
716 821 880 897 examinis
894 820 999 912 copia,
1017 826 1056 888 ut
1075 817 1278 887 defensiones
1299 837 1385 883 suas
1399 836 1461 906 pn-

306 957 379 1005 rare
401 933 536 1028 possint.
554 933 635 1014 Quas
656 929 768 1000 omnia
781 927 865 998 finnt
889 925 1042 997 formulis
1063 925 1135 1016 jam
1161 922 1301 1005 traditis,
1319 921 1462 990 mutatis

310 1041 485 1116 mutandis.

351 1153 433 1219 Item
448 1171 508 1242 pro
533 1155 624 1240 parte
639 1147 687 1216 rei
701 1143 893 1238 praesentari
907 1147 1043 1236 possunt
1058 1162 1154 1210 novae
1171 1138 1409 1223 detensiones;
1430 1137 1463 1204 in

306 1281 372 1352 quo
387 1255 578 1348 exequendo
589 1253 737 1323 adhiberi
752 1252 869 1345 poterit
884 1272 1022 1342 sequens
1035 1256 1092 1317 ant
1106 1247 1225 1315 similis
1236 1243 1404 1315 formula.

358 1392 482 1459 «Anno
549 1410 655 1457 mnne
728 1386 845 1467 die...‚
862 1406 974 1453 corum
989 1381 1162 1452 reverendo
1177 1382 1234 1463 Ν.,
1256 1379 1398 1447 uicaria
1412 1401 1464 1470 pe·

309 1499 426 1580 ueroli,
446 1496 633 1588 comparuit
647 1494 800 1565 domiuus
810 1496 846 1565 N
846 1545 869 1574 .,
883 1491 1011 1560 domiai
1024 1494 1060 1562 N
1061 1543 1083 1572 .,
1092 1489 1248 1583 pratensi
1262 1488 1321 1569 rei,
1338 1502 1464 1580 patro

308 1631 380 1689 nun,
406 1619 437 1674 et
457 1604 669 1696 presentavit
695 1625 796 1670 nouas
824 1600 1036 1692 defensiones,
1064 1620 1139 1688 quse
1162 1594 1328 1686 incipiunt
1436 1608 1465 1663 et

310 1715 460 1784 desinunt
548 1723 578 1780 et
598 1709 761 1778 iubentur
783 1709 873 1799 infra
896 1709 982 1776 inter
1004 1717 1091 1786 acto,
1115 1705 1253 1795 siquotae
1273 1725 1462 1772 numero...

311 1821 497 1892 Postulavit
511 1831 625 1888 uectem
649 1817 753 1886 dictus
772 1817 922 1884 dominus
937 1819 996 1895 N..
1014 1827 1053 1883 ut
1067 1835 1165 1904 super
1179 1812 1270 1880 nouis
1284 1834 1308 1879 a
1329 1835 1372 1879 se
1385 1836 1466 1905 pro-

311 1931 420 2001 ductis
435 1928 567 1997 testibus
581 1939 612 1994 et
633 1925 834 1995 documentis
856 1947 995 1992 ecomeu
1019 1922 1227 1990 instituatur.
1249 1922 1343 2003 Quos
1361 1943 1465 1988 nouus

314 2037 509 2128 deseruioues
527 2034 691 2126 praefatus
715 2030 910 2100 reverendus
947 2029 1093 2098 Vicorius
1119 2026 1279 2118 pectoralis
1306 2026 1336 2093 si
1367 2041 1404 2095 et
1434 2029 1466 2094 in

314 2155 477 2236 quantum
497 2152 678 2230 acceptans,
695 2139 799 2230 jussit
816 2137 902 2205 iuter
924 2148 1000 2204 octe
1016 2134 1141 2226 reponi,
1170 2132 1260 2225 quod
1272 2145 1305 2200 et
1316 2135 1413 2225 seci;
1439 2146 1466 2201 et

313 2251 452 2321 decreuit
463 2271 561 2341 stipor
576 2245 690 2315 iisdem
701 2257 803 2337 prout
817 2244 856 2313 de
865 2245 945 2336 jure
959 2265 1097 2311 acumen
1112 2240 1295 2309 instituere.
1314 2243 1359 2308 In
1383 2266 1467 2334 qno-

312 2381 388 2426 rum
401 2356 513 2448 fidem.
527 2393 572 2408 -
583 2357 655 2446 Epo
671 2357 729 2436 Ν.,
745 2364 920 2444 patronus,
932 2349 1130 2442 praesentavi
1144 2349 1181 2416 u't
1194 2369 1312 2438 supro.
1328 2387 1383 2402 —
1396 2353 1467 2440 Epo

314 2469 370 2547 Ν.,
396 2462 541 2532 Vicorius
555 2461 727 2552 quaerulis.
745 2460 946 2550 -quN,
964 2456 1179 2526 actuarius.»
1511 2445 1513 2453 ’

247 2676 252 2686 ,
355 2603 471 2671 Postea
484 2601 625 2669 citantur
634 2621 709 2669 reus
723 2599 858 2690 ejusque
874 2604 1042 2688 patronus,
1059 2604 1096 2663 ut
1108 2602 1203 2664 testes
1215 2602 1247 2662 et
1261 2592 1468 2664 documenta
1511 2611 1513 2659 ;

314 2711 347 2778 in
364 2731 523 2779 novarum
538 2707 766 2777 defensionum
787 2705 1011 2798 probationem
1030 2701 1223 2795 producant,
1247 2709 1280 2770 et
1299 2701 1468 2794 ejusmodi
1511 2690 1513 2695 ¹

312 2823 406 2887 testes
419 2824 451 2886 et
464 2818 658 2886 documenta
669 2813 809 2906 juridice
822 2812 1065 2882 examinantur.

736 3031 880 3128 aaron
903 3056 1022 3125 xciv.

316 3235 418 3282 FORMA
441 3233 562 3280 cludunt
586 3234 814 3296 mensunusum,
832 3235 871 3278 ET
892 3233 1012 3279 CONTRA
1036 3232 1098 3277 EUM
1122 3231 1323 3293 euocandum,
1339 3231 1467 3286 Quamne

357 3349 455 3396 Junux
482 3351 620 3396 AESTIMAT
651 3351 742 3397 uultu
773 3349 922 3404 TuuQuau
944 3349 1204 3396 cuuuunm‘roauu
1227 3347 1301 3393 ESSE
1323 3350 1466 3397 conus!-

362 3467 500 3514 Nunnius.

360 3606 498 3690 Quando
513 3629 571 3696 per
585 3606 674 3677 viam
694 3606 906 3676 accusationis
931 3607 1128 3698 proceditur,
1150 3605 1343 3696 contingere
1363 3614 1468 3700 potest

315 3725 365 3803 ut,
381 3714 529 3784 absoluto
543 3713 699 3784 offensivo
714 3722 746 3783 et
761 3715 928 3784 detensivo
943 3737 1109 3806 processu,
1124 3713 1230 3805 judici
1253 3723 1468 3806 compertum

315 3823 358 3892 sit
370 3825 577 3892 innocentem
591 3843 660 3890 esse
674 3830 873 3910 accusatum,
888 3829 921 3890 et
936 3829 1157 3892 accusatorem
1171 3844 1213 3890 ex
1229 3821 1361 3891 malitia
1379 3823 1467 3892 litem

316 3931 467 4018 movisse,
482 3937 514 3998 et
528 3951 641 4021 poenas
654 3929 932 4000 calumniatorum
948 3929 1082 4000 mereri.

359 4039 453 4108 Tunc
468 4060 546 4108 vero
561 4044 735 4129 antequam
750 4045 863 4108 contra
877 4046 1097 4108 accinatorem
1117 4039 1277 4108 sententia
1306 4040 1467 4110 condem·
1511 4085 1513 4093 ν

315 4145 440 4215 natoria
454 4146 590 4230 teratur,
614 4144 708 4213 debet
724 4145 829 4234 citari,
845 4147 942 4238 eique
967 4146 1127 4216 terminus
1141 4145 1184 4216 ad
1199 4169 1271 4215 sese
1283 4146 1467 4217 detenden-
1511 4132 1513 4196 3

316 4251 396 4322 dum
431 4252 602 4346 assignari.
640 4251 712 4336 Qua
739 4253 890 4326 citatione
915 4260 1083 4324 accusator
1112 4253 1162 4323 rei
1192 4276 1372 4346 personam
1399 4257 1465 4348 jam
1511 4267 1513 4325 :
