3050 4984
300 471 363 538 olo
673 489 852 536 rnncrnros
875 487 913 534 nn
935 487 1070 535 somene.

836 795 896 864 IV.

300 967 419 1018 Formule
435 965 585 1018 declarandi
601 965 855 1018 excommunicatum
869 963 1002 1016 vicuium
1020 963 1170 1029 generalem
1186 962 1357 1029 mllregenei,
1371 977 1405 1012 ex
1416 977 1443 1011 ec

330 1056 400 1122 qnod
412 1056 612 1122 appellationem
624 1055 656 1106 nb
670 1055 753 1121 ipcim
764 1054 891 1107 sententio
900 1055 1029 1121 micuerit,
1039 1059 1073 1119 et,
1081 1069 1135 1106 non
1146 1055 1266 1106 obmente
1277 1052 1442 1110 inhibitione,

330 1152 453 1202 executus
462 1149 504 1201 sit.

341 1338 609 1408 Praenatandum.
637 1377 681 1392 -
714 1365 731 1404 o
757 1337 881 1408 Vienrii
902 1359 961 1407 seu
979 1335 1141 1406 Officinles
1168 1334 1343 1426 generales
1369 1335 1445 1427 Epi-

301 1473 319 1512 u
341 1469 511 1538 scoporum
525 1445 807 1536 suffraganeorum
822 1445 1001 1531 interdum,
1019 1445 1090 1513 sive
1109 1453 1242 1535 propter
1265 1446 1443 1515 carentium

302 1580 320 1621 a
342 1554 497 1640 scientim,
511 1553 580 1622 sive
591 1561 723 1647 propter
738 1552 955 1622 deficientiam
975 1552 1171 1644 prudentior,
1183 1551 1444 1642 jurisdictionem

302 1689 319 1726 «
341 1660 581 1752 Metropolitani
602 1669 658 1729 nul
673 1661 866 1752 perturbant
880 1669 937 1728 ant
951 1667 1182 1745 contemnunt3
1200 1661 1254 1728 vel
1275 1661 1381 1728 etiam
1396 1681 1444 1750 per

302 1767 452 1838 «sordes
478 1769 512 1836 in
533 1767 639 1837 officio
660 1767 872 1860 delinquunt;
902 1768 990 1837 unde
1016 1767 1303 1858 Archiepiscopus,
1326 1768 1389 1859 qni
1406 1774 1446 1833 est

301 1902 317 1941 o
341 1876 375 1942 in
392 1873 442 1942 his
456 1875 583 1943 casibus
595 1873 697 1966 judex
712 1873 994 1965 suffraganeorum
1009 1885 1045 1944 ut
1060 1897 1176 1945 eorum
1197 1873 1410 1958 officialium,
1424 1875 1446 1938 si

302 2007 319 2048 c
342 1981 529 2072 porrigatur
542 1981 675 2072 querele
690 2003 748 2073 per
763 1993 987 2073 promotorem
1008 1981 1165 2068 fiscalem,
1179 1981 1233 2048 vei
1249 2002 1313 2072 per
1337 1979 1446 2047 subdi-

304 2114 322 2153 a
344 2095 414 2157 tum
433 2087 642 2177 suffraganei,
665 2097 696 2156 et
714 2089 924 2156 verificentur
950 2089 1110 2180 exposito,
1134 2087 1252 2179 poterit
1281 2086 1447 2154 Vicarium

303 2219 321 2261 u
344 2195 543 2283 suffraganei
554 2196 890 2263 excommunicatione
905 2196 1035 2286 punire,
1051 2195 1178 2286 praevie
1192 2193 1446 2263 declaraturum

300 2301 491 2386 (Monacelli,
509 2311 599 2392 perte
615 2306 647 2388 3,
666 2303 761 2370 tilulo
781 2305 811 2386 i,
828 2310 902 2369 ante
917 2301 1095 2370 formulam
1112 2301 1180 2390 31.)

342 2410 414 2490 Quo
430 2417 622 2500 praenotnto,
638 2409 779 2478 formula
792 2409 979 2477 concinnari
994 2411 1113 2500 poterit
1130 2417 1166 2477 ut
1183 2408 1342 2499 sequitur
1358 2436 1366 2476 :

348 2551 429 2617 Visis
447 2553 525 2615 actis
545 2561 576 2616 et
594 2552 729 2635 juribus
750 2572 862 2617 coram
887 2553 978 2616 nobis
999 2552 1162 2628 exhibitis,
1182 2571 1223 2615 eac
1240 2553 1366 2634 quiores
1388 2572 1451 2617 eon

299 2667 365 2723 stat
377 2659 416 2724 de
445 2659 616 2742 rejectione
635 2660 873 2743 appellationis,
888 2679 952 2743 per
975 2661 1030 2738 N,
1054 2660 1144 2741 infra
1164 2659 1356 2743 lepitimum
1380 2669 1451 2724 rem-

300 2785 375 2850 pus,
395 2767 441 2831 od
458 2775 605 2830 nostrum
621 2767 768 2831 tribunal
788 2769 996 2849 interpositae,
1021 2787 1042 2830 a
1064 2768 1190 2831 decreto
1209 2767 1279 2848 (seu
1295 2769 1452 2832 sententio

303 2876 372 2938 uim
393 2873 564 2956 definitione
585 2873 731 2956 habente)
751 2878 843 2959 juris
868 2875 982 2940 ordine
1005 2884 1134 2940 seruato
1156 2876 1221 2939 loto
1243 2877 1315 2957 (seu
1339 2876 1453 2957 iata)a

310 2981 435 3047 Vicario
468 2983 615 3066 penercli
647 2983 803 3066 Episcopi
834 2985 867 3047 N
869 3033 890 3063 .,
917 2986 1022 3048 nostri
1046 2985 1262 3066 suifrapanei,
1294 2984 1333 3046 in
1361 3000 1454 3047 carso

304 3097 446 3153 uertente
464 3093 548 3154 inter
567 3091 674 3172 ipsum
698 3091 927 3176 appellantem,
949 3099 980 3154 et
999 3091 1042 3154 N.
1060 3110 1101 3154 eu
1119 3092 1225 3154 altera
1232 3099 1337 3173 parte
1359 3109 1372 3154 .·
1391 3093 1454 3152 cisa

306 3198 490 3262 executione
508 3197 663 3280 judicati,
681 3199 907 3263 nonobstante
930 3198 1118 3262 inln'litione
1139 3199 1241 3261 nostri
1264 3197 1453 3261 tenimentis:

309 3324 348 3368 ac
369 3306 543 3369 monitione
561 3324 635 3370 cum
653 3308 843 3390 praefixione
857 3308 991 3370 termini
1009 3307 1057 3370 ad
1069 3303 1330 3389 comparendum
1342 3305 1454 3370 etalio

309 3413 468 3494 pandum,
500 3422 571 3491 etc,
598 3413 656 3478 sub
686 3433 785 3497 poena
817 3414 1159 3479 excommunicationis
1194 3420 1310 3477 contra
1337 3413 1454 3478 dictum

309 3521 470 3584 uicarium
496 3529 645 3596 eneruem·
673 3530 705 3586 et
728 3530 852 3585 attenta
878 3521 965 3586 illius
993 3522 1233 3586 contumacia:
1260 3521 1407 3585 dicimus
1431 3529 1456 3582 et

312 3628 515 3692 declaramus
536 3629 658 3693 dictum
687 3629 850 3696 Vicorium
869 3631 1055 3712 pecoralem
1079 3630 1122 3699 N.
1142 3631 1177 3692 in
1200 3628 1302 3710 officio
1323 3639 1357 3692 et
1376 3647 1455 3693 crer-

311 3735 386 3799 cilio
413 3733 653 3818 jurisdictionis
679 3738 826 3819 praviter
851 3736 1033 3820 deliquisse,
1057 3745 1088 3800 el
1107 3736 1381 3819 jurisdictionem
1408 3755 1455 3798 ar·

314 3842 578 3927 citiepiscopalem
608 3850 640 3906 et
665 3845 950 3926 metropolitanam
979 3846 1114 3920 lesisse·
1142 3853 1174 3908 et
1193 3852 1372 3929 propterca
1400 3860 1454 3907 esse

313 3950 660 4016 excommunicandum
667 3968 680 4031 ;
711 3961 812 4033 prout
845 3953 912 4019 Nos
949 3971 1024 4016 enm
1058 3952 1402 4031 excommunicemus,
1431 3959 1455 4011 cl

315 4057 628 4121 eacommune'calum
652 4075 716 4120 esse
736 4057 956 4136 declaramus;
974 4058 1104 4141 publice
1119 4076 1184 4142 per
1206 4058 1396 4140 affixionem
1416 4077 1453 4120 cr·

316 4163 483 4240 dulonum,
507 4171 574 4226 tam
596 4164 630 4227 in
650 4162 710 4228 hae
730 4173 853 4245 nostra,
875 4184 976 4248 quem
1000 4168 1033 4229 in
1054 4168 1184 4230 civitate
1197 4165 1230 4229 N
1233 4214 1253 4244 .,
1275 4166 1456 4230 denwetimi

317 4271 466 4336 uolumus
490 4280 519 4333 et
547 4271 761 4351 mandamus,·
779 4292 853 4337 cum
873 4274 1031 4352 clauicula,
1052 4273 1143 4358 quod
1164 4283 1364 4354 amoventes,
1385 4277 1453 4337 larr-
