3050 4984
306 432 345 500 96
680 453 856 502 rnscrsros
878 455 917 502 sn
939 453 1072 505 tumens.

306 602 324 641 «
346 574 420 643 tulis
437 573 583 644 oriminis
597 574 731 646 infamis
745 575 904 646 laborant.
923 577 980 646 Est
994 579 1176 648 communis
1190 578 1348 650 sententio
1362 579 1444 651 doc-

306 709 322 746 n
346 690 473 768 torum;
492 690 523 750 et
537 681 700 774 colligitur
716 708 757 752 ex
772 684 877 775 onpite
894 685 1043 768 Qualiter
1055 700 1087 755 et
1098 687 1233 779 quondo
1253 688 1318 779 (21,
1340 689 1390 757 tit.
1411 692 1443 775 1,

307 814 324 854 n
346 788 427 856 libri
450 789 637 881 succus).
660 791 756 860 Ratio
775 800 835 873 est,
856 791 933 883 quia
952 793 985 860 id
1008 792 1049 862 de
1071 817 1137 885 quo
1158 795 1249 863 nullu
1271 795 1379 864 odhuc
1396 805 1446 864 est

301 923 319 964 u
344 896 442 983 famo,
459 905 606 965 censetur
626 896 802 983 occultum,
820 896 899 966 dnm
915 898 968 967 via
988 899 1207 990 inquisitionis
1227 901 1443 992 proceditur:

305 1031 323 1072 n
345 1004 435 1095 atqui
447 1002 567 1094 judicis
586 1010 725 1095 potestus
744 1026 810 1072 non
832 1027 866 1072 se
886 1004 1032 1073 extendit
1050 1005 1092 1074 ud
1111 1006 1268 1074 eliciendo
1286 1008 1413 1076 occultu
1434 1038 1442 1078 ε

303 1139 318 1178 n
341 1111 483 1180 monimo
494 1109 582 1180 enim
595 1111 671 1179 inde
687 1109 894 1180 incommodo
908 1111 943 1179 in
957 1113 1125 1203 republica
1139 1123 1364 1204 sequerentur.
1380 1115 1446 1183 ltn-

305 1246 321 1286 n
342 1243 405 1311 que
420 1219 547 1288 etiamsi
563 1218 624 1287 sub
637 1218 837 1308 juramento,
852 1219 903 1288 vel
916 1221 977 1288 sub
991 1242 1088 1311 pmns
1099 1222 1446 1292 excommunicationis

306 1356 322 1394 n
345 1328 512 1422 praecipiet
537 1334 574 1395 ut
593 1325 681 1394 dicus
704 1327 874 1395 veritatem
896 1327 936 1396 de
956 1349 994 1396 eo
1014 1327 1103 1419 quod
1123 1331 1221 1412 nosti,
1243 1338 1352 1398 tomen
1377 1353 1446 1398 non

305 1463 322 1502 n
346 1435 481 1520 toneris;
498 1432 554 1501 sed
568 1441 659 1524 potes
677 1456 752 1502 cnm
771 1434 972 1504 restrictione
986 1435 1117 1502 mentali
1136 1435 1254 1521 dicere,
1270 1445 1301 1504 te
1320 1437 1446 1505 nescire

305 1571 322 1611 n
345 1542 524 1636 quidquem
544 1538 780 1630 :intelligendo
799 1540 905 1627 tueite,
921 1550 952 1610 te
971 1543 1093 1610 nescire
1112 1564 1151 1611 eo
1171 1542 1267 1612 modo
1283 1551 1321 1611 nt
1333 1552 1445 1614 tenes-

305 1677 322 1717 n
345 1651 390 1717 ris
403 1648 594 1740 patefecere.
611 1673 629 1712 u

344 1755 488 1837 Qussrro
513 1758 559 1822 l².
585 1791 630 1806 -
652 1755 701 1823 An
723 1755 885 1846 superiori
904 1756 1089 1846 penerulem
1115 1755 1356 1848 inquisitionem
1376 1781 1446 1849 pa-

300 1878 388 1933 terne
410 1861 606 1942 instituenti,
625 1861 753 1953 possint
777 1860 900 1930 sudditi
920 1863 1131 1954 manifestare
1155 1863 1272 1932 delt'oto
1296 1866 1448 1933 occulto?

299 2010 344 2024 —
353 1967 629 2061 Respondendnm
639 1969 852 2055 affirmative5
866 1970 943 2061 qnia
955 1971 1169 2039 manifestatio
1180 1972 1252 2039 haec
1263 1994 1329 2040 nou
1340 1973 1447 2041 tendit

300 2079 342 2147 sd
364 2077 539 2146 vindictum
554 2076 729 2167 publicum,
755 2075 811 2144 sed
827 2077 868 2144 od
884 2077 986 2146 solam
1004 2078 1221 2171 delinquentis
1240 2080 1447 2151 emendatio-

300 2209 375 2254 nem
390 2195 420 2253 et
436 2192 602 2275 paternam
619 2183 862 2252 correctionem.

345 2293 488 2376 Onnsrro
503 2297 548 2360 5².
560 2330 604 2344 -
613 2293 664 2360 An
672 2291 835 2383 superiori
844 2293 1028 2381 penerulem
1038 2295 1281 2386 inpositionem
1286 2295 1447 2387 judicio-

301 2404 376 2472 liter
394 2400 586 2483 instituenti,
608 2399 695 2467 licite
710 2398 837 2490 possint
858 2397 983 2467 sudditi
1003 2403 1129 2470 occultu
1148 2401 1266 2471 delicto
1287 2404 1446 2495 monifes-

299 2513 393 2578 ture?
407 2545 452 2560 -
464 2505 657 2599 Respondeo
675 2533 682 2573 ι
700 2505 753 2574 vel
772 2505 834 2572 isto
849 2505 964 2574 delicta
980 2507 1150 2598 injudicio
1163 2510 1295 2602 probari
1308 2524 1448 2604 possunt

301 2616 353 2686 vel
367 2638 457 2685 non:

346 2727 376 2790 1ο
396 2748 413 2788 u
429 2720 566 2805 Quando
585 2721 710 2789 crimen
730 2722 821 2791 nullo
837 2722 934 2793 modo
950 2723 1079 2815 probari
1095 2731 1211 2816 potest,
1233 2735 1343 2816 operte
1365 2749 1446 2795 eon-

304 2857 319 2896 n
344 2838 394 2898 tre
408 2829 567 2921 justitium
588 2849 698 2918 pecces
718 2827 745 2894 si
763 2828 845 2896 illud
864 2831 1008 2921 operins3
1031 2829 1252 2922 quianullum
1270 2831 1326 2922 jus
1343 2832 1446 2900 hahes
1504 2866 1505 2869 ¹

303 2965 320 3000 u
343 2937 432 3005 illius
448 2934 673 3028 patefaciendi.
688 2934 772 3003 Cum
787 2937 877 3003 enim
893 2959 959 3005 non
978 2937 1079 3028 possit
1093 2937 1236 3029 probari,
1257 2961 1324 3007 non
1340 2948 1446 3030 potest

302 3071 319 3109 ι(
342 3067 472 3135 qnoque
498 3041 609 3134 puniri
616 3068 625 3128 ;
653 3064 690 3110 ao
714 3043 850 3133 proinde
877 3066 943 3112 nou
966 3050 1070 3135 potest
1092 3067 1133 3113 ex
1157 3043 1228 3135 ejus
1248 3046 1446 3114 revelatione

303 3179 320 3216 ι(
342 3150 430 3220 alind
447 3151 539 3240 sequi
553 3171 652 3240 quam
668 3149 814 3217 infamia.
832 3176 849 3214 n

346 3283 363 3323 u
387 3257 508 3347 Excipe
522 3263 629 3323 tamen
646 3253 727 3322 duos
745 3279 839 3325 ossus
854 3256 974 3348 quibus
988 3266 1092 3348 potest
1109 3258 1269 3350 superiori
1283 3260 1443 3350 patefieri,

303 3391 320 3430 n
343 3363 404 3432 etsi
422 3363 555 3431 omnino
577 3361 737 3430 occultum
757 3364 809 3430 sit.
833 3363 930 3431 Prior
948 3371 996 3431 est
1016 3364 1147 3455 quondo
1167 3365 1199 3432 id
1221 3374 1356 3456 putatur
1374 3391 1446 3435 esse

302 3497 319 3534 n
344 3471 559 3540 necessarium
580 3468 621 3537 ad
641 3469 745 3558 ipsius
766 3469 1024 3538 emendationem
1052 3497 1060 3538 ε
1084 3480 1162 3538 tunc
1183 3473 1269 3538 enim
1292 3474 1447 3563 operien—

303 3605 319 3644 n
344 3578 422 3646 dnm
439 3575 610 3666 superiori,
628 3597 692 3642 non
707 3583 744 3643 nt
756 3575 871 3666 judici,
891 3576 947 3643 sed
963 3589 1001 3643 ut
1008 3577 1116 3667 putri,
1140 3587 1176 3645 ut
1189 3601 1249 3646 suo
1267 3579 1447 3671 prudentio

303 3715 319 3748 n
344 3696 375 3752 et
390 3685 578 3752 auctoritate
598 3683 682 3750 illud
701 3683 863 3751 emendet.
886 3683 979 3751 Alter
996 3691 1044 3751 est
1065 3686 1144 3752 dum
1163 3685 1296 3777 aliquod
1319 3689 1445 3756 melum

303 3820 320 3857 n
343 3790 508 3882 spirituale
528 3789 580 3856 vel
597 3788 771 3880 temporale
786 3789 952 3881 impendet
968 3790 1010 3858 ab
1025 3791 1148 3882 aliquo,
1165 3790 1253 3883 quod
1273 3795 1446 3862 commodo

302 3927 319 3966 n
342 3898 446 3966 averti
462 3918 527 3966 non
542 3903 646 3986 potest
661 3896 724 3963 nisi
736 3896 916 3987 superioris
930 3918 1038 3989 opera.
1057 3925 1073 3962 u
1094 3898 1249 3988 (hessius,
1266 3898 1307 3968 de
1320 3903 1400 3970 lure
1414 3917 1447 3970 ct

297 4005 519 4088 lacticiniis.
538 4008 570 4090 2,
586 4027 614 4072 o.
633 4007 688 4088 29,
703 4027 735 4070 n.
755 4006 843 4095 112.)

343 4119 375 4182 2ο
393 4111 480 4195 Quid
496 4134 574 4179 vero
590 4111 617 4178 si
631 4110 785 4178 delictum
808 4112 969 4180 occultum
985 4113 1019 4180 in
1033 4112 1156 4204 judicio
1176 4114 1309 4205 probari
1321 4116 1447 4208 possit?

303 4245 320 4290 n
341 4219 455 4290 Videri
471 4219 573 4311 possit
592 4217 690 4286 alicui
715 4217 829 4287 saltem
844 4220 976 4310 quondo
994 4220 1117 4288 crimen
1138 4221 1269 4312 probari
1285 4232 1388 4316 potest
1409 4225 1446 4294 iu
