3050 4984
538 566 611 613 rsas
634 566 780 613 sncunnr.
1161 544 1218 610 itt
1335 614 1338 618 ,

82 704 251 753 sacrarum
267 687 555 775 congregationum
570 687 760 755 anctoritate
777 690 989 772 confirmare3
1010 708 1086 754 cnm
1109 685 1226 753 nullibi

81 791 298 883 questionem
313 815 483 861 excussam
497 795 685 886 repererim.
704 793 781 879 Sed,
799 802 895 885 prout
916 800 1012 861 antea
1028 792 1153 878 monui,
1172 814 1231 862 neo

83 897 180 983 milri,
197 900 316 969 multos
337 900 411 970 licet
433 910 581 971 auctores
596 900 812 993 pervolventi,
828 899 1008 992 quidquam
1035 902 1177 969 occurrit
1195 902 1229 969 in

83 1005 297 1075 contrarium.
310 1007 474 1077 Ceterum
490 1030 565 1077 cum
581 1030 632 1077 me
648 1007 739 1076 facile
754 1006 852 1075 latere
869 1006 1032 1097 potuerint
1048 1015 1231 1097 opportuna

84 1110 292 1201 documenta,
310 1124 342 1182 et
361 1136 412 1184 me
432 1114 528 1183 valde
550 1114 681 1183 aliunde
703 1127 831 1183 moveat
850 1114 985 1205 prelata
1005 1113 1230 1182 Romanorum
1259 1182 1262 1185 ,

85 1220 328 1289 canonistarum
339 1222 501 1293 contraria
509 1223 686 1313 persuasio,
704 1230 741 1291 ut
755 1221 931 1312 probabilis
946 1219 1116 1289 dumtaxat
1131 1220 1230 1288 vellm

85 1348 105 1393 a
118 1348 173 1393 me
186 1337 393 1418 propugnata
406 1329 506 1397 thesis
521 1328 688 1397 habeatur.

134 1432 277 1524 Odjicies
304 1439 333 1502 1.
360 1435 563 1504 llecisionem
586 1435 694 1505 Sacree
723 1435 994 1525 congregationis
1019 1434 1172 1522 Consilii,
1197 1436 1231 1503 in

85 1563 183 1609 cansa
205 1551 324 1611 sanctas
347 1542 485 1631 Agathe
507 1542 702 1627 Gothorum,
721 1539 768 1611 '26
796 1543 953 1611 februarii
981 1545 1063 1609 test
1081 1569 1089 1610 ι
1108 1543 1232 1633 Nempe

86 1647 268 1740 Episcopus
296 1658 415 1717 sanctis
452 1650 590 1739 Agathe
624 1649 807 1719 Gothorum
846 1648 1174 1740 Archipresbyterum
1200 1658 1233 1717 et

87 1764 237 1823 curatum
260 1756 517 1841 d’Ambrosinm,
539 1756 662 1848 judicio
684 1779 726 1824 er
745 1756 921 1825 informata
941 1756 1137 1824 conscientia
1157 1777 1230 1825 sus-

87 1860 202 1952 pendit
222 1886 241 1930 a
265 1863 424 1953 dignitate
449 1862 765 1955 archipresbyterali,
795 1864 979 1932 animarum
1006 1885 1098 1947 cura,
1126 1871 1157 1929 et
1179 1886 1231 1929 sa-

87 1991 219 2038 crorum
245 1970 397 2041 ordinum
420 1971 590 2051 exercitio;
616 1971 714 2062 idque
738 1970 860 2061 absque
881 1970 949 2038 ulla
968 1970 1137 2061 temporis,
1165 1992 1231 2062 quo

87 2076 210 2145 durare
245 2077 377 2145 deberet
413 2079 582 2169 suspensio
619 2078 701 2163 hec,
733 2076 1015 2146 determinatione.
1050 2076 1163 2145 Deleta
1188 2076 1231 2145 ad

89 2182 223 2253 Sacram
250 2184 386 2253 Consilii
411 2185 705 2275 congregationem
731 2184 800 2271 lite,
825 2183 1070 2275 suspensionem
1099 2184 1231 2273 irregu-

86 2289 192 2359 larem
217 2290 316 2359 luissa
338 2292 477 2384 probare
502 2292 639 2361 tentavit
664 2291 894 2361 d'Ambrosius
923 2289 1050 2358 duabus
1069 2290 1231 2381 praecipue

89 2398 296 2467 rationibus:
318 2403 349 2467 1⁰
370 2400 458 2491 quod
482 2400 667 2468 facultatem
686 2422 728 2466 ex
748 2399 924 2467 informata
942 2397 1138 2465 conscientie
1157 2420 1231 2465 sns-

88 2503 255 2593 pendendi
269 2527 335 2573 non
351 2504 467 2575 habeat
485 2506 676 2597 Episcopus,
699 2504 762 2572 nisi
786 2503 918 2597 quando
940 2502 1093 2572 delictum
1111 2515 1158 2571 eet
1177 2525 1231 2570 oc-

88 2610 239 2693 cultam,·
252 2634 328 2704 que
344 2612 485 2681 conditio
499 2615 609 2680 deerat
622 2612 656 2679 in
671 2610 798 2679 delictis
815 2609 876 2702 ipsi
898 2608 1045 2701 objectis,
1060 2616 1170 2700 utpote
1191 2609 1232 2677 de

89 2715 211 2805 quibus
224 2718 292 2809 jam
309 2718 395 2786 fama
408 2720 443 2786 in
458 2720 590 2808 regione
613 2718 746 2809 vulgata
766 2719 882 2787 tuerat.
901 2721 935 2785 2⁰
949 2716 1043 2798 Quod
1064 2716 1233 2807 suspensio

89 2824 132 2891 ed
161 2832 289 2916 tempus
316 2825 614 2912 indeterminatum,
638 2826 768 2918 qualem
793 2826 912 2894 tulerat
935 2847 1015 2892 suus
1041 2824 1231 2915 Episcopus,

91 2954 158 3002 non
181 2932 223 2999 sit
241 2954 350 3024 poena,
377 2933 432 3001 sed
455 2955 610 3021 censura;
636 2956 783 3001 censuras
806 2954 904 3023 porro
927 2932 1045 2999 trinam
1067 2930 1236 3020 requirant

91 3039 318 3108 monitionem.
351 3040 439 3109 Vicit
467 3048 576 3107 autem
606 3039 833 3107 d'Ambrosins
859 3064 867 3105 ε
893 3035 935 3104 ad
964 3034 1102 3104 dubium
1130 3035 1232 3120 euim,

91 3168 136 3213 an
154 3158 273 3214 corntet
291 3145 331 3215 de
352 3146 524 3215 validitate
544 3145 760 3235 respersionis
779 3145 814 3213 in
832 3167 921 3225 cant,
942 3164 1138 3233 responsum
1157 3150 1230 3208 est:

90 3252 262 3341 Nepotioe,
278 3252 368 3321 solco
384 3255 467 3343 jure
484 3252 647 3343 Episcopo
663 3250 861 3343 procedendi
874 3262 981 3341 prout
1003 3248 1144 3339 dejure.
1162 3248 1235 3330 Qua

91 3358 251 3427 sententia
275 3359 427 3428 videntur
439 3359 695 3428 Eminentissimi
708 3359 821 3427 Patres
839 3359 981 3448 priorem
997 3356 1154 3423 rationem
1173 3378 1233 3447 ap-

91 3464 246 3554 probasse
261 3490 268 3532 :
282 3487 347 3533 non
358 3488 451 3556 posse
460 3466 581 3535 scilicet
592 3458 791 3557 Episcopum
802 3488 845 3533 ex
856 3463 1032 3532 informata
1040 3460 1236 3532 conscientia

92 3572 279 3661 procedere,
297 3572 361 3641 nisi
373 3573 500 3642 crimen
515 3572 556 3640 sit
571 3573 746 3643 occultum.

137 3677 335 3769 respondeo.
365 3677 464 3749 Sacra
491 3679 708 3769 Congregatio
733 3678 768 3747 id
789 3700 894 3745 unum
925 3675 1149 3768 pronuntiavit
1169 3698 1234 3744 nort

92 3797 243 3853 constare
262 3783 302 3853 de
322 3785 493 3853 validitate
515 3784 610 3853 dictae
634 3784 874 3875 suspensionis;
893 3784 949 3852 sed
974 3783 1159 3851 nullatenus
1176 3781 1233 3849 de·

93 3890 230 3959 claravit
254 3914 319 3983 qua
338 3891 379 3960 de
397 3914 493 3961 causa
516 3892 561 3960 ita
578 3891 786 3983 judicaverit.
807 3889 902 3959 Unde
922 3889 1024 3979 gratis
1036 3897 1233 3958 assereretur
1313 3911 1318 3921 ·

93 4018 225 4065 causam
244 3997 341 4088 hujus
358 3998 530 4068 decisionis
548 3998 661 4086 tuisse,
684 3998 774 4089 qnod
793 3996 948 4067 delictum
969 4018 1037 4065 non
1055 3996 1154 4065 fuerit
1176 4018 1233 4064 oc-

95 4101 234 4169 cultum.

145 4206 285 4297 Objicies
307 4214 338 4279 2.
363 4211 437 4281 Non
459 4208 570 4279 deesse
585 4218 732 4278 auctores
746 4210 805 4301 qui
820 4209 1000 4279 sustineant
1021 4206 1174 4296 restringi
1193 4206 1236 4275 ad

97 4314 222 4387 occidte
237 4316 374 4390 cumina
388 4324 576 4413 potestatem
595 4316 810 4416 episcopalem
825 4338 867 4389 eu
881 4315 1055 4385 intormeta
1072 4313 1237 4383 conscien-
