3050 4984
532 491 607 539 rens
629 489 775 538 emunne.
824 505 827 514 .
1161 471 1222 536 ree

83 613 240 703 pennoti,
258 612 447 704 comparuit
459 615 600 681 looimes
612 615 648 683 N
648 665 670 693 .,
686 611 793 680 etue
803 609 925 679 tenelle
939 609 978 680 de
990 609 1156 680 nonnullis
1168 611 1225 680 de-

83 719 168 788 lictis
179 723 315 789 Petrum
328 722 372 791 N.
387 721 613 812 prebyterum
622 717 830 810 judicialiter
839 717 1047 786 denuntiare.
1064 720 1151 788 Cum
1161 742 1226 788 nu,-

81 837 148 894 tem
163 825 356 895 decue-aen
370 826 475 896 dietus
489 826 682 896 detentione
694 824 854 894 eenteoire
868 823 1015 906 enitere,
1034 823 1122 892 idem
1136 847 1225 894 reue·

81 932 203 1002 rendue
222 933 368 1003 Vioorius
378 935 550 1025 quterolis,
566 956 619 1001 me
634 932 803 1000 notorium
814 931 975 1024 juratum
986 932 1115 1006 meant
1125 943 1225 1024 atque

80 1040 119 1107 in
133 1042 321 1110 oetuorium
336 1040 507 1134 deputavit
520 1041 567 1110 od
580 1040 861 1110 denuntiationem
886 1037 1051 1130 ejusmodi
1062 1039 1224 1131 reeipien-

80 1146 173 1217 dom.
191 1149 428 1240 Consequentur
440 1148 547 1217 dietus
561 1151 704 1221 loonnet
717 1149 776 1228 Ν.,
792 1145 959 1214 abeodem
978 1144 1149 1214 reverendo
1170 1145 1224 1216 Vi-

79 1255 170 1322 eorio
186 1255 331 1345 queruli
351 1256 463 1347 inune
478 1254 589 1324 didere
614 1252 695 1346 qnid
709 1252 903 1322 denuntiare
919 1253 1025 1335 uellet,
1041 1252 1180 1320 asseruit
1201 1275 1223 1320 a

79 1363 177 1429 Petro
193 1365 236 1434 N.
255 1363 445 1455 presbytero
457 1375 598 1454 potrota
616 1361 717 1452 finisse
738 1359 905 1452 sequentia
924 1358 1054 1447 delicto,
1073 1381 1188 1450 nempe
1210 1385 1222 1428 .·

81 1472 114 1536 1·
185 1473 219 1537 2⁰
295 1470 338 1560 (et
358 1469 405 1537 ibi
419 1468 645 1538 describantur
660 1467 788 1554 delleta,
809 1466 974 1556 assignato
996 1466 1067 1535 loco
1081 1475 1113 1534 et
1137 1475 1222 1534 tem·

77 1577 182 1666 pore).
202 1578 304 1644 Testes
314 1588 428 1644 nutem
438 1575 485 1645 od
495 1573 706 1668 probandum
717 1573 900 1665 oesiqnooit
915 1573 1002 1642 drea
1014 1573 1167 1664 primunt
1191 1585 1223 1641 et

77 1683 215 1752 tertiwn
236 1682 391 1752 delictum
411 1684 455 1754 N.
472 1696 504 1751 et
516 1686 561 1753 Ν.
581 1709 593 1750 .·
611 1682 698 1752 oiroo
712 1679 891 1750 seonnduen
915 1693 947 1753 et
961 1693 1119 1772 quartum
1130 1680 1173 1750 Ν.
1190 1692 1223 1750 et

77 1793 124 1862 Ν.
136 1790 401 1860 Etonmneooiot
413 1789 560 1872 enitere,
574 1789 708 1880 eiqnum
719 1788 823 1856 ouria
836 1786 1036 1879 opposuitin
1047 1787 1161 1878 fidem.
1177 1825 1221 1840 -

74 1900 154 1988 Epo
167 1901 226 1981 N.,
248 1898 394 1966 Vicnrine
417 1897 588 1988 pennalis.
604 1934 650 1950 -
665 1897 738 1985 qu
751 1898 776 1982 †
790 1894 984 1963 denuntiavi
996 1907 1033 1962 ut
1047 1917 1160 1986 supro.
1176 1933 1221 1948 -··

74 2008 151 2097 Epo
162 2009 207 2077 N.
211 2059 222 2088 ‚
239 2005 418 2076 uiuam.
435 2030 454 2070 e

120 2114 367 2186 Denuntietioni
379 2121 489 2184 autem
503 2134 633 2204 semper
643 2111 801 2204 subjungi
812 2111 907 2180 debet
920 2109 1131 2181 directorium
1136 2135 1220 2204 pro-

74 2220 228 2303 batione,
246 2222 282 2288 in
296 2243 362 2313 quo
387 2241 506 2312 nempe
521 2219 775 2289 denominentur
793 2226 936 2287 testeae
951 2218 1140 2294 indicentur,
1150 2221 1221 2288 ine-

73 2336 243 2397 trumenta
266 2327 308 2396 ad
333 2327 541 2419 probandum
565 2325 692 2395 idonee.
717 2325 866 2417 Proque
889 2324 1061 2395 directorio
1075 2327 1220 2394 ooneeri-

73 2435 183 2505 bendo
198 2434 345 2504 adhibeu
359 2441 464 2526 potent
487 2433 597 2502 torma
611 2433 776 2524 superiori
791 2431 893 2523 capite
908 2433 944 2502 in
959 2431 1103 2502 formula
1117 2431 1218 2502 libelli

72 2543 267 2614 mamurii
280 2541 438 2616 exhibita.

120 2651 162 2720 Et
176 2657 306 2718 notetur
319 2648 483 2740 ejusmodi
503 2647 710 2740 probotioen'e
733 2646 945 2746 directorium
958 2647 1066 2718 omitti
1083 2649 1217 2740 quidem

71 2778 171 2848 pome
191 2755 226 2822 in
242 2754 351 2824 libello
373 2754 590 2841 aaeumtori03
609 2763 642 2821 at
668 2775 875 2848 nequequam
901 2753 936 2821 in
963 2753 1215 2827 denuntiatorio.

69 2863 160 2934 Nam
175 2885 252 2932 enm
267 2870 434 2931 moneatur
449 2860 608 2952 prehendi
621 2862 656 2930 in
668 2861 794 2951 judieio
817 2861 878 2930 eibi
893 2882 978 2930 onus
992 2875 1149 2950 assumat,
1164 2885 1217 2932 sn·

69 2971 119 3039 tis
132 2979 182 3040 eet
196 2979 234 3038 ut
245 2977 423 3043 wnteeteta
436 2968 491 3036 lite
505 2991 565 3035 aun
575 2966 685 3036 media
698 2967 866 3059 producet.
879 2970 1001 3038 Atvare
1009 2969 1218 3041 denuntietur

70 3100 159 3146 onue
172 3075 400 3168 pateiaeiendae
413 3074 558 3144 veritatis
571 3073 674 3165 judiei
688 3074 844 3166 relinquit
860 3100 868 3140 t
885 3073 948 3146 nisi
973 3095 1052 3164 ergo
1063 3075 1095 3144 ei
1110 3077 1217 3146 media

69 3185 115 3253 ad
130 3183 255 3251 eumen
270 3182 565 3255 demonstrandum
581 3180 694 3249 saltem
707 3180 917 3272 probabiliter
932 3179 1048 3250 idonea
1057 3184 1214 3274 porrigat,

68 3290 199 3359 inutilis
213 3299 261 3358 eet
276 3289 489 3378 denuntiatio,
505 3287 573 3356 imo
588 3287 636 3354 nil
650 3287 740 3356 eliud
755 3294 804 3356 est
818 3309 918 3379 quam
933 3287 1103 3380 erdpabilie
1118 3291 1217 3360 diffa-

69 3397 187 3484 matio,
204 3418 280 3488 qnae
294 3396 398 3487 rejioi,
415 3396 482 3463 imo
495 3404 527 3462 et
542 3393 654 3485 puniri
664 3393 769 3462 debet.

117 3504 228 3571 Potest
241 3511 349 3571 eutem
362 3502 493 3570 libellus
507 3499 767 3575 denuntiatorius
783 3521 840 3591 per
855 3501 1024 3591 epistolam
1040 3503 1143 3592 mitti;
1159 3505 1215 3574 eed

68 3622 154 3681 tune
173 3609 276 3703 judex
297 3611 332 3678 in
347 3609 576 3678 informatione
591 3607 826 3698 praeparatoria
849 3609 978 3677 vocabit
1006 3610 1216 3681 denuntiato-

68 3741 160 3805 rem,
175 3727 207 3786 et
221 3716 371 3808 exquiret
386 3738 428 3784 an
444 3715 592 3783 libellum
605 3736 666 3805 pro
677 3735 737 3782 auo
750 3722 914 3804 agnosou.
931 3717 1039 3808 Atque
1052 3718 1086 3786 id
1104 3719 1140 3786 in
1157 3741 1215 3786 ne-

68 3829 116 3895 tie
128 3833 279 3918 ponetur.

117 3933 156 4000 Si
177 3956 256 4004 vero
270 3941 492 4027 opportunum
507 3929 673 4004 existimet
696 3929 800 4024 judex
815 3953 883 4001 non
907 3933 1016 4002 vooeri
1033 3931 1217 4003 edentium

66 4063 151 4112 eum
176 4042 236 4133 qui
259 4042 538 4111 denuntiationem
561 4062 620 4132 per
640 4039 764 4108 litterae
780 4039 882 4127 misit,
906 4048 937 4108 et
952 4039 1007 4108 illa
1022 4041 1057 4108 in
1083 4039 1214 4111 dioeoeei

68 4153 205 4235 existet,
222 4150 388 4218 nominari
403 4149 497 4217 debet
508 4147 750 4216 commissarius
764 4147 822 4238 qui
836 4147 1095 4218 denuntiatorem
1107 4148 1215 4238 adeat,

69 4268 164 4326 etan
189 4255 361 4347 epistolam
376 4254 650 4324 denuntiatoriam
677 4275 737 4343 pro
762 4275 821 4320 sue
844 4261 997 4341 agnoscat
1020 4252 1213 4328 sobeitatur.
