3050 4984
283 458 347 524 lto
640 480 816 527 ruacrurus
845 482 882 527 un
905 480 1040 527 runicus.

327 599 639 669 apostatandum
659 601 851 669 sententiam
871 600 912 671 de
928 600 1075 669 nullitate
1098 603 1313 690 matrimonii,
1331 604 1361 672 si
1383 603 1425 671 ab
1504 571 1505 624 l

283 731 320 775 ea
342 730 406 775 non
429 706 608 798 appelletur
629 708 680 775 vel
703 708 874 799 appellatio
895 708 1082 795 deseratur,
1107 720 1244 800 possunt
1265 712 1426 801 conjuges

283 836 406 882 novum
432 814 672 885 matrimonium
696 815 791 901 inire,
817 814 913 883 modo
934 814 1067 885 aliunde
1089 816 1124 883 id
1144 817 1192 885 eis
1212 819 1343 885 nonsit
1367 820 1426 885 iu-

282 922 466 991 terdictum.
483 920 577 1002 Quod
594 922 639 989 sic
655 923 688 989 in
704 921 914 990 Benedictina
933 922 1160 991 constitutione
1175 924 1208 1015 (ᾖ
1229 925 1282 1013 11)
1306 925 1426 993 decer-

282 1028 371 1096 nitur
400 1055 407 1095 :
441 1054 457 1092 a
488 1027 523 1096 Si
551 1027 691 1095 secunda
716 1029 874 1097 sententia
898 1029 990 1097 alteri
1016 1029 1194 1098 conformis
1220 1030 1333 1117 tuerit,
1363 1031 1427 1100 hoc

287 1164 304 1202 a
326 1145 386 1222 est,
408 1134 485 1225 sissin
509 1135 650 1203 secunda
668 1158 761 1227 aeque
776 1158 813 1203 ac
828 1136 860 1202 in
885 1136 993 1227 prima
1006 1136 1133 1206 nullum
1149 1160 1187 1205 ac
1201 1138 1335 1207 irritum
1353 1158 1426 1207 ma·

287 1272 302 1307 a
327 1243 516 1311 trimonium
529 1242 713 1334 judicatum
735 1242 846 1327 luerit,
866 1253 897 1312 et
915 1244 957 1313 ab
979 1266 1018 1311 ea
1031 1266 1106 1335 pars
1126 1245 1178 1313 vel
1195 1245 1346 1313 deleusor
1364 1269 1425 1337 pro

286 1378 302 1417 a
325 1374 384 1419 sua
403 1350 596 1419 conscientia
616 1371 680 1417 non
701 1348 876 1417 crediderit
896 1350 1137 1442 appellandum,
1157 1352 1209 1419 vel
1227 1352 1426 1443 appellatio-

285 1487 302 1525 (ι
325 1482 400 1525 narn
422 1458 642 1549 interpositam
666 1456 925 1548 prosequendam
946 1456 1079 1525 minime
1098 1459 1279 1544 censuerit;
1305 1460 1338 1526 in
1362 1482 1428 1551 po-

284 1595 301 1633 «
325 1574 436 1635 testate
457 1574 488 1632 et
511 1564 643 1633 arbitrio
667 1564 848 1656 conjugum
871 1564 913 1631 sit
934 1586 1035 1633 novas
1057 1565 1187 1655 nuptias
1210 1566 1425 1653 contrahere5

284 1672 501 1742 «dummodo
530 1670 628 1739 alicui
659 1694 795 1755 eorum,
826 1672 868 1739 ob
900 1670 1035 1762 aliquod
1067 1672 1336 1763 impedimentum
1372 1675 1429 1742 vel

285 1810 301 1848 a
325 1781 504 1871 legitimam
521 1801 664 1859 causam,
678 1778 712 1845 id
727 1779 864 1846 vetitum
881 1780 1015 1847 nonsit.
1033 1804 1049 1843 n

326 1894 358 1957 3ο
374 1886 535 1956 Praedicta
547 1884 681 1954 facultas
697 1884 873 1976 conjugum
887 1885 929 1954 ad
945 1907 1045 1954 novas
1060 1886 1204 1979 nuptias,
1222 1895 1296 1977 post
1309 1886 1429 1979 dupli·

281 2020 350 2065 cem
373 1995 572 2063 conformem
598 1992 637 2059 de
658 1991 805 2059 nullitate
827 1992 1036 2077 senteutiam,
1061 1993 1270 2082 transeundi,
1295 1994 1429 2062 iutelli-

279 2103 384 2195 gcuda
405 2112 464 2185 est,
487 2128 503 2167 a
523 2101 612 2168 salvo
630 2122 759 2189 semper
774 2106 806 2165 et
822 2100 917 2167 lirmo
936 2108 1123 2168 remanente
1135 2100 1210 2190 jure
1231 2124 1287 2168 sen
1312 2101 1430 2191 privi-

283 2240 299 2277 o
322 2212 407 2301 legio
425 2231 596 2279 causarum
615 2206 916 2291 matrimonialium,
933 2229 1008 2296 quaa
1024 2206 1066 2274 ob
1085 2207 1322 2299 cujuscumque
1335 2216 1429 2277 tem-

284 2348 300 2385 o
325 2318 413 2411 poris
425 2316 554 2407 lapsum
570 2336 738 2404 nunquam
759 2312 981 2381 transeuntia
1002 2335 1072 2380 rem
1089 2312 1285 2403 judicatam
1309 2314 1372 2382 sed
1397 2316 1428 2382 si

284 2453 300 2489 o
324 2445 410 2492 nova
428 2444 479 2489 res
495 2443 569 2513 quaa
584 2442 650 2487 non
669 2418 806 2486 deducta
823 2418 874 2486 vel
889 2418 1037 2507 ignorata
1050 2417 1148 2487 fuerit
1168 2418 1351 2509 detegatur,
1369 2444 1430 2489 re-

284 2562 300 2598 o
324 2532 410 2600 sumi
419 2538 554 2621 possunt
562 2536 593 2596 et
601 2548 716 2595 rursus
725 2526 759 2593 in
769 2524 955 2616 judicialem
967 2527 1221 2595 controversiam
1229 2531 1394 2597 revocari.
1409 2557 1426 2595 ι

281 2643 313 2733 (ᾖ
331 2642 396 2727 11.)
414 2638 498 2705 Hinc
514 2636 541 2703 si
557 2643 628 2725 post
648 2633 892 2724 pronuntiatam
912 2632 962 2700 bis
980 2633 1162 2701 nullitatem
1181 2633 1280 2726 primi
1305 2638 1432 2705 matri-

281 2748 382 2817 monii
397 2756 428 2814 ct
439 2766 540 2812 novas
551 2741 725 2809 celebratas
741 2740 883 2830 nuptias,
895 2739 1065 2827 detegatur
1078 2738 1223 2808 validum
1236 2741 1339 2810 luisse
1352 2748 1432 2835 pri-

281 2878 374 2924 mum
388 2850 591 2943 conjugium,
606 2846 846 2939 pronuntianda
860 2846 922 2913 erit
937 2846 1124 2937 posterioris
1140 2846 1284 2933 nullitas,
1296 2858 1329 2917 et
1341 2872 1431 2920 nou-

277 2966 373 3055 juges
388 2960 429 3029 ad
445 2958 597 3027 standum
613 2955 714 3046 priori
730 2953 868 3044 cogendi
882 2963 989 3022 eruut.

323 3069 470 3135 Puucruu
486 3062 560 3133 Vll.
581 3098 625 3113 -
641 3066 691 3129 An
706 3071 737 3127 et
751 3058 836 3127 unde
852 3058 1040 3127 solvendam
1058 3060 1353 3130 matrimoniorum
1369 3064 1431 3133 de-

275 3174 398 3267 fensori
410 3170 593 3241 salariam?
607 3206 651 3219 -
666 3165 702 3233 ld
718 3165 944 3235 determinavit
956 3164 1167 3235 Benedictiua
1181 3168 1374 3241 constitutio
1393 3174 1430 3240 in

278 3283 366 3351 hrrnc
384 3278 515 3347 modum
536 3304 542 3343 :
566 3274 758 3343 «Defensor
778 3273 989 3359 matrimonii,
1010 3273 1165 3365 quemad
1185 3298 1307 3343 munus
1321 3300 1431 3349 suum

281 3416 298 3455 a
318 3386 420 3477 gratis
438 3383 625 3453 obeundum
649 3403 708 3473 pro
723 3402 833 3448 amore
846 3379 905 3447 Dei
925 3388 957 3447 et
979 3381 1123 3469 proximi
1139 3380 1276 3449 utilitate
1297 3390 1329 3450 et
1355 3385 1432 3454 Ec-

282 3524 299 3563 a
322 3494 427 3564 clasiae
450 3491 630 3561 reverentia
652 3490 686 3557 in
711 3488 851 3557 Domino
870 3486 1098 3575 exhortamur,
1120 3490 1148 3555 si
1168 3510 1303 3579 operam
1325 3514 1432 3565 suam

281 3632 299 3670 a
321 3602 390 3671 sine
411 3598 555 3667 mercede
572 3606 628 3665 aut
642 3596 759 3664 salario
774 3594 884 3686 aliqua
905 3618 947 3662 ex
962 3616 1059 3663 causa
1073 3594 1229 3663 exhibere
1245 3619 1432 3670 recusave-

281 3739 299 3777 α
321 3710 376 3793 rit,
389 3708 430 3775 ab
445 3706 546 3796 ipsius
558 3724 661 3770 causat
673 3702 783 3793 judice
795 3701 824 3768 ai
836 3702 1063 3788 constituatur,
1077 3711 1109 3767 et
1121 3701 1163 3769 ab
1173 3725 1213 3770 aa
1223 3713 1327 3794 parte,
1345 3729 1431 3797 quae

280 3846 297 3885 u
321 3838 380 3909 pro
396 3811 559 3882 validitate
576 3809 777 3877 matrimonii
793 3808 873 3896 agit,
890 3808 916 3874 si
932 3808 996 3900 ipsi
1014 3807 1149 3876 facultas
1170 3809 1224 3893 sit,
1245 3810 1426 3882 solvatur:

281 3953 297 3991 o
320 3926 371 3993 sin
388 3920 508 4003 minus,
525 3915 665 4007 ajudicc
682 3916 811 4006 primm,
827 3914 878 3983 vel
889 3915 1054 4001 secundae,
1071 3915 1123 3982 vel
1139 3916 1242 3983 tertiae
1255 3916 1431 3990 instantiae¹

279 4060 296 4099 a
320 4026 495 4119 respective
507 4022 824 4100 subministrantium
840 4022 896 4113 qui
913 4023 1067 4113 pecunias
1080 4044 1122 4090 ex
1137 4022 1267 4091 mulctis
1281 4047 1429 4096 suorum

280 4164 297 4202 a
320 4129 532 4202 tribunalium
558 4125 701 4194 redactas
722 4126 774 4195 vel
799 4126 1008 4217 redigendas,
1032 4136 1064 4195 at
1087 4128 1123 4195 in
1146 4150 1245 4218 opera
1267 4130 1323 4221 pia
1344 4156 1432 4202 ero-

279 4272 296 4308 «
319 4238 453 4333 gaudes,
471 4236 506 4303 in
522 4234 708 4325 hujusmodi
721 4227 873 4327 sumptus
884 4234 1047 4304 insumere
1062 4242 1225 4326 poterunt.
1242 4236 1329 4307 Cum
1342 4261 1432 4313 vem
