3050 4984
292 501 331 568 84
666 517 844 566 anserinus
867 517 905 566 on
926 519 1060 568 ruorurs.

288 662 413 732 occulta
433 659 560 748 delicte,
593 683 651 752 per
673 669 894 730 accusatorem
923 661 1053 753 proprie
1078 659 1201 729 dictum
1227 681 1292 728 non
1316 657 1435 746 delata,

288 770 411 862 judicio
426 768 486 838 Dei
500 773 532 836 et
545 768 659 836 secreti
673 768 816 836 tenebris
830 768 1037 859 permittere?
1050 765 1138 847 Quid
1152 766 1241 858 quod
1258 777 1345 835 certa
1357 767 1439 836 doc-

291 878 378 945 trina
398 876 451 962 sit,
468 874 692 966 denegandam
713 898 734 943 a
757 875 922 944 sacerdote
944 897 1069 944 sacram
1086 874 1350 943 communionem
1370 898 1438 943 nou

289 1007 358 1052 csse
384 981 519 1072 indigne
547 981 724 1069 accedenti,
751 982 879 1050 etiamsi
904 990 992 1051 certo
1019 992 1051 1052 et
1078 989 1171 1050 extra
1202 983 1439 1051 confessionem

291 1091 361 1183 ejus
369 1091 514 1159 facinora
525 1090 664 1178 noverit,
677 1089 775 1159 modo
784 1088 936 1157 illenulla
947 1088 1083 1157 inlumia
1092 1089 1239 1159 laboret?
1247 1089 1334 1171 Quid
1347 1090 1439 1182 quod

289 1209 355 1270 tota
369 1196 545 1290 antiquitas
559 1218 619 1288 pro
634 1219 751 1266 norma
761 1195 962 1288 judiciorum
977 1195 1263 1266 ecclesiasticorum
1280 1203 1440 1264 memoret

288 1306 479 1398 exemplum
499 1302 620 1372 Christi
637 1303 783 1389 Domini,
806 1301 925 1371 Judam
945 1323 1012 1371 non
1033 1302 1201 1394 ejicientis,
1218 1326 1256 1372 ea
1277 1301 1317 1371 de
1339 1324 1440 1371 causa

167 1511 170 1518 Ι
288 1412 376 1505 qnod
390 1419 537 1504 peccator
552 1409 696 1480 occultus
711 1409 814 1479 loretl

335 1519 371 1588 Si
385 1517 550 1612 quievero
566 1516 696 1608 objiciat
711 1518 850 1586 nimium
865 1517 1008 1609 probari,
1023 1540 1098 1586 cum
1114 1517 1190 1587 inde
1206 1526 1360 1610 sequatur
1378 1541 1441 1586 nec

289 1627 390 1719 recipi
414 1625 492 1696 olim
516 1623 665 1694 debuisse
690 1625 931 1694 accusationem
948 1634 1062 1694 contra
1081 1625 1207 1694 occulta
1224 1623 1352 1712 delicta,
1377 1624 1440 1693 soli

289 1734 636 1825 delinquenti-nociva,
654 1733 844 1823 responderi
862 1741 988 1824 potest:
1014 1733 1095 1802 adeo
1113 1755 1213 1822 grave
1232 1734 1330 1802 luisse
1352 1756 1441 1801 onus

289 1842 376 1935 quod
388 1841 450 1910 sibi
465 1850 632 1910 accusator
642 1842 812 1932 imponere
828 1842 1009 1929 tenebatur,
1027 1852 1062 1909 ut
1076 1841 1259 1932 periculum
1274 1863 1340 1910 non
1355 1849 1441 1908 esset

291 1975 331 2021 ne
346 1951 531 2041 frequenter
545 1960 725 2020 recurreret
738 1950 898 2018 accusatio
914 1950 948 2017 in
962 1973 1040 2019 casu
1060 1949 1168 2019 delicti
1187 1949 1307 2018 occulti
1325 1957 1358 2016 et
1376 1949 1440 2018 soli

290 2057 491 2148 delinquenti
504 2057 622 2126 nocivi.
640 2057 736 2127 Unde
747 2081 875 2126 necesse
891 2081 957 2127 non
978 2057 1041 2125 luit
1061 2081 1079 2124 a
1098 2056 1244 2147 generali
1264 2057 1441 2124 accusandi

291 2164 441 2234 facultate
456 2187 566 2234 casum
581 2164 669 2234 hunc
683 2165 755 2255 lege
769 2164 881 2256 eliqua
892 2164 1104 2234 ecclesiastica
1118 2164 1236 2256 excipi.

840 2434 897 2504 111.

674 2604 751 2654 Corus
770 2605 946 2670 inquisitionis
961 2605 1059 2656 mr'xtae.

333 2775 437 2846 Mixto
450 2773 570 2844 dicitur
585 2775 766 2867 inquisitio,
784 2783 821 2844 ut
841 2798 942 2867 supra
960 2775 1160 2858 monuimus,
1177 2775 1308 2868 quando
1325 2776 1378 2846 vel
1399 2778 1443 2846 de

293 2905 430 2974 persona
442 2881 656 2950 determinata
670 2881 774 2974 (verbi
785 2881 902 2972 gratia,
913 2881 953 2949 de
965 2881 1061 2971 Titio)
1074 2881 1268 2973 qeneroliter
1278 2883 1444 2973 queritur

292 3013 334 3060 an
349 2991 458 3083 aliqua
472 2990 587 3058 delicta
603 2991 820 3077 commiserit3
835 2991 886 3058 vel
905 2989 946 3056 de
963 2989 1073 3081 aliquo
1095 2987 1308 3059 determinato
1322 2988 1444 3061 delicto

297 3098 401 3190 (verbi
420 3098 542 3189 gratia,
563 3096 603 3166 de
625 3096 682 3164 tali
706 3096 893 3188 homicidio)
918 3097 1112 3187 poenaliter
1129 3097 1347 3189 incestipotur
1366 3101 1443 3190 quis

294 3203 376 3273 illud
393 3204 582 3296 patraverit.
599 3203 694 3272 Unde
706 3204 876 3296 inquisitio
891 3202 1082 3295 hujusmodi
1097 3215 1146 3272 est
1159 3226 1299 3295 semper,
1312 3204 1366 3273 vel
1378 3227 1445 3294 ge-

293 3311 412 3379 neralis
426 3309 533 3402 quoad
546 3309 700 3378 delictum
714 3320 745 3378 et
760 3309 908 3401 specialis
917 3310 1025 3401 quoad
1039 3310 1293 3402 delinquentem,
1307 3311 1359 3379 vel
1371 3313 1445 3382 vice

294 3441 400 3503 versa,
417 3414 524 3508 quoad
547 3416 703 3485 delictum
723 3415 872 3508 specialis
895 3426 926 3484 et
947 3415 1054 3508 quood
1073 3432 1238 3486 auctorem
1265 3419 1442 3507 generalis.

295 3527 403 3616 Atque
418 3524 494 3592 inde
508 3523 616 3590 mictu
626 3523 711 3591 dicta
727 3532 787 3611 est,
800 3521 888 3614 quod
902 3523 1063 3614 generalis
1070 3523 1169 3591 simul
1182 3526 1224 3592 sit
1238 3525 1443 3616 etspecialis,

295 3632 357 3701 sub
372 3631 508 3723 praefuto
522 3629 645 3722 duplici
661 3639 821 3722 respectu.
840 3633 894 3699 An
907 3632 1029 3723 absque
1045 3631 1173 3722 praevia
1188 3632 1325 3700 infamia
1345 3633 1447 3702 insti·

297 3739 344 3806 tui
360 3745 469 3828 queat,
486 3736 538 3803 hic
561 3735 824 3826 expendendum.

341 3845 470 3912 Renum
486 3846 531 3912 1².
545 3881 591 3893 -—
606 3843 778 3933 Inquisitio
792 3844 951 3935 qenerolis
966 3844 1077 3935 quood
1086 3867 1277 3937 personam,
1295 3847 1431 3937 speciol'

297 3963 410 4021 autem
426 3947 537 4041 quoad
546 3947 714 4030 delictum,
721 3962 832 4040 potest
847 3964 877 4017 et
892 3949 983 4019 debet
994 3952 1081 4042 fieri,
1098 3953 1200 4020 etiam
1215 3953 1309 4020 nullo
1318 3975 1452 4043 praece-

297 4059 392 4128 dente
410 4069 523 4124 contro
544 4056 690 4146 aliquem
713 4057 853 4147 infamio
872 4057 925 4126 vel
942 4057 1132 4148 suspicione.
1148 4059 1308 4128 —Casus
1327 4082 1452 4152 nempe

299 4179 346 4234 est
367 4161 557 4254 hujusmodi
576 4189 583 4230 :
602 4171 767 4254 patratum
782 4171 830 4231 est
842 4163 975 4255 aliquod
991 4165 1219 4253 homicidium,
1237 4166 1289 4233 vel
1302 4164 1450 4256 lurtum,

301 4270 433 4343 aliudve
447 4267 618 4350 delictum;
632 4270 688 4338 sed
703 4271 846 4339 nescitur
860 4295 881 4339 a
894 4295 973 4362 quo,
992 4280 1023 4342 et
1036 4271 1124 4341 lame
1137 4272 1270 4364 publica
1283 4274 1453 4369 suspicio-
