3050 4984
253 448 293 515 tt
630 469 806 517 reserares
829 472 868 517 us
889 469 1024 519 ruamus.

252 588 426 661 unctionis
440 592 516 675 via,·
531 590 575 659 ita
592 603 627 660 ut
646 592 751 661 inulta
764 600 983 679 remanerent,
1000 592 1063 661 nisi
1078 592 1152 685 quis
1165 614 1205 662 ea
1221 591 1255 661 in
1273 591 1398 684 judicio

252 698 413 790 probandi
424 722 508 768 onus
516 707 706 769 assumeret.
721 700 806 768 Hinc
815 699 998 793 frequentes
1010 708 1228 787 accusatorem
1243 699 1399 791 imqueu·

252 806 336 874 tiara
346 806 433 875 inter
441 807 664 877 accusantium
678 814 708 875 et
721 815 946 877 accusatorum
956 807 1097 877 familias
1108 808 1195 877 odia.
1207 807 1292 877 Hinc
1301 807 1400 875 ctiam

253 912 523 1004 frequentissimas
534 913 1128 1009 pullulassentcalumnirs‚nisipoeuae
1136 913 1399 984 talionisterrore

252 1043 444 1113 compressae
466 1022 612 1092 tuissent.
636 1022 771 1093 Inducta
797 1044 873 1091 vero
897 1022 1117 1114 inquisitionis
1141 1045 1182 1091 ea
1206 1022 1312 1115 efficio
1331 1021 1399 1103 oia,

248 1128 318 1219 jam
334 1127 375 1197 ad
390 1129 566 1199 coercenda
578 1130 694 1200 delicta
707 1151 836 1199 neeesse
852 1152 919 1199 nou
933 1129 997 1199 tuit
1010 1130 1045 1198 in
1059 1129 1183 1221 judicio
1198 1137 1284 1198 stare
1299 1151 1399 1197 aecu-

255 1244 389 1323 satores,
410 1246 442 1305 et
463 1238 585 1329 absque
608 1237 677 1307 ullo
701 1237 779 1307 boni
799 1237 923 1330 publici
939 1236 1130 1330 praejudicio
1148 1237 1188 1305 da
1210 1236 1318 1305 medio
1331 1234 1402 1303 tolli

255 1346 360 1435 potuit
374 1344 503 1415 talionis
518 1367 625 1438 poeua.
642 1344 871 1437 Imperfectum
886 1368 965 1435 ergo
979 1345 1042 1415 tuit
1054 1346 1241 1415 Rauranum
1250 1348 1319 1435 jus,
1336 1364 1403 1410 uon

255 1450 344 1542 quod
371 1474 467 1542 poeua
493 1451 621 1521 talionis
641 1459 799 1540 uteretur,
829 1452 885 1522 sed
910 1453 998 1544 quod
1022 1454 1078 1521 uia
1104 1449 1324 1546 inquisitionis
1348 1472 1404 1517 ea-

257 1558 371 1629 ruerit.

800 1778 858 1845 111.

389 1974 553 2039 Rependitur
579 1975 684 2027 tationis
710 1976 753 2026 tec
774 1979 851 2040 prout
880 1978 906 2025 in
926 1976 991 2041 jure
1014 1976 1134 2025 canonico
1158 1974 1276 2025 babetur.

304 2204 488 2274 Pnonostno
510 2204 551 2271 Ie.
578 2243 623 2257 -
645 2206 767 2273 Forma
782 2225 847 2296 per
869 2203 960 2271 viam
981 2199 1199 2270 accusationis
1211 2196 1413 2292 procedendi

262 2332 337 2378 eum
350 2311 482 2380 talionis
492 2334 607 2403 perna,
625 2312 747 2404 injure
761 2309 916 2381 canoniea
932 2323 1059 2402 recepta
1068 2310 1147 2401 [uit.
1164 2347 1210 2360 -
1224 2306 1356 2376 Constat
1367 2328 1410 2373 ex

262 2418 414 2487 decretali
428 2420 609 2488 Innocentii
625 2420 670 2489 III
688 2423 798 2510 Super
809 2420 861 2487 Itis
884 2420 952 2509 (16,
971 2417 1057 2486 tituli
1077 2421 1108 2503 t,
1126 2416 1202 2484 Iibri
1221 2420 1238 2483 6
1254 2415 1410 2483 Decreta-

263 2525 369 2615 lium),
386 2527 421 2594 in
435 2526 556 2617 quasin
570 2526 757 2597 decernitur
773 2553 780 2593 :
800 2525 938 2609 Quando
950 2526 1072 2595 crimen
1086 2524 1122 2591 in
1135 2522 1271 2591 modum
1285 2521 1411 2589 detrun-

265 2632 412 2699 tiatianis
431 2633 617 2724 apponitur,
636 2656 701 2701 nort
722 2645 769 2701 est
793 2632 959 2725 inscriptio
977 2630 1173 2712 accesserim·
1197 2628 1254 2697 sed
1277 2650 1351 2696 urm
1374 2627 1412 2695 in

264 2738 401 2807 medum
416 2739 639 2823 accusationis,
654 2753 781 2833 oportet
792 2740 935 2809 inscribi.
952 2740 1009 2807 Eae
1022 2760 1116 2807 voces
1128 2748 1254 2828 oportet
1264 2734 1409 2815 inscribi,

266 2846 442 2917 fatentibus
467 2850 619 2917 omnibus
639 2849 726 2940 juris
745 2849 829 2917 sacri
846 2848 1016 2934 consultis,
1036 2843 1256 2935 intelligendas
1272 2850 1352 2909 sunt
1371 2838 1413 2908 de

266 2978 303 3023 ea
319 2956 528 3048 inscriptione
549 2956 617 3024 sive
639 2956 875 3047 subscriptione
890 2954 1013 3046 injure
1036 2953 1187 3022 Romano
1209 2949 1411 3041 praescripta,

266 3086 331 3154 qua
346 3086 379 3132 se
394 3086 547 3133 accusans
560 3064 621 3131 suh
638 3085 734 3154 pecua
750 3064 882 3132 talionis
897 3062 938 3131 ad
955 3060 1157 3154 probandam
1172 3055 1413 3127 accusationem

266 3170 440 3259 obligabat.
458 3171 547 3240 Idem
564 3180 688 3239 constat
700 3194 740 3239 ex
756 3170 909 3239 decretali
920 3168 1067 3260 ejusdcm
1079 3164 1248 3235 Pontifieis
1262 3162 1415 3245 Qualiter

268 3291 298 3346 et
317 3278 448 3370 quando
472 3280 538 3369 (nt,
561 3278 600 3347 de
617 3278 896 3367 decusationibus)
922 3305 928 3344 :
953 3277 1048 3345 Sicut
1073 3272 1312 3341 accusationem
1331 3269 1415 3361 lepi-

269 3387 352 3453 tr'ma
365 3386 456 3455 dedet
466 3386 647 3479 precedere
661 3385 841 3477 inscriptio,
860 3385 905 3452 sic
919 3395 951 3453 et
970 3382 1248 3453 demntiationcm
1262 3377 1414 3447 eharita-

269 3495 337 3562 tiua
361 3495 509 3577 monitio,
533 3507 565 3563 et
588 3494 833 3587 inquisitionem
855 3494 999 3561 clamosa
1021 3489 1201 3559 insinuatio
1218 3486 1412 3578 prevenire.

267 3602 346 3670 Item
361 3625 402 3671 ex
415 3625 538 3671 canone
555 3602 787 3671 Oalrrmniator
799 3602 845 3689 (2,
856 3623 889 3691 q.
906 3603 937 3686 3,
950 3620 1057 3667 eausae
1072 3601 1103 3687 2(
1119 3624 1126 3663 :
1144 3593 1417 3665 Calumniatorsi

270 3711 304 3777 in
313 3710 518 3778 accusatione
525 3707 686 3801 defecerit,
698 3708 854 3776 talionem
864 3705 1012 3797 recipiat.
1023 3705 1103 3773 Item
1113 3725 1155 3771 ex
1165 3723 1288 3771 canone
1297 3700 1418 3771 Nullus

274 3818 319 3909 (2,
337 3840 370 3909 q.
390 3822 423 3904 t,
440 3838 545 3885 causae
566 3817 597 3907 t)
615 3842 622 3884 :
643 3814 814 3907 Inscriptio
828 3815 942 3906 pmmo
962 3834 1089 3905 semper
1104 3812 1186 3903 fian·
1200 3821 1240 3877 ut
1260 3808 1418 3876 talionem

270 3925 494 3994 calumniator
508 3923 644 4015 recipiat
650 3947 663 4005 ;
675 3922 756 4012 quia
771 3934 847 3990 ante
858 3920 1098 4013 inscriptionem
1110 3940 1206 3987 neme
1221 3915 1312 3985 dedet
1320 3913 1417 4005 judi·

273 4032 353 4114 cari,
376 4031 429 4099 vel
448 4028 615 4111 damnari,
640 4052 717 4097 cum
736 4041 769 4097 et
786 4028 897 4098 seculi
914 4028 996 4119 Icpcs
1014 4027 1084 4096 liae
1106 4023 1219 4093 eadem
1240 4022 1415 4091 retineant.

272 4139 353 4220 Qus
371 4138 481 4224 verbs,
498 4137 580 4206 sicut
595 4144 626 4207 et
641 4136 854 4228 praecedentis
869 4135 1014 4220 canonis,
1031 4133 1111 4201 ialso
1127 4131 1261 4223 quidem
1277 4130 1417 4198 Damaso

273 4247 371 4341 Papae
385 4244 499 4317 tribuit
513 4244 699 4333 Gratianus,
712 4253 783 4339 post
792 4242 953 4315 Isidorum
965 4242 1189 4328 Mercatorem,
1202 4244 1239 4305 ut
1247 4234 1359 4309 videre
1370 4241 1419 4303 est
