3050 4984
552 512 625 558 risus
649 514 792 559 sacerna.
1181 493 1244 557 215

98 632 260 719 nuntiata,
283 633 407 725 absque
422 634 489 701 ullo
506 634 671 703 saecularis
687 634 824 720 brachii,
843 641 899 701 aut
913 641 1058 701 externae
1075 634 1247 703 coactionis

99 741 299 827 interventu,
332 742 479 810 effectum
513 764 608 811 suum
642 742 789 810 obtinere
820 749 934 832 potest.
973 740 1058 809 Satis
1088 742 1175 809 enim
1201 748 1248 808 est

98 846 260 939 ejusmodi
281 849 448 916 sententia
468 850 614 917 notitiam
640 848 777 940 perferri
799 848 841 915 ad
863 846 1022 939 populum
1038 848 1245 934 catholicum,

100 954 189 1045 apud
204 978 301 1047 quem
317 956 452 1025 clericus
468 956 521 1024 ille
542 957 646 1026 ollioio
669 957 887 1046 fungebatur,
908 955 976 1047 jam
997 956 1087 1023 enim
1108 955 1248 1047 populus

99 1062 155 1129 ille
170 1085 190 1129 a
205 1063 259 1130 tali
274 1063 389 1131 clerico
412 1064 563 1153 refugiet,
590 1074 621 1131 et
642 1085 692 1150 ea,
709 1087 785 1155 quae
801 1063 841 1131 ad
859 1063 930 1154 ejus
946 1062 1088 1131 officium
1105 1063 1248 1154 pertiue-

99 1168 191 1255 bant,
209 1170 249 1236 ab
263 1193 300 1238 eo
322 1172 464 1261 recipere
484 1169 644 1239 recusabit
654 1198 663 1256 ;
681 1193 739 1262 per
762 1169 850 1261 quod
867 1169 1065 1239 sufficienter
1080 1171 1113 1236 in
1129 1193 1249 1239 exeru-

100 1275 224 1344 tionem
240 1278 389 1345 transibit
405 1278 529 1369 prolata
541 1278 752 1369 depositionis
766 1276 936 1345 sententia.

144 1383 202 1451 111.
229 1382 309 1451 Item
332 1406 461 1475 poenam
485 1384 705 1476 pecuniariam
729 1384 873 1475 aliusque
892 1385 1068 1452 sententias
1090 1384 1125 1451 in
1144 1384 1249 1452 causis

102 1488 253 1558 civilibus
273 1490 335 1559 fori
353 1492 570 1579 ecclesiastici,
594 1492 711 1583 poterit
734 1514 819 1582 saepe
835 1491 936 1583 judex
959 1491 1191 1559 ecclesiasticus
1206 1492 1247 1559 ad

101 1598 325 1666 executionem
343 1598 512 1685 deducere,
532 1620 684 1667 censuras
703 1598 932 1667 ecclesiasticas
951 1598 985 1665 in
1006 1598 1143 1667 rebelles
1156 1620 1248 1666 com-

103 1704 268 1773 minando.
282 1706 373 1773 Tunc
383 1706 470 1774 enim
483 1706 631 1774 catholici
641 1706 818 1795 litigantes,
835 1705 897 1772 uisi
915 1705 974 1773 Dei
992 1706 1139 1774 timorem
1155 1728 1249 1797 pror·

105 1832 159 1877 sus
180 1812 366 1901 abjecerint,
385 1822 498 1904 sponte
514 1821 545 1880 et
561 1814 683 1904 absque
708 1812 775 1881 ullo
798 1812 965 1880 saecularis
987 1812 1111 1881 brachii
1126 1812 1250 1881 auxilio

105 1921 277 1987 sententias
293 1928 504 2011 exequentur.
522 1920 570 1988 Ex
586 1942 651 2011 qua
663 1919 758 1987 etiam
776 1942 987 1988 censurarum
1000 1920 1250 1989 comminatione

104 2024 278 2093 efficaciam
295 2050 380 2118 saepe
394 2027 526 2095 babebit
541 2028 649 2094 citatio
663 2027 709 2094 rei
723 2037 754 2095 et
771 2026 912 2094 testium.

148 2131 205 2200 tv.
226 2134 318 2201 Tunc
334 2133 539 2203 solummodo
560 2134 594 2200 iu
617 2134 709 2201 dictis
725 2134 914 2223 regionibus
929 2134 1053 2201 irretita
1072 2134 1251 2203 remanebit

101 2237 219 2327 judicis
248 2240 454 2308 ecclesiastici
488 2248 644 2331 potestas,
676 2240 808 2331 quando
841 2240 862 2305 ii
891 2240 1029 2329 (quibus
1059 2241 1113 2330 jus
1143 2241 1250 2309 dicere

104 2346 251 2433 debebit,
284 2346 376 2415 aliter
411 2369 508 2436 quam
540 2368 599 2438 per
627 2346 817 2415 senteutiam
848 2368 923 2437 qum
954 2346 1106 2414 ellectum
1137 2370 1248 2415 secum

105 2451 230 2543 trahat)
260 2476 412 2521 censuras
453 2454 680 2522 ecclesiasticas
716 2462 978 2538 contemnentes,
1009 2453 1068 2520 soli
1102 2462 1247 2521 externas

106 2559 259 2626 coactioni
277 2559 389 2627 cedere
409 2560 513 2651 parati
529 2570 616 2626 sunt.
634 2559 671 2625 ln
686 2558 807 2649 quibus
821 2558 962 2644 casibus,
986 2581 1066 2626 uum
1087 2560 1128 2626 ad
1149 2561 1249 2628 dictas

105 2686 257 2734 censuras
272 2666 437 2754 devenire,
455 2689 496 2733 au
511 2666 618 2758 potius
633 2666 673 2734 ab
689 2666 735 2733 eis
755 2664 917 2733 abstinere
931 2665 1093 2756 expediat,
1116 2667 1250 2757 Episco-

106 2792 220 2861 porum
246 2780 306 2859 est,
333 2795 392 2863 pro
417 2773 517 2841 variis
539 2772 685 2841 locorum
711 2780 743 2840 et
769 2781 965 2863 temporum,
995 2795 1249 2864 personarumve

107 2879 358 2947 circumstantiis
374 2880 558 2948 decernere.

150 2984 193 3053 V.
210 2985 317 3054 Hodie
335 2987 369 3053 in
385 2986 503 3073 Gallia,
522 2992 694 3078 praestatur
712 2985 877 3054 saecularis
893 2985 1017 3053 brachii
1031 2987 1191 3056 auxilium
1207 2990 1247 3056 ad

108 3090 312 3185 exequendas
336 3094 509 3162 sententias
537 3093 746 3184 depositionis
772 3102 804 3160 et
831 3092 1023 3183 privationis
1051 3095 1087 3161 iu
1116 3096 1248 3165 clericos

108 3200 258 3290 prolatas.
283 3201 460 3293 Episcopus
481 3223 597 3292 nempe
616 3200 776 3290 gubernio
798 3208 911 3267 notum
932 3200 1008 3267 facit
1030 3200 1129 3269 fuisse
1150 3205 1246 3272 talem

109 3306 258 3375 clericum
275 3330 295 3374 a
310 3330 368 3375 suo
387 3307 494 3376 officio
515 3307 660 3398 parochi,
685 3304 883 3397 capellanive
907 3314 1081 3375 remotum.
1108 3309 1158 3377 Ex
1183 3334 1248 3401 quo

106 3414 170 3503 jam
194 3414 329 3482 clericus
355 3412 422 3500 illa,
446 3414 542 3483 nisia
563 3412 741 3505 parochiali
766 3412 898 3480 ecclesia
923 3421 955 3479 et
974 3414 1175 3505 presbyterio
1195 3442 1248 3485 ca-

110 3522 231 3611 pellave
253 3529 366 3613 sponte
390 3521 563 3608 recederet,
589 3521 622 3588 vi
644 3520 776 3613 publica
801 3519 954 3609 guberuii
978 3521 1125 3591 recedere
1148 3547 1247 3615 coge-

110 3638 214 3718 retur3
241 3640 271 3697 et
293 3631 427 3720 insuper
449 3630 603 3721 gubernii
621 3630 746 3720 pensio,
769 3628 873 3696 eidem
895 3627 1013 3695 clerico
1033 3631 1116 3699 solvi
1141 3633 1245 3721 solita,

111 3736 296 3823 retrahitur,
314 3745 345 3803 et
360 3737 535 3804 successori
552 3736 622 3826 ejus
635 3736 833 3825 assignatur.

151 3844 208 3912 Vl.
234 3844 317 3914 Cum
338 3851 446 3911 autern
462 3841 617 3935 praedicta
633 3843 747 3910 notitia
763 3842 804 3910 ab
819 3842 977 3933 Episcopo
996 3843 1037 3911 ad
1053 3845 1249 3933 gubernium

112 3952 309 4036 transmissa,
334 3972 412 4019 vera
436 3950 480 4018 sit
501 3951 667 4018 sententia
690 3951 724 4016 iu
749 3949 902 4017 clericum
929 3947 1061 4039 prolatae
1089 3956 1249 4044 executio,

112 4058 257 4149 sequitur
274 4058 315 4125 ad
337 4080 407 4127 eam
428 4080 492 4125 non
509 4079 601 4148 posse
615 4056 812 4147 Episcopum
835 4055 980 4145 legitime
1000 4056 1165 4146 devenire,
1188 4063 1251 4129 nisi

114 4164 240 4256 quando
260 4165 300 4234 ad
320 4166 485 4235 sententiae
508 4164 729 4233 executionem
757 4164 911 4231 devenire
934 4186 974 4230 ex
994 4164 1068 4256 jure
1087 4172 1254 4241 communi

114 4270 234 4340 licitum
249 4278 307 4339 est.
