3050 4984
318 492 381 555 372
691 505 867 565 reserares
890 506 928 552 ns
949 506 1082 553 moreris.

209 619 211 629 ’
313 629 403 697 bulla
416 627 669 697 canonizationis
681 628 783 697 sancti
797 627 885 696 Petri
899 628 1155 719 martyrisque
1170 627 1282 718 incipit
1308 629 1450 697 lnoiclo-

313 760 401 815 rum,
416 760 434 804 u
450 736 543 805 Sixto
553 736 585 805 V
597 734 682 803 edite
695 735 747 803 die
761 739 800 802 13
813 735 925 826 aprilis
937 738 1020 802 1586
1036 736 1083 825 (in
1095 736 1247 805 Bullarro
1260 737 1451 805 Dominiea·

313 868 445 925 norum,
463 854 486 911 t.
515 849 545 929 5,
564 865 638 934 pag.
657 843 753 932 tim
772 843 807 909 in
822 863 888 931 quo
900 843 947 910 sic
963 842 1102 910 hebetur
1119 868 1127 909 :
1143 845 1175 911 Is
1191 843 1235 933 (l)
1253 844 1344 911 enim
1361 866 1452 935 pre-

312 951 420 1013 clarus
435 949 569 1015 Ordinis
592 949 848 1013 Prredicatorum
867 948 1021 1013 alumnus
1040 997 1087 1027 ...,
1106 950 1287 1013 imitatione
1301 970 1452 1015 acconen

312 1060 408 1123 Beati
420 1058 529 1123 Patris
545 1056 720 1133 Dominiei,
738 1064 777 1119 ut
790 1055 843 1119 ille
854 1057 1019 1139 perpetuis
1032 1064 1065 1119 et
1075 1056 1280 1121 concionibus
1300 1066 1333 1121 el
1346 1058 1451 1140 dispu-

312 1167 471 1229 tationum
485 1163 707 1247 eonqressibns
730 1162 895 1245 officioque
908 1164 1129 1246 inquisitionis
1145 1164 1248 1247 (quod
1259 1167 1291 1228 ei
1304 1168 1450 1248 primum

309 1274 557 1355 prodecessores
570 1273 674 1335 nostri
686 1272 892 1336 Innocentius
905 1271 960 1337 lll
977 1280 1009 1335 et
1029 1272 1193 1337 Honorius
1211 1272 1265 1337 111
1282 1277 1450 1337 commise-

311 1386 397 1457 rant)
412 1379 696 1443 contrahereticos
711 1378 906 1442 mirabiliter
916 1396 950 1441 se
962 1379 1071 1461 qessit,
1083 1379 1130 1442 ita
1144 1380 1224 1461 ipsc,
1237 1397 1316 1443 cram
1326 1381 1450 1443 nullam

312 1488 351 1551 iis
366 1486 563 1570 perditionis
582 1486 660 1565 filiis
683 1484 853 1549 monendis
875 1484 981 1549 locum
994 1486 1030 1549 in
1042 1487 1134 1549 ormi
1144 1504 1292 1549 sermone
1305 1504 1450 1570 unquam

312 1594 504 1677 reliquisset,
529 1601 599 1657 tum
622 1595 656 1655 in
676 1592 824 1656 obeundo
849 1593 1053 1675 inquisitoris
1074 1610 1219 1671 munere,
1247 1592 1314 1657 silri
1338 1595 1450 1658 litteris

308 1701 492 1785 apostolicis
505 1702 686 1779 commisso,
700 1701 787 1764 miro
801 1699 949 1783 quadam
961 1700 1133 1782 ditiqentia
1147 1699 1218 1763 illos
1232 1701 1391 1765 insectari
1401 1710 1447 1764 at-

310 1827 373 1891 que
387 1826 503 1891 urqere
516 1824 581 1871 non
595 1808 751 1872 destitit...
771 1807 989 1887 Quamobrem
1004 1815 1077 1889 post
1091 1807 1229 1872 Beatum
1242 1808 1449 1873 Dominirum

309 1934 375 1979 non
388 1917 549 1979 immerito
561 1916 711 1999 princeps
724 1914 887 1998 appellari
900 1914 993 1980 debet
1003 1918 1216 1980 sacro-sancti
1227 1915 1327 1997 officii
1342 1917 1447 2000 inqui·

310 2023 446 2099 sitionis,
468 2041 542 2086 cum
571 2023 638 2103 ipse
662 2024 793 2104 primus
820 2022 906 2085 illud
933 2041 992 2087 suo
1019 2026 1179 2105 sanquine
1204 2024 1446 2089 eonsecraverit.

309 2128 492 2197 Fatendum
503 2138 551 2196 est
566 2128 703 2196 maximi
715 2128 867 2218 ponderis
879 2152 948 2198 esse
961 2130 1121 2220 ejusmodi
1134 2131 1371 2216 testimonium,
1385 2130 1447 2222 quo

308 2246 374 2303 tam
388 2246 497 2327 operte
512 2237 545 2303 in
573 2236 710 2304 solemni
737 2236 904 2327 pontificis
917 2235 1009 2305 bulla
1025 2246 1136 2307 soncto
1150 2238 1325 2307 Dominico
1343 2238 1447 2307 Primi

308 2341 508 2433 inquisitoris
523 2342 637 2410 titulus
653 2342 849 2410 decernitur.
867 2342 930 2410 Coi
940 2351 1049 2411 tomen
1063 2344 1204 2412 Romani
1217 2343 1388 2413 Pontificio
1397 2368 1445 2413 ns·

307 2456 394 2517 serto
403 2470 468 2517 non
478 2470 547 2517 esse
561 2448 741 2517 necessario
756 2450 1000 2517 assentiendum
1012 2449 1176 2518 contendit
1186 2451 1446 2520 Cisterciensium

306 2556 477 2623 Annalista
493 2555 640 2644 Angelus
655 2554 829 2645 Maurique
847 2555 901 2645 (od
916 2578 1042 2625 onoum
1062 2560 1159 2641 rtet,
1175 2579 1245 2647 cop.
1266 2562 1300 2643 i,
1318 2580 1352 2627 n.
1383 2560 1444 2645 n),

304 2664 508 2732 adnotansiu
526 2663 613 2731 hunc
623 2662 759 2731 modum
774 2688 782 2729 :
802 2663 903 2731 «Uno
915 2664 1009 2731 nobis
1017 2662 1326 2732 Sixtchuctoritss
1335 2666 1446 2733 incutit

308 2795 326 2835 u
349 2770 576 2853 reverentiam,
593 2769 752 2837 incuteret
769 2777 905 2853 metum,
922 2769 950 2836 si
965 2769 1167 2838 nesciremus
1177 2771 1353 2839 materiam
1367 2770 1445 2839 hanc

309 2905 325 2941 n
349 2879 483 2946 omniuo
497 2900 539 2945 ex
555 2878 619 2945 illis
645 2899 726 2960 esse,
753 2877 787 2943 in
809 2876 930 2966 quibus
957 2898 1157 2947 successores
1174 2877 1263 2946 Petri
1278 2900 1444 2969 nunquam

309 3014 324 3049 u
348 3008 503 3070 asserere,
514 2984 637 3053 nedum
650 2983 803 3069 definire;
820 2985 877 3053 sed
893 2984 1028 3076 praecise
1041 2983 1082 3051 od
1094 3006 1315 3072 communem,
1333 2995 1366 3054 et
1381 2986 1444 3076 ple·

308 3117 324 3155 a
348 3114 487 3185 rumque
500 3092 540 3160 ad
558 3091 738 3183 petentium
756 3101 898 3159 mentem
923 3090 1014 3181 loqui
1029 3092 1065 3159 in
1088 3112 1150 3159 usn
1165 3090 1351 3161 habeant.»
1369 3092 1444 3159 Haec

303 3200 342 3267 de
373 3200 592 3291 inquisitionis
613 3198 770 3287 delegatae
798 3197 938 3286 origine.
956 3197 1189 3267 Adnotandum
1204 3208 1352 3267 remanet
1365 3222 1443 3290 quo·
1490 3277 1491 3282 .

302 3306 399 3376 modo
415 3306 449 3373 in
466 3307 636 3397 plerosque
649 3305 737 3373 orbis
754 3304 902 3373 catholici
920 3314 1026 3394 portes
1035 3305 1197 3373 institutio
1210 3303 1281 3373 hreo
1296 3328 1440 3396 permes-
1490 3305 1491 3386 i

302 3414 360 3483 rit.

345 3522 403 3591 tv.
425 3526 471 3590 De
483 3520 723 3613 propaqatione
736 3518 894 3610 deleqatee
905 3519 1128 3610 inquisitionis
1138 3541 1199 3610 per
1213 3520 1302 3589 orbis
1309 3523 1442 3613 prooirr·
1489 3563 1490 3594 r

298 3630 378 3697 cias.
396 3630 541 3697 -Cum
556 3628 680 3717 singuli
695 3627 834 3715 delegati
859 3626 1068 3717 inquisitores
1083 3627 1118 3693 in
1131 3626 1272 3716 singulis
1285 3628 1350 3697 sibi
1365 3630 1440 3697 ussi·
1489 3603 1490 3692 i

301 3738 408 3826 gnatis
429 3735 618 3825 regionibus
632 3757 691 3803 suo
717 3734 926 3825 particularia
944 3733 1122 3801 tribunalis
1137 3732 1308 3820 heberent,
1324 3746 1358 3804 et
1370 3735 1439 3804 offi·
1488 3793 1489 3806 .

302 3843 389 3910 cium
416 3864 513 3910 suum
540 3850 738 3926 exercerent,
761 3840 839 3909 Sodi
856 3840 1051 3931 Apostolicae
1068 3841 1177 3909 visum
1190 3850 1240 3909 est
1265 3850 1302 3909 nt
1328 3843 1437 3912 Romo

300 3948 523 4019 institueretur
535 3970 726 4039 supremum
741 3958 774 4015 et
788 3948 970 4015 universale
984 3947 1147 4038 ejusmodi
1161 3947 1319 4037 delegetis
1335 3949 1438 4040 inqui-

301 4056 427 4125 sitionis
449 4056 606 4140 tribunat,
622 4057 675 4123 cui
691 4056 799 4124 caeteri
813 4055 891 4124 dicti
909 4054 1116 4145 inquisitores
1140 4076 1198 4146 per
1209 4056 1325 4123 orbem
1342 4056 1436 4149 sparsi
1487 4053 1488 4066 ¹

333 4298 365 4363 (t)
377 4298 474 4361 Nempe
486 4299 575 4350 beetur
590 4300 679 4350 Petrus
690 4304 795 4366 martyr.
