3050 4984
283 435 345 501 tsi
645 456 820 503 rotmarus
850 456 886 501 nn
909 455 1041 501 runicus.

279 600 355 647 casn
373 577 547 671 procedere
567 576 629 645 nisi
646 577 738 669 prius
756 583 880 647 constet
898 576 940 646 de
960 576 1047 646 mma
1066 576 1196 668 publica
1210 598 1302 645 reum
1322 598 1417 645 amu-

279 693 387 772 sante3
404 683 460 753 sed
475 682 552 753 satis
564 691 613 752 est
625 693 664 752 nt
677 684 712 752 id
725 692 849 753 constet
861 682 965 776 judici
973 684 1047 775 ipsi.
1063 682 1158 753 Unde
1167 690 1338 775 postquam
1349 684 1418 774 ipse

273 788 377 879 judex
397 811 603 881 quocumque
624 790 720 859 mmo
739 790 781 859 de
802 790 862 859 bac
881 790 969 858 tama
988 789 1106 859 certior
1124 788 1227 856 lactus
1246 796 1312 873 est,
1334 810 1419 880 opus
1508 806 1509 845 1

275 917 340 963 non
354 904 403 963 est
417 902 452 963 nt
465 896 611 965 eamdem
628 897 775 966 notitiam
785 896 926 989 juridice
940 894 1095 987 acquirat.
1120 896 1229 986 Atque
1245 892 1279 962 id
1295 895 1416 986 passim

277 1002 409 1072 tradunt
424 1004 570 1072 doctores
585 1004 796 1071 unanimiter.

320 1112 352 1177 2.
369 1112 407 1177 ln
426 1111 521 1201 praxi
541 1119 652 1180 tamen
670 1110 803 1201 expedit
823 1110 978 1201 praemitti
999 1131 1127 1201 semper
1139 1108 1259 1177 dictum
1276 1108 1316 1178 de
1330 1110 1418 1177 lama
1509 1166 1510 1205 ,

274 1216 537 1285 informationem
552 1216 740 1310 juridicam.
761 1217 845 1285 Nam
868 1218 895 1285 si
914 1240 986 1283 eam
1001 1216 1103 1307 judex
1124 1216 1283 1299 omiserit,
1300 1217 1419 1306 poterit
1509 1228 1510 1235 ’

274 1346 350 1392 rens
373 1324 414 1392 ad
438 1324 583 1416 judicem
609 1325 811 1416 superiorem
836 1324 1014 1416 appellare,
1039 1322 1220 1415 objiciendo
1243 1345 1358 1413 nempe
1382 1346 1417 1391 se

271 1430 392 1521 absque
406 1432 534 1523 praevia
547 1432 695 1518 infamia,
711 1455 748 1500 ae
760 1430 897 1523 proinde
913 1431 1033 1523 injuste
1051 1438 1083 1499 et
1100 1429 1235 1498 nnlliter
1246 1428 1345 1497 luisse
1360 1429 1417 1497 iu·
1510 1468 1511 1521 ;

273 1537 442 1628 quisitum.
459 1538 530 1607 lmo
544 1538 708 1629 postulare
721 1540 837 1630 poterit
853 1548 890 1606 nt
899 1537 1003 1629 judex
1013 1538 1164 1621 inferior,
1179 1558 1239 1627 pro
1253 1536 1313 1604 bac
1326 1558 1417 1627 prae·
1510 1522 1511 1569 3

273 1653 364 1712 teum
383 1645 554 1738 injustitia,
573 1646 678 1737 poenis
696 1646 802 1737 ajure
820 1646 949 1715 statutis
967 1644 1168 1737 subjiciatur.
1186 1644 1279 1711 Tunc
1294 1665 1372 1711 vero
1389 1644 1418 1711 is

274 1753 438 1821 tenebitur
451 1754 657 1845 probationes
675 1754 715 1822 de
728 1754 853 1845 praevia
867 1754 1015 1840 infamia,
1031 1776 1113 1845 quas
1128 1750 1417 1843 extrajndieialiter
1511 1790 1512 1831 3

274 1857 399 1945 babuit,
415 1861 575 1951 superiori
592 1861 695 1954 judici
714 1861 881 1929 exhibere.
899 1860 993 1931 Unde
1013 1859 1054 1929 ad
1074 1857 1320 1952 precavendam
1341 1879 1414 1925 eam
1511 1862 1512 1871 ’

273 1964 508 2053 difficultatem,
524 1968 702 2036 consultius
710 1976 771 2055 est,
781 1968 908 2058 quoties
918 1990 976 2059 per
987 1966 1074 2037 uam
1087 1988 1185 2035 merae
1195 1964 1416 2057 inquisitionis

273 2073 475 2163 proceditur,
498 2083 534 2143 nt
554 2097 682 2165 semper
698 2072 840 2167 juridica
862 2075 901 2143 de
919 2073 1006 2143 lama
1026 2072 1213 2143 informatio
1234 2070 1415 2163 praemitta·
1512 2101 1513 2147 t

271 2190 327 2248 tur
346 2180 472 2250 :idest
492 2188 529 2251 ut
543 2182 773 2258 examinentur
793 2188 887 2250 testes
902 2182 986 2250 circa
1006 2181 1067 2251 boe
1083 2180 1219 2267 lactum,
1235 2201 1277 2246 an
1300 2201 1415 2247 revera
1512 2176 1513 2181 ’

269 2286 298 2353 is
312 2286 352 2355 do
365 2312 431 2380 qno
441 2288 619 2380 judicando
633 2289 755 2379 agitur,
770 2311 791 2357 a
804 2288 891 2357 fama
904 2290 1033 2380 publica
1052 2285 1242 2379 designetur
1256 2294 1412 2377 tanquam

271 2393 345 2461 talis
360 2396 468 2464 delicti
481 2418 568 2466 reus.

317 2505 348 2569 3.
369 2503 507 2585 Quando
519 2504 622 2595 judex
638 2504 900 2573 informationem
912 2503 1088 2594 juridicam
1108 2503 1246 2593 sumpsit
1265 2504 1305 2570 de
1323 2502 1414 2571 fama
1513 2486 1514 2553 7

271 2609 417 2699 publica,
445 2632 511 2678 non
538 2619 666 2679 tenetur
689 2610 824 2679 alteram
853 2611 892 2680 de
916 2610 1203 2701 semi-probatione
1228 2608 1411 2678 instituere.

270 2716 353 2783 Nam
374 2716 549 2807 ipsummet
566 2716 685 2785 factum
707 2718 803 2785 famas
823 2718 977 2809 publicas,
1000 2739 1093 2785 reum
1116 2716 1314 2806 designantis
1337 2726 1414 2784 tan-

270 2844 368 2912 quam
390 2822 498 2891 delicti
513 2830 689 2909 auctorem,
707 2832 754 2891 est
773 2824 812 2891 de
833 2824 906 2915 jure
925 2823 1124 2914 semi-plena
1144 2824 1303 2914 probatio.
1320 2823 1413 2913 Ergo

270 2937 372 3018 potest
390 2928 492 3021 judex
512 2930 553 2997 ad
576 2930 638 2998 Rei
660 2930 844 3000 citationem
866 2930 1054 3023 procedere,
1077 2929 1186 2998 statim
1207 2950 1243 2997 ac
1263 2929 1304 2996 de
1322 2929 1413 2999 fama

269 3036 399 3123 publica
410 3035 550 3129 juridice
561 3036 714 3105 constitit.

312 3146 342 3209 l.
359 3143 398 3210 ln
414 3144 509 3235 praxi
524 3152 631 3212 tamen
650 3144 794 3235 expedit,
817 3152 854 3213 ut
870 3154 1043 3237 antequam
1062 3145 1103 3213 ad
1124 3143 1291 3213 citandum
1313 3164 1410 3212 reum

267 3248 471 3339 deveniatur,
490 3251 547 3319 liat
567 3251 798 3320 informativus
817 3274 987 3343 processus
1007 3253 1047 3321 de
1067 3252 1170 3344 ipsius
1189 3250 1297 3319 delicti
1319 3252 1411 3319 veri-

267 3365 347 3437 tale;
370 3379 411 3425 ne
433 3358 592 3427 inutiliter
615 3359 818 3426 vexationem
840 3360 952 3427 subeat
973 3382 1061 3447 rens,
1084 3360 1111 3427 si
1132 3359 1215 3428 forte
1237 3358 1409 3444 innocens,

267 3485 333 3530 non
351 3464 496 3532 obstante
510 3464 671 3532 contraria
685 3464 784 3550 lama,
801 3464 990 3557 reperiatur.
1009 3465 1050 3533 Et
1066 3464 1199 3556 quidem
1214 3465 1259 3531 ita
1275 3461 1411 3554 expedit

266 3570 337 3637 fieri
358 3593 542 3661 processum
563 3571 657 3639 illum
681 3571 945 3659 informativum,
968 3582 1005 3641 nt
1022 3573 1128 3663 plenas
1151 3580 1311 3663 quantum
1334 3570 1410 3640 fieri

264 3677 365 3767 possit
386 3677 591 3767 probationes
613 3676 804 3746 habeantur.
827 3678 907 3745 Inde
926 3679 1015 3747 enim
1036 3679 1138 3748 multo
1158 3678 1285 3747 lucilius
1305 3700 1410 3769 expe-

264 3783 372 3853 dietur
383 3784 514 3875 proprie
526 3784 634 3852 dictus
648 3806 827 3875 processus,
845 3785 942 3855 citato
957 3808 1012 3855 reo
1029 3785 1246 3877 incipiendus.
