3050 4984
546 533 620 582 rsus
644 533 790 582 sueonos.
1130 574 1132 580 .
1171 513 1230 580 503

96 650 226 734 electus,
244 651 355 720 electio
375 653 448 745 ipso
464 653 526 722 erit
551 677 653 735 cassa,
671 666 702 724 et
730 655 853 726 nullius
867 656 1009 738 catari„
1026 668 1056 724 et
1079 667 1236 748 provocat

95 756 140 824 ab
155 779 194 826 ea
208 757 255 826 ad
264 759 444 849 superiores
457 759 505 828 ad
515 783 595 851 quas
605 759 645 828 de
655 761 747 851 jure.
767 762 907 837 Artincli
915 773 1029 832 autem
1043 773 1118 832 sunt
1132 790 1143 830 :

144 868 212 932 «1⁰
239 865 337 949 Quod
351 866 529 958 pedatus
553 867 704 944 dominus
728 871 772 940 N.
804 881 849 938 est
874 868 1057 961 imperitus,
1081 883 1112 938 et
1139 871 1237 939 nescit

94 995 173 1062 quse
196 986 273 1041 sum
298 973 477 1042 necessaria
500 973 547 1042 ad
573 997 646 1043 eam
671 973 879 1067 dipnitatem,
898 977 1059 1049 nimirum
1074 1000 1237 1046 canonum

87 1081 178 1169 jura
192 1092 223 1148 et
236 1103 367 1150 sacram
380 1082 590 1174 tbeoloqiam.

145 1189 210 1255 «2⁰
228 1187 327 1271 Quod
345 1211 411 1256 non
435 1189 532 1258 babet
549 1202 681 1258 atatem
695 1191 924 1284 praesmptam
941 1218 953 1258 .·
970 1192 1050 1282 (seu)
1066 1191 1164 1260 babet
1183 1205 1236 1260 ta·

92 1295 161 1363 lem
176 1295 454 1384 irrepularitatem
462 1319 503 1366 ec
515 1295 640 1388 defectu
652 1320 709 1366 seu
722 1297 849 1366 delicto.

144 1429 162 1468 a
179 1404 212 1470 3⁰
229 1402 326 1486 Quod
337 1403 501 1472 commisit
523 1403 590 1474 tale
608 1403 764 1474 delictum
779 1405 843 1495 (hia
855 1403 1075 1494 describatur,
1085 1404 1236 1476 adnotato

91 1509 179 1596 loco,
191 1517 350 1600 tempore,
359 1511 550 1602 caeterisque
559 1511 838 1602 circumstantiis).

86 1704 94 1715 .
144 1617 220 1684 «Et
234 1626 327 1686 testes
339 1617 531 1688 incessarios
544 1615 830 1708 adprobationem
839 1617 994 1709 producit
1005 1617 1175 1690 dominum
1190 1621 1234 1689 N.

94 1731 127 1786 et
143 1718 318 1789 dominum
340 1724 383 1792 N.
400 1744 499 1812 super
508 1723 620 1813 primo
634 1722 793 1806 articulo;
812 1722 986 1792 domiuum
1001 1726 1044 1794 N.
1073 1736 1170 1814 atque
1190 1727 1232 1794 N.

92 1849 193 1917 super
207 1827 345 1897 serundo
362 1879 415 1911 ...,
431 1837 491 1897 ele.
507 1833 635 1903 Datum
649 1829 702 1900 die
774 1831 890 1899 mensis
955 1853 1084 1900 anno...
1106 1869 1148 1882 -
1161 1833 1234 1922 Epo

91 1936 140 2002 N.
156 1934 293 2026 excipio,
308 1947 482 2028 protestor,
499 1936 583 2007 insto
599 1949 631 2008 et
644 1937 787 2030 appello,
801 1949 840 2006 ut
854 1959 968 2032 supra.
986 1963 1003 2002 s

613 2205 635 2295 ς
657 2204 717 2273 1v.

187 2375 280 2426 Formi
292 2373 374 2425 libelli
386 2373 540 2439 exceptori,
551 2374 722 2426 criminaliter
736 2375 865 2439 propositi
879 2377 970 2426 contra
984 2375 1142 2440 eligendam.

135 2607 152 2639 «
176 2582 298 2649 Coram
315 2581 490 2646 reverendo
509 2582 566 2660 N.,
583 2581 847 2646 reverendissimi
863 2581 1019 2665 Episcopi
1036 2582 1077 2649 N.
1109 2583 1235 2648 Vicario

88 2688 249 2771 penerali,
271 2697 438 2772 comparet
453 2689 606 2753 daminus
626 2689 682 2766 N.,
705 2696 737 2752 et
756 2687 846 2766 dicit,
871 2688 969 2772 quod,
991 2707 1065 2754 eum
1080 2691 1233 2771 probabi-

86 2797 181 2874 liter,
205 2805 242 2860 ut
265 2797 479 2860 communiter
501 2797 726 2872 existimatur,
749 2797 854 2877 possit
879 2795 958 2878 elipi
984 2798 1019 2860 iu
1042 2799 1233 2864 canonicum

87 2904 171 2985 (vel,
192 2904 266 2984 ete.)
286 2902 437 2968 dominus
458 2903 514 2980 N.,
532 2921 692 2985 manuum
715 2901 876 2966 damnum
899 2901 1051 2968 Ecclesia
1076 2907 1233 2980 eveniret3

86 3019 162 3074 tum
179 3011 259 3092 quia
275 3011 373 3074 multi
385 3011 454 3092 ipso
473 3011 637 3093 dipniares
655 3017 687 3072 et
699 3010 807 3090 mapis
822 3009 972 3074 Ecclesin
988 3011 1129 3092 proficui
1147 3013 1232 3095 abji-

85 3125 256 3196 cerentur;
270 3126 339 3181 tum
360 3119 440 3199 quia
459 3118 526 3200 ipse
544 3116 604 3200 qui
617 3116 737 3198 dipnus
754 3123 804 3178 est
820 3116 1003 3198 punitione,
1018 3116 1059 3180 ob
1076 3119 1132 3180 sui
1143 3119 1234 3183 mala

82 3226 195 3307 sacto,
215 3225 395 3308 impunitus
414 3224 566 3290 euaderet
584 3243 660 3290 curn
680 3221 836 3289 scandalo
859 3221 1065 3304 pusillorum.
1092 3226 1233 3292 Proinde

86 3331 159 3413 ipse
177 3349 378 3413 comparens,
400 3350 465 3396 nou
488 3330 561 3396 dala
583 3331 689 3408 malo,
712 3347 815 3412 sieque
838 3347 879 3392 ca
902 3328 1091 3409 inimicitia,
1115 3333 1174 3396 sed
1192 3352 1233 3398 ec

81 3456 175 3522 puro
195 3437 264 3502 zelo
285 3437 410 3520 publici
436 3438 513 3501 boni
534 3446 641 3501 matus
662 3437 711 3519 (ut
727 3438 835 3519 jurat,
857 3437 891 3498 in
918 3435 968 3500 bis
988 3439 1127 3520 scriptis)
1149 3442 1233 3504 euci-

84 3563 167 3629 pere
183 3553 296 3609 eontra
314 3553 534 3610 memoratum
553 3543 725 3608 dominum
745 3546 787 3612 N.
809 3544 957 3623 intendit,
972 3563 1013 3608 ne
1028 3544 1076 3609 ad
1089 3543 1233 3628 diyuita-

89 3662 158 3718 tem
177 3653 326 3735 aliquam
345 3659 534 3717 assumatur
538 3669 553 3732 ;
575 3659 606 3715 et
628 3651 699 3715 ideo
724 3651 950 3734 infrascriptos
972 3651 1136 3727 articulos,
1159 3673 1181 3716 a
1202 3673 1235 3718 se

84 3759 275 3844 probandos
290 3777 350 3842 per
368 3759 515 3842 lepitima
533 3758 738 3836 documenta,
753 3759 813 3824 sub
828 3777 928 3842 piena
945 3759 1235 3825 calumniatoribus

88 3867 200 3932 debita
213 3867 372 3950 proponit
389 3865 524 3930 :calens
539 3865 631 3950 quad
648 3866 688 3930 de
708 3865 833 3931 delictis
853 3865 1081 3948 infrascriptis,
1103 3867 1142 3931 de
1160 3869 1234 3950 pui-

89 3977 151 4040 bus
169 3973 357 4058 excipienda
376 3992 451 4038 eum
464 3980 606 4050 accusat,
621 3972 823 4040 eduliorum
837 3973 1022 4056 exemplum
1039 3981 1071 4036 et
1085 3973 1134 4038 ad
1146 3975 1236 4054 juris

88 4101 255 4160 normam,
280 4083 468 4164 eastipetur.
487 4081 701 4147 Protestando
722 4079 762 4144 de
780 4079 930 4146 nullitate
948 4080 1120 4158 electionis,
1142 4083 1173 4145 si
1193 4082 1241 4146 ad

88 4209 165 4255 eam
186 4189 384 4266 decernetur,
400 4195 432 4253 et
445 4190 480 4252 in
491 4187 685 4270 predictam
707 4187 877 4252 dominum
902 4187 942 4256 N.
968 4186 1070 4264 cadet,
1096 4205 1161 4254 non
1182 4208 1236 4254 eu·

89 4305 167 4364 rata
185 4299 340 4379 prusenti
359 4297 555 4382 exceptione,
571 4303 602 4360 et
619 4295 661 4360 ab
674 4313 715 4361 ea
732 4313 773 4363 eu
791 4313 876 4362 nunc
891 4313 955 4384 pro
976 4303 1051 4360 tune
1067 4307 1237 4397 provocat,
