3050 4984
530 552 604 599 rans
627 552 772 600 sueonos.
1154 534 1215 598 113

97 695 151 740 non
170 671 281 764 dejicit
298 673 377 763 jam
398 687 603 764 promotum.
631 677 709 742 Post
732 675 1015 765 confirmationem
1037 697 1124 754 vero,
1145 695 1220 741 urm

19 789 20 798 ‘
96 779 193 847 reddet
209 777 411 848 odorandis
426 780 527 870 riserit
548 781 668 870 uliquis
681 794 741 848 out
763 782 865 849 etiam
879 780 1112 850 cornecrondns
1128 781 1221 871 (quia

96 887 181 954 enom
192 887 235 955 ab
251 885 423 956 obtinendo
437 889 564 979 repellit
579 901 609 956 et
621 889 733 980 dejicit
749 891 791 957 ab
807 890 960 980 obtento),
978 889 1025 958 ud
1037 887 1221 957 entraordi-

95 995 210 1061 narium
222 1016 359 1084 poenam
373 993 550 1062 secundnm
564 995 740 1062 arbitrium
748 993 875 1086 judicis
886 995 1027 1075 dumeti,
1049 995 1132 1062 citra
1145 994 1222 1061 vin-

94 1101 191 1168 culum
214 1101 445 1191 inscriptionis,
469 1113 515 1168 est
531 1102 693 1192 campinio
706 1100 959 1191 distrinqendus,
975 1102 1003 1169 si
1024 1101 1173 1191 desecuit
1188 1099 1223 1166 in

90 1207 260 1298 probando.
279 1208 327 1298 (C.
350 1212 403 1294 16,
422 1209 470 1275 tit.
491 1211 521 1293 1,
535 1208 591 1276 lib.
610 1209 844 1298 sueonum
853 1231 919 1298 qua
927 1209 1010 1298 lege,
1024 1211 1070 1275 sic
1085 1209 1223 1298 quanio

93 1316 245 1406 proposita
260 1315 415 1384 solvenda
431 1317 519 1383 venit
538 1343 545 1383 :
565 1317 688 1407 primo,
717 1328 795 1384 unte
820 1316 1103 1406 continuationem
1120 1315 1225 1400 electi,

92 1423 250 1512 excipiens
263 1443 328 1489 non
344 1423 519 1490 teneturad
529 1443 598 1490 sese
610 1423 856 1491 inscribendum
865 1425 899 1490 in
909 1444 1056 1515 poenam3
1072 1431 1116 1506 et,
1129 1423 1158 1488 si
1168 1421 1226 1488 dc·

93 1530 170 1596 ficiat
194 1531 228 1596 in
256 1529 436 1621 probando,
458 1551 524 1597 non
539 1529 685 1620 punitur.
705 1529 866 1611 Senendo,
891 1529 1023 1620 quando
1050 1529 1170 1596 electus
1184 1527 1227 1595 ad

93 1637 311 1727 praelaturam,
328 1635 518 1726 dignitatem
542 1636 594 1704 vel
607 1635 813 1724 beneficium,
831 1636 1115 1727 confinnationem
1129 1637 1227 1702 etiam

91 1743 237 1828 obtinuit,
254 1744 298 1810 ita
311 1752 348 1810 ut
363 1743 427 1834 ipsi
445 1765 510 1811 non
525 1743 608 1810 desit
622 1743 685 1810 nisi
699 1743 862 1812 ordinatio
877 1745 929 1811 vel
942 1744 978 1810 in
993 1743 1227 1833 possessionem

93 1849 210 1934 missio,
228 1849 257 1915 si
271 1849 426 1938 objiciens
447 1849 495 1916 illi
514 1848 681 1934 delictum,
705 1851 740 1917 in
762 1849 930 1942 probando
952 1849 1093 1932 deficiat,
1117 1849 1227 1940 puniri

92 1957 179 2024 dehet
203 1955 463 2024 extraordinaria
479 1977 592 2046 poena3
619 1955 675 2024 sed
692 1963 801 2024 tamen
816 1957 913 2024 etiam
929 1965 1006 2023 tunc
1022 1978 1087 2024 non
1106 1977 1228 2046 praere-

90 2065 227 2155 quiritur
243 2063 413 2153 inscriptio
428 2063 463 2130 in
478 2064 607 2132 talionis
621 2085 763 2156 poenam.

561 2439 704 2510 CAPUT
731 2441 774 2511 V.

108 2659 144 2700 DE
168 2656 333 2703 PROOESSUS
356 2658 554 2705 Accusasonn
579 2661 615 2704 ΕΤ
639 2660 832 2716 rnourslsolur
857 2661 992 2724 onrcmu,
1017 2662 1055 2706 ET
1076 2659 1147 2714 Qum
1169 2661 1207 2704 DE

209 2775 351 2830 UTROQUE
373 2775 576 2840 summanum,
603 2776 780 2832 orsoursmo
802 2777 1105 2824 ΗῐδΤῦΗίὒΟ-ῦΗΙΤΙῦΑ.

129 3032 318 3102 Pnorosrno
332 3033 373 3100 1³.
394 3071 439 3084 —
453 3037 621 3102 Processns
637 3034 858 3101 accusatorius
869 3033 955 3100 solus
975 3033 1103 3100 videtur
1117 3035 1151 3100 in
1165 3037 1232 3102 Ec·

87 3137 181 3205 clesiu
195 3141 392 3230 seculariter
406 3140 592 3221 obtinuisse,
608 3162 670 3231 per
684 3140 792 3208 decem
806 3154 866 3207 out
879 3140 1028 3207 undecim
1039 3140 1156 3230 pnoro
1169 3164 1230 3209 sse·

85 3249 170 3312 nola.
190 3283 236 3297 -
250 3246 342 3314 Hanc
356 3247 493 3315 maximi
509 3249 665 3315 momenti
680 3249 808 3332 thesim,
825 3247 1015 3338 prinsquam
1030 3248 1231 3316 documentis

86 3351 275 3440 fulciamus,
299 3376 407 3444 operae
434 3355 574 3446 pretium
597 3355 659 3422 erit
679 3355 750 3446 ejus
766 3375 899 3421 sensum
914 3365 1061 3421 accurate
1076 3355 1230 3423 determi-

85 3481 195 3547 nasse,
208 3483 249 3528 ne
263 3461 315 3528 cui
331 3462 705 3550 remaneatambiguitati
721 3461 821 3528 locus.
838 3461 1028 3528 Processum
1040 3483 1118 3552 ergo
1132 3485 1231 3530 acen-

83 3567 252 3635 satorium
266 3567 479 3657 intelligimus
495 3567 600 3654 illum,
617 3569 652 3635 in
667 3590 732 3660 quo
742 3568 915 3636 intervenit
924 3577 1088 3636 accusator
1101 3572 1231 3660 proprie

81 3671 206 3761 dictus,
225 3675 258 3742 id
274 3686 334 3762 est,
352 3684 422 3742 tum
437 3697 457 3742 a
476 3675 598 3766 judice,
616 3685 686 3743 tum
701 3697 721 3742 a
735 3673 851 3742 Fiscsli
869 3684 900 3742 et
915 3675 979 3742 alio
993 3675 1136 3766 quolibet
1149 3676 1231 3746 offi-

81 3782 156 3848 ciali
181 3781 315 3872 publico
338 3780 520 3850 distinctus.
545 3783 630 3850 Itum
651 3791 759 3849 autem
782 3782 921 3849 dicimus
942 3804 1014 3849 eam
1037 3783 1231 3872 procedendi

79 3886 231 3956 formam
250 3909 308 3978 per
323 3888 474 3957 undecim
489 3890 598 3981 priora
613 3887 733 3958 saecula
748 3890 908 3956 cadusios
923 3912 1156 3980 perseverasse,
1172 3914 1231 3960 ex-

78 3995 214 4063 clusam
234 3996 498 4086 pronuntiamus,
514 4019 570 4064 seu
587 3995 733 4065 nondum
749 3997 928 4083 inductam,
945 3997 1142 4088 inquisitorii
1154 4020 1233 4088 pro-

78 4123 198 4171 cessus
215 4125 377 4170 normam.
394 4103 431 4170 ld
447 4113 554 4170 tamen
563 4102 724 4192 intelligat
738 4103 838 4172 lector
849 4103 1056 4194 seculariter,
1074 4127 1130 4172 seu
1144 4106 1233 4172 exci-

79 4210 210 4297 piendo
225 4231 338 4277 casum
364 4209 471 4278 delicti
485 4209 608 4276 notorii
634 4237 645 4275 :
669 4231 743 4277 nam
766 4209 897 4302 quando
917 4211 961 4278 ita
986 4212 1149 4278 notorium
1166 4223 1235 4280 erat

80 4317 214 4386 crimen
231 4326 268 4385 ut
289 4319 476 4408 probatione
501 4341 567 4385 non
587 4317 760 4407 indigeret,
786 4328 818 4386 et
845 4319 943 4410 (quod
958 4319 993 4385 in
1012 4320 1236 4390 notorietatem

262 4445 292 4488 ιι.
1066 4437 1085 4489 8
