3050 4984
294 456 357 521 ceo
669 475 846 525 retornus
869 477 1064 525 neruorum.

293 621 310 662 (ε
333 596 396 685 rei,
412 595 453 666 de
467 621 533 691 qna
546 605 715 686 tractatur,
730 599 978 694 importantiam
993 607 1026 668 et
1051 600 1246 691 gravitatem
1259 625 1270 688 3
1282 607 1317 670 et
1338 599 1426 694 qnod

294 704 485 776 «imminet
514 728 611 799 prena
639 706 826 777 triremium
856 715 889 778 et
918 707 1138 800 fustigationis
1167 707 1343 800 deponenti
1372 709 1429 778 lal-

293 837 310 878 «
329 834 415 883 sum.

337 948 355 986 c
371 926 404 990 2ο
418 923 641 1015 Interrogctur
652 923 693 994 de
704 923 850 1008 nornine,
861 923 1069 1016 cognomine,
1079 922 1195 1018 patria,
1214 931 1322 1013 aetate,
1338 947 1429 996 exer·

167 1026 170 1033 “
295 1055 312 1094 c
335 1030 411 1100 citio
425 1039 458 1100 et
469 1032 678 1102 habitatione.

335 1139 402 1204 «³⁰
424 1139 479 1207 An
492 1139 534 1209 ait
549 1139 631 1208 ciria
647 1139 698 1208 vel
714 1146 863 1218 exterum
881 1148 914 1210 et
927 1146 1089 1231 quatenus
1104 1138 1146 1207 sit
1160 1146 1306 1227 exterus,
1335 1163 1428 1233 aquo

291 1251 478 1337 «tempore
492 1253 541 1315 cst
555 1247 592 1315 in
603 1247 674 1316 loco
687 1269 753 1338 quo
768 1247 857 1315 testis
869 1245 938 1339 ipse
952 1246 1097 1339 deponit.
1492 1255 1493 1258 ’

334 1379 352 1417 c
368 1358 402 1424 4⁰
416 1355 469 1422 An
486 1353 529 1423 ad
543 1376 684 1424 examen
696 1354 868 1424 accesserit
881 1362 994 1446 sponte
1009 1354 1060 1422 vel
1077 1354 1251 1446 requisitus
1268 1382 1276 1424 :
1292 1355 1322 1424 ai
1336 1355 1428 1425 dixe-

290 1486 308 1526 c
329 1461 372 1528 rit
385 1461 556 1531 accessisse
582 1470 696 1554 sponte
718 1462 885 1531 anemine
912 1461 1118 1553 requisitum,
1136 1459 1332 1550 dimittatur,
1356 1464 1428 1555 quia

289 1569 544 1661 «presumitur
577 1568 733 1638 mendax.
769 1568 910 1639 sivero
937 1567 1059 1638 dixerit
1088 1569 1257 1638 acassam
1286 1571 1427 1663 requisi-

288 1701 306 1741 a
328 1683 412 1764 tum,
430 1676 651 1766 interrogetur
678 1700 699 1745 a
725 1699 803 1769 qno,
820 1676 873 1746 vel
897 1700 917 1746 a
943 1676 1075 1768 quibus,
1092 1675 1162 1766 uhi,
1184 1675 1331 1768 quando,
1348 1701 1426 1770 quo-
1492 1683 1493 1756 l

288 1807 305 1848 c
328 1782 438 1870 modo,
455 1806 565 1853 coram
579 1783 711 1876 quihus,
724 1792 756 1854 et
769 1784 896 1876 quoties
910 1784 1009 1853 fuerit
1023 1783 1211 1876 requisitus,
1228 1791 1261 1852 et
1281 1807 1325 1853 an
1353 1785 1427 1854 sciat

287 1915 305 1957 «
327 1889 438 1960 edeam
452 1891 585 1985 aliquod
599 1891 876 1984 impedimentum
892 1891 978 1960 inter
991 1890 1181 1962 contrahere
1195 1891 1352 1961 volentes:

330 2001 398 2065 ((5ο
423 1998 646 2089 interrogetur
672 2020 715 2066 an
729 1997 792 2066 sihi
807 2019 868 2090 pro
892 1996 953 2066 hoc
978 1996 1164 2067 testimonio
1178 1995 1315 2068 terendo
1332 1998 1426 2068 luerit

287 2128 304 2167 α
326 2103 449 2196 aliquid
464 2103 588 2192 datum,
605 2105 818 2197 promissum,
835 2103 1023 2193 remissum,
1036 2103 1089 2173 vel
1103 2103 1250 2173 oblatum
1267 2113 1425 2175 econtra·
1492 2105 1493 2180 l

285 2235 302 2275 «
325 2211 403 2280 here
419 2210 615 2299 volentibus,
632 2212 685 2282 vel
698 2212 740 2281 ab
753 2212 831 2298 elic,
849 2211 995 2303 ipsorum
1012 2211 1157 2281 nomine.
1492 2185 1493 2280 l

330 2344 347 2383 ι(
362 2321 395 2386 6⁰
405 2318 628 2409 Interrogctur
641 2341 685 2387 an
699 2327 872 2410 cognoscat
885 2319 972 2410 ipccs
987 2317 1178 2387 contrahere
1190 2317 1349 2407 volentes,
1362 2329 1424 2388 eta
1492 2315 1493 2408 l

284 2451 301 2491 a
323 2434 445 2518 quanto
461 2434 621 2516 tempore3
639 2426 674 2494 in
686 2449 752 2518 quc
764 2425 848 2513 loco,
866 2447 932 2518 qua
943 2425 1121 2512 occasione,
1134 2433 1167 2493 et
1179 2424 1275 2517 cujus
1287 2427 1423 2518 qualita-
1492 2423 1493 2496 l

283 2560 301 2598 c
323 2535 364 2601 tis
375 2533 428 2600 vel
442 2532 637 2603 conditionis
651 2532 805 2601 existant.
824 2532 860 2602 Si
875 2531 1079 2624 responderit
1090 2532 1240 2624 negative
1256 2534 1358 2623 testis,
1376 2534 1422 2602 ‹li-
1492 2589 1493 2592 ,

283 2665 299 2706 c
323 2640 469 2708 mittatur
486 2667 495 2707 ε
513 2640 541 2708 ai
556 2661 635 2709 vero
650 2638 859 2726 affirmative,

325 2771 342 2810 c
358 2750 392 2812 7⁰
406 2745 630 2835 interrogetur
643 2767 686 2813 an
700 2745 892 2814 contrahere
907 2745 1053 2815 volentes
1067 2747 1132 2815 sint
1142 2747 1231 2815 cives
1242 2747 1296 2816 vel
1305 2749 1420 2818 exteri.
1492 2725 1493 2812 l

281 2879 299 2918 c
321 2853 415 2922 -Si
430 2852 634 2945 responderit
648 2874 718 2921 esse
728 2859 870 2940 exteros,
887 2851 1136 2944 supersedeatur
1150 2853 1186 2921 in
1201 2853 1333 2923 licentia
1344 2877 1421 2924 con-

279 2985 297 3026 u
319 2959 482 3048 trahendi,
504 2960 608 3029 donec
633 2981 693 3051 per
718 2958 841 3028 litteras
866 2957 1033 3028 Ordinarii
1057 2959 1205 3051 ipsorum
1233 2961 1421 3031 contrahere
1492 3021 1493 3036 ,

278 3201 296 3242 c
319 3198 384 3268 quo
396 3182 644 3267 permanserunt
657 3173 693 3241 iu
709 3195 769 3241 sua
781 3173 910 3242 civitate
923 3174 976 3242 vel
987 3173 1129 3244 dioecesi.
1147 3172 1199 3243 Ad
1214 3173 1417 3266 probandum

277 3307 295 3348 a
317 3303 397 3350 vero
418 3279 610 3350 eorumdem
624 3279 816 3350 contrahere
831 3280 1015 3349 volentium
1039 3289 1162 3349 statmo
1186 3280 1332 3350 liberum
1363 3303 1418 3373 pro

276 3389 444 3481 «reliquo
472 3388 630 3480 temporis
656 3389 781 3480 spatio,
814 3387 952 3474 scilicet,
981 3409 1084 3480 usque
1119 3386 1161 3456 ad
1198 3396 1417 3480 tempusque

276 3495 432 3565 «volunt
446 3495 648 3580 contrahere,
676 3494 893 3564 admittantur
918 3502 1014 3563 testes
1041 3493 1162 3581 idonei,
1189 3495 1248 3586 qui
1274 3494 1416 3586 legitime

274 3629 292 3669 a
313 3612 346 3672 et
360 3601 589 3672 concludenter
600 3600 765 3694 deponant
778 3611 901 3670 etatum
922 3601 1064 3672 liberum
1088 3603 1282 3672 contrahere
1305 3604 1416 3672 volen-

275 3737 293 3776 ι(
317 3711 414 3797 tium,
430 3719 463 3778 et
486 3708 626 3777 reddant
646 3707 860 3778 sufficientem
883 3709 1043 3778 rationem
1058 3731 1166 3778 causa
1181 3731 1298 3779 eorum
1315 3709 1417 3778 scien-

274 3818 383 3904 «tiae,
399 3817 521 3908 absque
547 3836 586 3884 eo
612 3815 701 3908 qnod
717 3825 889 3885 teneantur
916 3815 1044 3885 deterre
1070 3816 1288 3885 attestationes
1319 3815 1415 3885 Ordi-

274 3925 486 3993 «uariorum
507 3921 666 4009 locorum,
693 3922 730 3989 in
755 3923 877 4014 quibus
904 3923 1096 3993 contrahere
1119 3923 1266 3992 volentes
1291 3946 1414 3994 moram

273 4059 292 4099 a
315 4035 560 4101 traxerunt-
573 4027 612 4097 Si
635 4049 714 4098 vero
729 4029 935 4121 responderit
958 4029 1150 4100 contrahere
1174 4030 1323 4100 volentes
1350 4051 1414 4099 esse

274 4167 292 4206 c
314 4140 414 4224 cives,

315 4272 333 4312 a
364 4249 396 4312 8⁰
425 4246 648 4336 loterrogetnr
676 4244 831 4337 subque
859 4243 1013 4337 parochia
1044 4245 1200 4320 hactenus
1223 4247 1413 4322 contrahere

1492 2507 1493 2542 l

1492 2543 1493 2587 t

1492 2813 1493 2862 t

1492 2905 1493 2988 l

279 3068 500 3138 «volentium
514 3067 668 3136 doceatur
690 3066 731 3134 de
756 3088 871 3136 eornm
897 3067 1001 3136 libero
1026 3075 1122 3154 statu,
1148 3066 1188 3136 de
1213 3090 1252 3137 eo
1279 3076 1420 3160 tempore
