3050 4984
534 539 608 585 r‘ans
631 539 775 584 saeuum.
1161 521 1222 584 115

92 654 205 724 «dere
230 657 290 748 (t),
323 657 432 726 docuit
454 680 546 728 reum
575 659 643 727 sine
673 668 857 728 accusatore
891 681 955 727 non
983 659 1100 731 debere
1131 659 1223 730 darn·

92 791 107 828 a
129 765 213 852 nari,
238 773 295 832 aut
310 775 528 836 accusatorem
543 789 618 834 aum
632 789 714 852 esse,
731 766 788 858 qui
801 766 905 858 judex
920 766 954 834 in
969 789 1008 834 ca
1021 789 1118 836 causa
1132 768 1222 836 futu-

92 899 107 935 «
128 895 186 940 rus
201 880 290 942 est...
308 873 428 941 Duma
452 872 533 942 Cain
548 872 647 942 frater
661 872 744 942 Abel
765 883 848 942 esset
862 872 997 958 occisus,
1012 875 1131 944 lectum
1147 886 1196 944 est
1212 901 1221 941 ι

93 988 160 1046 ret
186 979 314 1048 vocavit
340 980 427 1048 Dens
453 979 546 1066 Cain,
573 989 605 1049 et
629 979 845 1070 interrogavit
865 1003 941 1048 eum
959 980 1016 1048 ubi
1033 989 1116 1049 esset
1128 981 1227 1051 frater

91 1085 199 1176 «ejus
230 1113 237 1152 :
268 1085 322 1154 ille
347 1095 513 1178 peccatum
541 1085 723 1178 duplicans,
754 1087 846 1179 qnasi
875 1087 1080 1176 ignorantem
1107 1088 1225 1159 taceret

92 1191 246 1279 «Deum,
275 1194 399 1262 nescire
426 1216 460 1262 se
490 1192 586 1262 dixit.
607 1193 648 1262 Et
671 1193 803 1285 quando
828 1201 935 1284 posset
960 1194 1084 1262 nescire
1099 1195 1223 1287 aliquid

92 1327 107 1364 a
129 1301 301 1391 Dominus,
317 1301 377 1370 sub
401 1302 496 1394 cujus
511 1301 614 1371 oculis
641 1312 672 1370 ct
687 1302 781 1372 vultu
795 1313 872 1370 sunt
887 1302 998 1371 omnia
1011 1325 1085 1394 quae
1101 1326 1224 1394 gerun-

91 1435 107 1472 ιι
126 1413 199 1476 turt
214 1409 255 1478 Et
281 1419 388 1478 minen
404 1409 491 1478 Deus
507 1410 579 1477 sine
604 1419 788 1478 accusatore
816 1431 881 1478 non
904 1409 1029 1501 judicat
1052 1422 1110 1479 :et
1124 1412 1225 1480 inter-

90 1544 105 1578 «
128 1528 222 1607 rogat
244 1518 359 1608 utique
381 1517 469 1610 quod
499 1527 645 1586 noverat.
676 1518 716 1586 Et
738 1539 797 1586 vos
822 1517 922 1586 vultis
939 1526 975 1586 ut
988 1518 1225 1587 abstineremus

91 1651 107 1686 a
127 1647 225 1715 quem
241 1647 308 1692 non
323 1625 467 1694 vidimus
482 1625 607 1717 aliquid
623 1624 700 1693 mali
716 1623 902 1710 facientem,
919 1626 1019 1717 etqui
1030 1625 1225 1696 nullumba·

91 1759 107 1794 a
128 1733 199 1800 buit
214 1741 446 1802 accusatorem.
475 1732 581 1802 Video
597 1732 743 1801 hocloco
764 1732 851 1824 quod
869 1732 995 1800 invidia
1007 1733 1225 1803 submurmu-

91 1849 177 1906 aret
192 1851 311 1908 vestra.
340 1840 453 1908 Dicitis
468 1839 557 1908 enim
583 1862 649 1907 non
665 1862 725 1908 nos
751 1839 886 1908 latuisse
910 1839 998 1930 quod
1024 1840 1145 1908 factum
1165 1853 1223 1910 est.

92 1945 284 2014 «Fatemur
307 1969 367 2015 nos
381 1944 546 2016 audivisse
572 1970 578 2008 :
605 1946 661 2014 sed
674 1955 846 2037 ¹peccatum
873 1954 943 2013 erat
970 1945 1125 2015 damnare
1149 1970 1224 2016 eum

90 2079 104 2116 a
126 2075 226 2144 quem
243 2075 338 2122 nemo
354 2065 403 2122 est
418 2077 518 2122 ausus
539 2075 689 2143 arguere.
712 2053 777 2122 Sed
791 2054 820 2120 si
835 2052 985 2120 dixeritis
996 2054 1074 2144 quia
1088 2077 1154 2123 non
1170 2078 1228 2124 nos

89 2161 221 2230 «latuit
246 2161 380 2246 factum,
411 2160 507 2229 dicite
533 2161 598 2230 Deo
629 2183 730 2252 quara
760 2161 984 2249 interrogavit,
1016 2162 1073 2252 qui
1102 2162 1227 2230 viderat

88 2295 103 2330 a
125 2268 353 2358 parricidium.
370 2268 436 2336 Nec
450 2267 563 2336 illudo
580 2267 672 2336 nobis
684 2267 755 2334 lieri
769 2269 912 2358 oportuit
924 2268 1012 2357 quod
1021 2268 1109 2336 Deus
1118 2268 1224 2337 facere

87 2375 245 2462 «noluit,
263 2375 527 2466 quisententiam
552 2375 657 2444 uoluit
678 2374 786 2442 dicere
809 2375 874 2440 nisi
897 2395 962 2442 reo.
989 2372 1101 2443 Redde
1127 2397 1224 2444 accu-

87 2511 101 2544 ι
124 2493 282 2566 satorem,
299 2482 444 2574 alioquin
461 2503 527 2551 non
540 2489 648 2572 posset
658 2481 746 2572 justa
760 2503 830 2548 esse
845 2482 1043 2548 sententia...
1062 2481 1137 2551 ldeo
1153 2483 1198 2551 ait
1215 2511 1223 2550 ε

87 2616 101 2651 a
125 2589 209 2656 Ecce
226 2589 358 2678 sanguis
374 2589 484 2657 fratris
507 2589 554 2656 tui
575 2589 692 2654 clamat
707 2587 747 2656 ad
764 2611 814 2655 me
828 2587 869 2654 de
886 2598 984 2655 terra,
1001 2588 1108 2668 Quare
1121 2599 1153 2655 et
1169 2612 1227 2657 vos

86 2723 100 2758 a
123 2719 202 2762 cum
220 2696 357 2763 minima
373 2695 510 2786 probare
526 2694 656 2785 possitis
676 2695 717 2762 ab
739 2695 849 2784 aliquo
865 2694 951 2784 aprrd
967 2717 1026 2762 nos
1040 2706 1225 2763 accusatum

85 2831 99 2866 a
122 2825 196 2870 asse
211 2801 428 2888 Macbnrinm,
453 2811 680 2872 nostrumnon
696 2802 829 2892 potestis
844 2801 1000 2869 damnare
1014 2802 1186 2893 judicium.
1205 2831 1221 2867 o

83 2909 204 3000 {Opera
227 2913 329 2978 sancti
345 2909 466 3000 Optati,
482 2909 565 2976 libro
583 2914 614 2995 7,
631 2909 716 2977 circa
734 2909 846 2995 finem,
864 2932 939 2999 pag.
968 2914 1042 2996 112,
1067 2911 1143 2978 edit.
1162 2913 1227 2980 Pa·

81 3017 164 3084 risiis
186 3019 285 3084 1631.
292 3033 300 3105 t
320 3016 435 3086 Fateor
452 3038 503 3084 me
519 3016 580 3084 boc
600 3015 794 3085 documento
810 3016 903 3084 valde
924 3017 1059 3085 moveri.
1087 3018 1123 3085 Si
1138 3020 1225 3088 enim

81 3123 205 3193 licitum
232 3133 264 3192 et
280 3121 411 3192 solitum
426 3132 504 3191 tuuc
520 3123 673 3214 temporis
695 3123 809 3190 fuisset
824 3146 881 3214 per
898 3125 984 3191 viam
1006 3125 1226 3216 inquisitionis

80 3230 270 3320 procedere,
298 3230 492 3322 respondere
516 3238 663 3321 poterant
686 3230 862 3298 Donatistae
892 3255 899 3293 :
928 3232 955 3298 si
979 3245 1144 3301 accusator
1168 3236 1225 3304 da·

79 3337 150 3427 ruit,
171 3337 269 3407 vobis
282 3339 379 3404 etiam
395 3336 658 3420 concedentibus,
676 3358 741 3402 non
756 3334 861 3403 defuit
874 3337 1021 3404 criminis
1034 3337 1120 3406 fama
1139 3362 1146 3401 τ
1164 3361 1223 3407 cur

78 3469 154 3534 argo
170 3469 217 3513 cx
234 3443 340 3512 officio
362 3465 547 3534 processum
570 3465 635 3510 non
658 3442 856 3527 instituistis,
879 3453 910 3512 et
925 3444 960 3509 in
978 3466 1070 3512 reum
1085 3446 1226 3537 inquisi-

16 3629 17 3632 ,
79 3556 194 3622 vistis?
500 3627 501 3632 γ

119 3667 153 3728 2⁰
167 3664 228 3731 Es
241 3673 354 3729 sancto
369 3659 562 3750 Auqustino.
574 3697 617 3711 -
636 3658 730 3727 «Nos
747 3681 854 3728 veroa
869 3660 1096 3730 communione
1111 3663 1224 3752 prohi-

16 3821 18 3848 ,
81 3799 96 3835 ι
117 3771 200 3839 bere
223 3789 423 3860 quemquam
440 3790 506 3836 non
521 3789 706 3858 possumus,
724 3767 790 3833 nisi
809 3776 866 3835 aut
886 3776 1000 3858 sponte
1025 3769 1221 3858 confessum,

16 3879 17 3886 ’
81 3905 95 3942 a
116 3888 178 3946 aut
199 3877 237 3944 in
258 3876 367 3965 aliquo
383 3873 451 3942 sive
467 3874 613 3944 saecrrlari
629 3875 697 3941 sive
713 3873 925 3941 ecclesiastico
935 3873 1058 3964 judicio
1072 3879 1221 3946 nomina·

80 4015 93 4049 a
115 3999 192 4054 tum
206 3994 304 4074 atque
320 3981 516 4050 convictum.
535 3981 615 4061 Quis
630 3981 717 4047 enim
733 3980 795 4047 sibi
811 3989 987 4071 utrumque
1000 3981 1116 4050 audeat
1130 4007 1221 4053 assu·

80 4113 228 4176 amare,
255 4099 289 4157 ut
312 4089 466 4178 cuiqnam
502 4088 570 4178 ipse
594 4089 635 4154 sit
657 4096 823 4155 accusator
844 4099 875 4154 ct
892 4087 1060 4176 judex‘t...
1096 4091 1221 4171 Quibus

105 4327 135 4392 (t)
148 4325 232 4375 Forte
246 4319 385 4384 legendnm
398 4320 548 4370 ostenderet.
