3050 4984
528 461 602 508 rurs
624 461 769 508 sununs.
1175 439 1235 506 119

15 581 16 662 ξ
98 578 181 650 «de
207 589 394 652 resumunt
421 583 677 676 frequentatione
705 603 742 652 rc
770 581 1008 652 cohabitatione
1032 581 1239 674 presbytero·

96 716 114 754 a
139 711 217 758 rum
241 699 354 760 contra
376 691 567 760 canonicum
595 689 804 759 interdictum
830 708 906 758 rum
929 688 1086 776 laminis,
1115 688 1239 758 morde

15 795 16 798 ’
95 825 115 861 ιι
134 797 261 886 fiterint
280 799 436 882 censori,
452 806 501 867 est
516 795 760 889 inquirendum.
779 795 876 882 Quis,
893 805 930 863 nt
951 802 1081 864 sanctru
1095 797 1233 864 Ambro

96 933 114 967 ι
139 906 209 973 sius
231 905 321 992 dicit,
339 904 460 997 iudicis
477 927 544 974 non
560 911 609 974 est
631 903 700 972 rinc
722 915 909 972 accusatore
927 900 1100 989 damnare3
1118 903 1241 993 quiret

97 1039 115 1076 ι
138 1011 301 1080 Dominus
314 1009 447 1099 ludum,
463 1033 538 1082 cnm
554 1011 609 1080 tur
623 1021 718 1096 esset,
741 1009 897 1101 qnoniam
917 1030 984 1077 uon
998 1018 1046 1077 est
1060 1019 1239 1095 accusatus,

97 1145 115 1182 a
139 1117 276 1186 minime
289 1117 415 1210 abjecit.
434 1144 451 1184 ι
474 1118 591 1210 (citato
606 1115 775 1208 opuscn10,
793 1139 827 1183 n.
847 1115 915 1206 11.)
928 1115 1023 1184 Unde
1032 1116 1129 1207 juxta
1144 1116 1241 1207 hujus

95 1224 253 1315 temporis
275 1224 496 1316 disciplinam,
515 1225 666 1316 quamvis
684 1223 846 1314 Episcopo
865 1231 980 1291 notum
1003 1222 1086 1291 foret
1097 1222 1240 1314 aliquem

98 1331 327 1422 presbyterum
351 1331 464 1401 illicita
482 1331 690 1401 foeminarum
714 1329 972 1422 frequentatione
994 1330 1239 1417 commaculari,

94 1459 161 1506 uon
184 1447 293 1508 tamen
312 1439 346 1506 in
362 1461 437 1508 enrn
457 1439 548 1530 prins
566 1437 726 1528 judicium
741 1435 983 1524 instituebatur,
1001 1459 1100 1528 quam
1119 1437 1160 1506 ab
1181 1438 1242 1507 ali·

95 1567 161 1635 quo
183 1554 369 1614 accusatore
390 1545 514 1614 crimen
537 1554 619 1612 esset
642 1543 796 1612 delatum.
822 1545 1001 1612 Accusator
1017 1549 1127 1612 sutem
1147 1544 1244 1635 juxta

96 1649 250 1719 eumdem
274 1651 490 1720 Hincmarum
514 1649 683 1719 tenebatur
708 1649 742 1717 in
768 1651 893 1718 crimen
916 1649 1131 1737 subscribere,
1158 1661 1195 1720 ut
1215 1653 1243 1718 si

95 1757 178 1826 [also
194 1781 360 1828 accusasse
383 1756 693 1850 deprehenderetur,
716 1777 848 1848 poenam
870 1756 1144 1827 calumniatorum
1165 1758 1244 1826 suh—

15 1883 16 1920 2
95 1864 156 1932 iret
182 1893 190 1932 :
216 1892 233 1929 ι
257 1866 329 1957 lpse
359 1865 416 1957 qui
442 1863 565 1933 crimen
597 1863 747 1949 intendit,
781 1886 926 1957 praesens
954 1887 1012 1954 per
1041 1887 1074 1932 se
1104 1875 1243 1952 accuset,

15 1959 16 1978 ¹
100 1971 350 2063 «inscriptione
370 1971 551 2064 praemissa.
577 1970 687 2064 (ibid,
711 1994 745 2038 n.
776 1970 820 2060 t.)
847 1971 949 2038 Juxta
969 1962 1075 2060 legem
1098 1968 1245 2043 Valenti·

100 2107 115 2144 a
138 2079 231 2148 niani
246 2087 278 2148 et
294 2077 440 2150 Valentis
451 2079 515 2148 nisi
527 2078 736 2170 inscriptione
749 2078 921 2164 celebrate,
939 2099 1032 2145 reum
1048 2101 1244 2171 quemquam

98 2213 114 2250 ι
137 2209 207 2256 non
222 2187 312 2274 fieri3
330 2187 407 2278 qnia
426 2187 508 2256 sicut
523 2185 709 2255 convictum
729 2207 828 2278 poena
846 2184 1052 2274 constringit,
1073 2186 1170 2254 itaet
1191 2210 1245 2254 ac-

15 2365 16 2370 ,
98 2320 114 2357 ι
136 2301 322 2362 curatorem
343 2293 370 2360 si
387 2315 453 2361 non
470 2291 659 2384 probaverit
671 2288 760 2382 quod
776 2289 905 2381 objecit.
922 2289 963 2359 Et
981 2289 1110 2379 legibus
1125 2292 1245 2360 consti-

15 2483 17 2500 .
97 2427 115 2464 r
137 2408 249 2468 tutum
273 2410 321 2467 est
344 2408 380 2468 ut
401 2400 562 2490 scriptura
580 2398 724 2489 prolator
746 2396 905 2485 affirmet3
931 2396 1027 2488 cujus
1047 2398 1075 2465 si
1098 2419 1163 2466 non
1186 2400 1244 2468 ad-

15 2507 17 2568 l
97 2535 113 2571 r
137 2507 299 2575 struxerit
320 2507 500 2591 renotem,
520 2513 556 2574 nt
579 2503 727 2574 fusione
749 2526 843 2572 reum
867 2526 936 2576 esse
960 2504 1191 2592 retinendnm3
1212 2516 1245 2574 et

96 2643 111 2678 o
136 2612 289 2682 criminis
313 2615 401 2706 quod
424 2613 561 2706 probare
584 2612 806 2704 nequiverunt
825 2611 997 2699 delatores,
1015 2620 1051 2680 ut
1069 2612 1192 2703 perjuri
1207 2637 1244 2682 ae

15 2791 16 2800 χ
96 2749 113 2784 ι
135 2721 289 2789 falsitatis
310 2722 358 2790 rei
377 2720 554 2789 damnandi
574 2727 662 2806 sunt,
683 2718 768 2788 sicut
784 2718 839 2788 lex
859 2718 998 2787 Honorii
1018 2726 1050 2786 et
1070 2718 1243 2788 Theodosii

98 2855 114 2892 a
138 2829 298 2898 decrevit.
314 2855 331 2894 ι
348 2828 457 2920 (lhid.,
474 2851 507 2896 u.
527 2830 572 2918 6.)

134 2937 301 3007 Gaeteruur
328 2934 460 3027 qnando
483 2935 652 3027 presbyter
674 2958 693 3003 a
712 2933 834 3027 populo
853 2935 1076 3023 recumbatur,
1101 2955 1159 3004 nec
1179 2937 1242 3004 cri-

15 3047 16 3052 ’
93 3066 168 3112 men
197 3043 331 3134 probari
352 3049 513 3134 potuerat,
543 3041 583 3110 nd
607 3040 841 3134 jusjurandum
868 3040 1107 3110 recurrebutur.
1134 3044 1244 3113 Accu·

92 3161 183 3220 satus
198 3171 316 3242 nempe
335 3173 434 3243 supra
454 3159 594 3242 quatuor
609 3147 798 3239 Evangeliis
815 3148 1001 3240 juramento
1016 3171 1051 3217 se
1068 3149 1241 3220 innoxium

93 3257 296 3338 affirmabam
323 3266 419 3348 prout
439 3265 576 3345 constet,
604 3267 672 3325 tum
695 3279 736 3324 err
760 3255 857 3324 citato
878 3255 1047 3324 Hincmari
1070 3260 1240 3349 opusculo,

92 3377 161 3435 tum
179 3387 221 3433 ex
238 3364 380 3457 quodam
397 3363 505 3434 Caroli
520 3364 630 3453 Magni
652 3361 824 3454 capitulari
840 3361 875 3429 in
888 3383 954 3454 quo
967 3362 1013 3430 sic
1028 3363 1213 3435 decernitur
1230 3395 1240 3438 z

95 3501 111 3536 ι
135 3473 215 3542 ldeo
228 3472 378 3540 consultu
390 3469 484 3540 Sedis
496 3469 733 3562 Apostolicaeet
746 3470 896 3538 omnium
908 3479 1093 3540 nostrorum
1108 3472 1244 3564 Episco-

15 3593 17 3672 t
96 3608 112 3644 ι
136 3601 257 3671 porum
271 3629 324 3666 ...,
335 3576 834 3670 depurgationecriminatorum
845 3574 1047 3645 sacerdotum
1060 3586 1241 3649 tentatrec-

97 3715 112 3752 α
134 3687 296 3773 terimus,
318 3707 454 3776 eamque
474 3707 548 3753 curn
568 3684 703 3753 testibus
725 3685 820 3775 (sicut
838 3683 874 3752 in
895 3684 1050 3754 anteriori
1072 3687 1243 3778 capitulari

15 3789 17 3870 l
96 3804 251 3864 anostm
279 3794 472 3883 continetur)
502 3791 574 3860 fieri
599 3791 817 3878 decrevimus,
840 3792 995 3883 quoniam
1019 3795 1241 3866 nesciebamus

15 3883 17 3918 r
95 3931 111 3969 r
134 3901 289 3972 eamdem
304 3921 434 3968 causam
448 3921 468 3967 a
482 3899 582 3969 Beato
596 3898 756 3988 Gregorio
772 3898 862 3990 Papa
874 3921 944 3968 esse
957 3897 1143 3971 diffinitam.
1157 3904 1240 3973 Nam

95 4035 111 4074 r
135 4029 214 4080 eum
239 4007 431 4077 Wormatiae
454 4007 639 4098 generalem
662 4014 861 4074 mouentum
884 4005 1123 4096 habuissemus,
1145 4010 1243 4082 allata

15 4147 16 4186 1
97 4145 112 4180 r
135 4125 186 4185 est
201 4115 297 4184 nobis
308 4137 328 4184 a
340 4114 468 4184 Riculin
482 4112 995 4205 Mogontiacensimetropoliteno
1007 4115 1141 4206 epistola
1152 4117 1243 4188 Beati

15 4231 17 4318 ζ
98 4253 113 4290 ι
136 4223 291 4316 Gregorii
315 4222 424 4322 Pepae,
449 4223 483 4290 in
505 4245 571 4319 qua
591 4221 675 4292 inter
693 4229 811 4293 catere
831 4219 1079 4294 continebantur
1093 4222 1162 4294 buc
1178 4253 1185 4295 ι
1203 4226 1243 4302 de
