3050 4984
298 502 359 567 ‘tal
671 526 847 571 valclarus
868 526 908 571 on
928 526 1062 571 suornm.

298 644 485 713 traducatur
499 645 540 711 ad
556 644 699 714 tribunal
714 646 951 737 appellationis,
968 653 1072 737 potest
1084 644 1188 736 judex
1203 668 1224 711 a
1240 666 1305 734 qno
1326 664 1427 734 proce-

298 750 373 818 dere
389 750 428 818 ad
443 753 666 821 executionem
682 753 865 840 sententia,
879 776 899 821 a
914 776 980 844 qua
991 752 1054 821 fuit
1070 751 1283 844 appellatum.

342 860 483 941 Quasvru
501 863 545 928 5².
565 897 609 912 -
627 859 769 944 Quando
781 883 910 929 currere
924 859 1061 951 incipiat
1076 859 1161 926 anni
1173 859 1227 927 uel
1239 857 1365 925 benni
1376 868 1429 923 ter-

301 967 418 1049 minus,
443 966 490 1035 ad
507 967 769 1059 prosequendam
790 982 820 1035 et
843 966 1026 1058 finiendam
1042 966 1297 1058 appellationem
1315 984 1429 1031 conen·

302 1076 383 1140 sus?
405 1112 449 1125 -
475 1078 504 1140 1⁰
528 1074 666 1155 Quando
682 1075 863 1166 appellatur
876 1074 918 1142 ab
942 1074 1068 1142 actibus
1076 1070 1310 1164 judicialibus,
1338 1069 1431 1138 dictus

301 1180 463 1249 terminus
478 1204 609 1251 currere
624 1183 771 1274 incipite
786 1182 838 1249 die
853 1181 1054 1273 interpositas
1069 1178 1307 1271 appellationis.

349 1290 383 1353 2⁰
399 1286 434 1355 Si
459 1288 638 1379 appelletur
658 1290 883 1377 agravamine
898 1285 1166 1379 cetra-jndiciali
1177 1286 1245 1375 jam
1261 1284 1365 1371 illato,
1380 1285 1432 1351 ite·

303 1416 377 1461 rum
390 1394 525 1462 currito
541 1394 593 1463 die
603 1395 827 1487 appellationis
841 1394 1052 1487 interpositae.

351 1505 383 1568 3⁰
398 1502 436 1570 Si
452 1501 632 1594 appelletur
644 1526 664 1571 a
678 1503 868 1593 gravamine
883 1500 1063 1595 inserendo,
1080 1500 1194 1586 currit,
1210 1497 1366 1568 nonadie
1379 1520 1433 1591 quo

306 1609 402 1701 caepit
416 1609 524 1677 timeri
537 1632 726 1699 gravamen,
741 1611 793 1678 vel
806 1634 872 1702 quo
885 1609 1082 1702 appellatum
1094 1618 1142 1677 est
1156 1609 1197 1676 ab
1208 1607 1323 1677 eodem
1337 1606 1435 1675 laturo

306 1712 516 1801 gravamine;
539 1712 595 1781 sed
610 1713 848 1783 solummodoa
869 1714 922 1783 die
937 1736 1003 1805 quo
1018 1712 1058 1781 de
1071 1712 1157 1781 facto
1171 1732 1351 1801 gravamen
1366 1708 1435 1777 illud

307 1818 368 1885 fuit
383 1819 511 1887 illatum
538 1820 749 1909 (Clementina
766 1826 798 1907 3,
813 1820 853 1889 de
867 1820 1019 1912 Appell.).
1042 1818 1128 1887 Vide
1143 1815 1435 1907 Schmalzgmeber,

307 1926 403 1995 citato
413 1926 497 2013 loco,
514 1951 548 1996 n.
564 1931 630 2019 80.)

353 2032 497 2113 Quasnro
512 2040 558 2105 6².
576 2076 620 2089 -
636 2039 797 2121 menam
819 2036 885 2105 sint
894 2039 998 2128 justae
1012 2057 1118 2104 eausa
1131 2032 1325 2103 concedendi
1339 2054 1437 2100 seem-

310 2141 390 2209 dum
406 2167 531 2211 annam
547 2143 593 2213 ad
599 2144 864 2237 prosequendam
878 2158 907 2213 et
917 2142 1102 2236 finiendam
1116 2141 1391 2234 appellationem?
1403 2174 1438 2188 -

310 2250 487 2342 Sequentes
500 2262 668 2321 enumerat
684 2251 975 2341 Schmalzgrueber
992 2250 1168 2342 tintinna,
1183 2248 1262 2316 libri
1276 2252 1295 2315 2
1308 2248 1437 2325 Decret,
1493 2271 1494 2310 3

312 2381 344 2425 n.
367 2360 418 2447 81)
440 2385 448 2425 :
469 2363 499 2425 1⁰
518 2358 728 2451 silappellans
742 2381 783 2427 ex
799 2358 1001 2443 infirmitate,
1017 2365 1217 2451 paupertate,
1232 2354 1337 2423 aliave
1352 2351 1438 2420 simili

311 2488 407 2533 causa
421 2466 619 2557 impediatur
632 2468 809 2558 quominus
835 2467 919 2533 intra
934 2488 1058 2535 annum
1073 2463 1323 2556 appellationem
1342 2483 1440 2552 pruse-

312 2580 431 2662 qnatur
447 2586 477 2640 et
494 2575 654 2641 terminet.
673 2578 706 2641 2⁰
730 2573 766 2641 Si
780 2597 821 2641 ex
835 2573 987 2665 appellati
1009 2570 1224 2640 frustratoriis
1240 2566 1440 2637 dilationibus

311 2679 424 2746 aliisve
439 2679 563 2749 artibus
589 2680 675 2749 idem
690 2681 816 2749 oriatur
836 2680 1116 2773 impedimentum.
1137 2680 1168 2745 3⁰
1183 2676 1219 2745 Si
1234 2676 1442 2767 impedimen-

314 2795 381 2855 tum
398 2788 567 2877 proveuiat
580 2810 621 2855 ex
638 2788 708 2879 ipso
718 2787 828 2878 judice
843 2785 1080 2878 appellationis,
1098 2785 1155 2876 qui
1171 2784 1213 2852 ob
1228 2782 1441 2850 infirmitatem

315 2892 417 2961 aliave
433 2894 472 2961 de
488 2916 596 2977 causa,
612 2894 698 2962 intra
712 2894 857 2986 primum
871 2916 995 2962 annum
1011 2892 1179 2982 negotium
1193 2913 1259 2960 non
1276 2885 1440 2981 expedivit.

317 3005 349 3068 4⁰
377 3002 428 3069 Ex
460 3024 536 3070 casu
560 3001 705 3089 fortuito,
731 3010 811 3093 puta
835 3001 967 3093 quando
994 3001 1057 3067 viae
1086 3008 1164 3067 sunt
1191 2998 1321 3066 iniectae
1349 2990 1443 3063 hosti·
1494 3013 1495 3050 1

315 3108 389 3196 bus,
405 3117 463 3177 etc.

361 3216 424 3285 Sed
440 3218 633 3307 generaliter
648 3217 712 3286 diei
727 3227 832 3309 potest
846 3216 1062 3308 appellantem
1075 3213 1129 3304 jus
1145 3212 1265 3281 hahere
1279 3218 1316 3280 nt
1330 3208 1387 3278 sibi
1400 3229 1444 3273 se·

316 3326 442 3393 cundus
464 3348 571 3393 annus
595 3324 803 3411 covieedatur,
820 3324 947 3416 quoties
972 3323 1098 3414 probat,
1116 3343 1157 3389 ex
1185 3318 1381 3409 negligentia
1394 3336 1446 3382 aua

316 3454 382 3499 non
398 3434 596 3523 provenisse,
619 3432 708 3523 qnod
723 3434 809 3500 intra
824 3432 968 3523 primum
989 3451 1114 3497 annum
1129 3426 1374 3517 appellationem
1389 3442 1445 3489 non

317 3548 506 3630 prosecutus
520 3540 561 3607 sit
575 3548 632 3607 ant
646 3538 882 3607 terminaverit.

363 3649 509 3730 Quasrro
536 3652 583 3716 7².
615 3685 659 3698 -
673 3649 765 3719 Num
780 3646 883 3714 etiam
897 3644 988 3712 altra
1004 3641 1171 3712 biennium
1187 3638 1371 3732 appellanti
1381 3657 1446 3704 con·

319 3754 389 3823 cedi
423 3752 548 3836 debeat,
574 3753 707 3845 quondo
734 3754 818 3821 citra
843 3751 944 3844 ipsias
973 3748 1207 3841 neplipentiam
1230 3739 1448 3838 appellationis

320 3884 419 3931 cansa
435 3862 524 3929 intra
535 3860 703 3929 biennium
712 3860 812 3947 finita
824 3882 888 3926 reon
900 3862 967 3926 est?
982 3896 1027 3908 -
1037 3853 1316 3947 Respondendum
1325 3850 1448 3921 affirma·

323 3970 401 4057 tive3
420 3968 529 4056 idest,
556 3968 608 4036 vel
632 3965 738 4035 adhue
760 3967 791 4034 ei
816 3964 1072 4057 permittendum
1096 3970 1144 4029 est
1164 3971 1200 4029 ut
1214 3959 1449 4051 appellationem

322 4084 548 4168 prosequatur,
561 4074 613 4142 vel
620 4074 650 4142 ei
657 4072 915 4142 concedendaest
928 4070 1090 4139 restitutio
1105 4069 1139 4136 in
1147 4069 1327 4157 integrum.
1343 4066 1449 4155 Aperte

322 4184 468 4276 sequitur
490 4204 531 4250 ex
557 4181 708 4249 decretali
736 4182 792 4249 Ea
814 4180 945 4247 ratione
968 4177 1013 4266 (8,
1038 4174 1077 4244 de
1098 4174 1253 4267 appella,
1275 4174 1310 4240 in
1336 4194 1398 4263 qua
1414 4166 1449 4233 sie

321 4290 509 4359 slleuander
523 4288 567 4364 111
583 4316 590 4355 :
608 4288 649 4357 Si
664 4287 918 4384 appellationum
940 4281 1189 4375 lininio-elapso
1204 4278 1450 4371 netopositama
