3050 4984
295 507 355 572 598
671 527 847 576 anemonas
868 529 908 574 aa
929 525 1061 574 sumens.

295 650 391 713 tionis
405 665 537 713 cainam
550 650 739 731 reficientes,
754 650 971 729 concedimus,
993 657 1024 714 et
1043 667 1180 714 causam
1191 665 1291 731 super
1304 649 1369 712 lioc
1382 668 1436 711 ar-

295 756 392 820 ticulo
414 755 569 821 incidenti
593 757 640 822 ad
718 759 763 840 (ot
787 759 833 822 ibi
846 759 1048 840 exprimatur
1061 757 1266 823 immediatus
1276 757 1385 839 judex
1398 757 1436 820 ad

293 867 399 946 quom)
419 872 450 929 et
463 866 636 930 successive
650 865 698 928 ad
708 865 791 930 alios
802 874 902 947 prout
915 867 1040 949 dejure
1054 866 1256 949 ablepamus,
1271 873 1304 929 et
1321 867 1435 928 renuit

293 974 400 1037 timus.
417 971 616 1040 Intendmdo
637 973 797 1057 quodper
814 973 874 1038 loe
888 974 987 1038 talem
1008 993 1104 1039 reum
1116 993 1139 1037 a
1151 981 1263 1038 nostra
1271 972 1435 1055 jurisdic-

292 1081 377 1144 tione
390 1081 524 1146 minime
549 1080 744 1146 dimittimus
751 1101 762 1156 ,·
787 1081 845 1146 scd
857 1083 959 1164 ipsius
972 1101 1108 1147 causam
1128 1082 1306 1164 uidejure
1328 1099 1436 1164 prose
1497 1064 1498 1071 '

290 1188 358 1269 qui,
373 1205 412 1250 ao
429 1185 566 1268 diffinire
593 1188 674 1252 aelle
687 1190 952 1270 pronuntiamus.
968 1190 1132 1256 Datum...
1148 1225 1187 1236 -
1208 1189 1283 1272 Epo
1300 1189 1362 1269 N„
1384 1187 1435 1252 Vi-

292 1294 583 1378 carimpeneralis.
599 1295 795 1379 -quN.,
812 1299 1026 1362 actuarius.»
1258 1307 1262 1311 ’

741 1572 885 1641 CAPUT
908 1571 979 1641 LX.

533 1765 636 1810 tonna
659 1764 878 1811 aeosnowtimt
900 1765 1186 1812 navanffluuuat.

333 1963 348 2000 a
372 1940 457 2006 Cum
481 1938 632 2002 dominus
659 1939 700 2002 N.
729 1940 816 2020 (ola,
842 1943 879 2002 ut
901 1956 1010 2021 supra,
1040 1940 1212 2022 usquead
1240 1940 1294 2004 illa
1323 1941 1435 2016 verba,

290 2066 404 2110 oerum
417 2046 507 2129 quia)
529 2045 647 2112 Verum
661 2045 853 2128 quindenuo
867 2063 888 2108 a
903 2045 1029 2111 decreto
1044 2048 1226 2130 choctiona's
1240 2047 1435 2131 appellavit,

290 2162 321 2218 et
340 2153 500 2238 apostolos
508 2154 616 2236 petiit,
639 2155 791 2236 quamvis
812 2153 879 2217 linc
900 2171 986 2218 nova
1008 2155 1186 2238 appellatio
1201 2155 1295 2218 nolis
1311 2156 1436 2236 [rivola

290 2262 488 2343 sueritoisa,
504 2269 613 2324 tamen
638 2261 676 2324 ob
698 2268 845 2324 nostram
868 2264 1084 2327 reuerentiam
1108 2281 1187 2346 erpa
1210 2261 1256 2342 (ot
1274 2261 1321 2324 ibi
1337 2264 1436 2326 nomi·

291 2373 387 2432 netur
410 2369 512 2452 judex
535 2369 576 2432 ad
593 2372 712 2450 quom),
729 2378 760 2432 et
782 2368 864 2433 alios
884 2369 932 2432 ad
953 2389 1034 2452 quos
1059 2369 1248 2452 appellauit,
1264 2371 1435 2453 predicta

292 2475 505 2560 appellationi
517 2476 673 2540 ducimus
688 2475 911 2557 deserendum,
925 2485 957 2540 et
969 2475 1008 2540 de
1019 2477 1107 2558 sacto
1125 2477 1316 2558 detulimus,
1333 2487 1371 2542 et
1386 2498 1436 2562 pe-

295 2588 368 2648 titos
390 2584 550 2667 apostolos
569 2583 797 2648 reverentioles
815 2583 937 2647 harum
959 2585 1042 2648 serie
1054 2585 1270 2649 concedimus.
1297 2586 1433 2650 Dotion.

292 2727 330 2738 —
348 2691 420 2774 Epo
435 2692 490 2772 N,
513 2693 659 2760 Vicarius
672 2692 844 2774 pancratis.
862 2691 984 2774 -qu
995 2692 1050 2771 N„
1066 2693 1244 2757 actuarius.
1262 2717 1278 2749 υ

733 2976 877 3044 CAPUT
901 2973 987 3044 Lxl.

536 3169 639 3215 FORMA
662 3169 881 3216 apostolom
904 3169 1164 3216 nffltssomtuun.

338 3371 353 3404 a
370 3345 455 3413 Cum
476 3345 510 3407 in
523 3362 623 3408 causa
644 3344 754 3408 delicti
770 3344 810 3408 dc
832 3363 898 3428 quo
912 3345 1102 3427 diffamatia
1117 3345 1198 3425 (sivo
1211 3346 1433 3425 denuntiatus,

294 3455 362 3518 sivo
375 3453 555 3533 accusatus)
569 3453 637 3532 ficit
657 3450 810 3516 dominus
824 3452 858 3519 N
860 3499 880 3529 .,
895 3453 1087 3516 sententiam
1102 3451 1307 3531 definitivam
1322 3456 1434 3520 tuleri-

294 3580 378 3641 mus,
394 3568 424 3624 et
448 3567 595 3623 anostra
613 3560 771 3622 sententio
791 3559 967 3640 pradinas
984 3559 1136 3623 dominus
1148 3560 1190 3622 N.
1208 3561 1434 3642 appellaverit,

294 3680 326 3737 ot
336 3667 562 3752 provocaverit
574 3665 621 3728 od
704 3666 748 3746 (et
771 3665 815 3728 ibi
830 3667 1017 3730 nominetur
1039 3667 1248 3731 immediatus
1268 3669 1378 3750 judex
1398 3669 1435 3732 ad

293 3779 414 3864 quem),
439 3775 655 3840 etsnoccssioe
678 3773 725 3836 ad
746 3774 967 3856 Apostolioam
988 3773 1128 3853 Sedem;
1141 3774 1208 3836 Nos
1221 3775 1437 3857 appellationi

293 3884 492 3972 hujusmodi,
512 3890 625 3964 utpar
646 3887 702 3959 est,
722 3880 910 3961 deserentes,
931 3883 1040 3964 ipsum
1052 3881 1272 3964 appellantem
1287 3902 1310 3946 a
1326 3895 1434 3948 nostae

288 3995 415 4078 judicio
430 3990 637 4068 dimittimus,
650 3988 764 4069 atejus
783 4006 917 4053 causam
933 4007 1009 4054 cum
1021 3989 1119 4072 copia
1129 3996 1279 4053 actorum
1292 3992 1435 4073 sipillato

294 4102 341 4166 ad
347 4099 544 4185 praedictum
557 4099 600 4176 (et
609 4096 729 4160 iterum
743 4098 928 4162 nominetur
940 4095 1255 4178 immediatusjudex
1267 4098 1313 4162 ad
1326 4102 1433 4181 quom

293 4210 498 4275 remittimus·
514 4208 673 4273 ocum...
691 4239 728 4250 -
742 4189 817 4288 Epo
831 4206 886 4284 N·,
909 4205 1056 4274 Vicarius
1068 4205 1231 4290 pancratis
1255 4206 1291 4270 in
1308 4207 1433 4274 dioecesi

295 4321 337 4394 N.
353 4351 393 4364 -
404 4315 477 4398 Epo
493 4316 547 4396 N„
563 4315 743 4384 actuarius.
758 4335 772 4373 u
