<?xml version="1.0" encoding="UTF-8"?>
<!DOCTYPE html PUBLIC "-//W3C//DTD XHTML 1.0 Transitional//EN"
    "http://www.w3.org/TR/xhtml1/DTD/xhtml1-transitional.dtd">
<html xmlns="http://www.w3.org/1999/xhtml" xml:lang="en" lang="en">
 <head>
  <title>
</title>
<meta http-equiv="Content-Type" content="text/html;charset=utf-8" />
  <meta name='ocr-system' content='tesseract 3.04.00' />
  <meta name='ocr-capabilities' content='ocr_page ocr_carea ocr_par ocr_line ocrx_word'/>
</head>
<body>
  <div class='ocr_page' id='page_1' title='image "./tractatusdejudi00goog_0496.png"; bbox 0 0 3050 4984; ppageno 0'>
   <div class='ocr_carea' id='block_1_1' title="bbox 299 518 1064 592">
    <p class='ocr_par' dir='ltr' id='par_1_1' title="bbox 299 518 1064 592">
     <span class='ocr_line' id='line_1_1' title="bbox 299 518 1064 592; baseline -0.008 0"><span class='ocrx_word' id='word_1_1' title='bbox 299 518 361 592; x_wconf 75' lang='lat' dir='ltr'><em>lbi</em></span> <span class='ocrx_word' id='word_1_2' title='bbox 672 543 848 592; x_wconf 70' lang='lat' dir='ltr'><em>marmus</em></span> <span class='ocrx_word' id='word_1_3' title='bbox 871 545 909 590; x_wconf 79' lang='lat' dir='ltr'><em>nn</em></span> <span class='ocrx_word' id='word_1_4' title='bbox 931 542 1064 590; x_wconf 81' lang='lat' dir='ltr'><em>sumens.</em></span> 
     </span>
    </p>
   </div>
   <div class='ocr_carea' id='block_1_2' title="bbox 294 662 1438 1395">
    <p class='ocr_par' dir='ltr' id='par_1_2' title="bbox 294 662 1438 1395">
     <span class='ocr_line' id='line_1_2' title="bbox 297 662 1436 749; baseline -0.006 -18"><span class='ocrx_word' id='word_1_5' title='bbox 297 668 466 749; x_wconf 77' lang='lat' dir='ltr'><em>ditipentia</em></span> <span class='ocrx_word' id='word_1_6' title='bbox 487 675 519 730; x_wconf 94' lang='lat' dir='ltr'><em>et</em></span> <span class='ocrx_word' id='word_1_7' title='bbox 540 667 694 746; x_wconf 75' lang='lat' dir='ltr'><em>fidelitate</em></span> <span class='ocrx_word' id='word_1_8' title='bbox 720 667 822 730; x_wconf 85' lang='lat' dir='ltr'><em>simul</em></span> <span class='ocrx_word' id='word_1_9' title='bbox 848 665 1049 744; x_wconf 75' lang='lat' dir='ltr'><em>confidimus,</em></span> <span class='ocrx_word' id='word_1_10' title='bbox 1075 665 1109 726; x_wconf 87' lang='lat' dir='ltr'><em>in</em></span> <span class='ocrx_word' id='word_1_11' title='bbox 1136 662 1304 746; x_wconf 87' lang='lat' dir='ltr'><em>publicum</em></span> <span class='ocrx_word' id='word_1_12' title='bbox 1330 679 1436 725; x_wconf 83' lang='lat' dir='ltr'><em>curso</em></span> 
     </span>
     <span class='ocr_line' id='line_1_3' title="bbox 297 771 1436 857; baseline -0.004 -21"><span class='ocrx_word' id='word_1_13' title='bbox 297 793 378 851; x_wconf 86' lang='lat' dir='ltr'><em>rem,</em></span> <span class='ocrx_word' id='word_1_14' title='bbox 401 774 561 857; x_wconf 68' lang='lat' dir='ltr'><em>bajulum</em></span> <span class='ocrx_word' id='word_1_15' title='bbox 583 775 651 837; x_wconf 86' lang='lat' dir='ltr'><em>siue</em></span> <span class='ocrx_word' id='word_1_16' title='bbox 670 775 827 838; x_wconf 88' lang='lat' dir='ltr'><em>nuncium</em></span> <span class='ocrx_word' id='word_1_17' title='bbox 845 775 949 836; x_wconf 88' lang='lat' dir='ltr'><em>nostri</em></span> <span class='ocrx_word' id='word_1_18' title='bbox 967 771 1151 848; x_wconf 89' lang='lat' dir='ltr'><em>tribunalis,</em></span> <span class='ocrx_word' id='word_1_19' title='bbox 1169 780 1276 834; x_wconf 90' lang='lat' dir='ltr'><em>tenore</em></span> <span class='ocrx_word' id='word_1_20' title='bbox 1297 787 1436 851; x_wconf 70' lang='lat' dir='ltr'><em>prusen-</em></span> 
     </span>
     <span class='ocr_line' id='line_1_4' title="bbox 298 878 1436 964; baseline -0.005 -18"><span class='ocrx_word' id='word_1_21' title='bbox 298 885 391 963; x_wconf 90' lang='lat' dir='ltr'><em>tium,</em></span> <span class='ocrx_word' id='word_1_22' title='bbox 411 883 459 946; x_wconf 89' lang='lat' dir='ltr'><em>ad</em></span> <span class='ocrx_word' id='word_1_23' title='bbox 477 889 624 946; x_wconf 89' lang='lat' dir='ltr'><em>nostrum</em></span> <span class='ocrx_word' id='word_1_24' title='bbox 644 881 888 964; x_wconf 88' lang='lat' dir='ltr'><em>beneplacitum,</em></span> <span class='ocrx_word' id='word_1_25' title='bbox 910 883 1074 964; x_wconf 78' lang='lat' dir='ltr'><em>clipimus,</em></span> <span class='ocrx_word' id='word_1_26' title='bbox 1089 881 1312 946; x_wconf 90' lang='lat' dir='ltr'><em>constituimus</em></span> <span class='ocrx_word' id='word_1_27' title='bbox 1335 886 1366 940; x_wconf 89' lang='lat' dir='ltr'><em>et</em></span> <span class='ocrx_word' id='word_1_28' title='bbox 1385 878 1436 940; x_wconf 86' lang='lat' dir='ltr'><em>de·</em></span> 
     </span>
     <span class='ocr_line' id='line_1_5' title="bbox 294 985 1438 1072; baseline -0.005 -20"><span class='ocrx_word' id='word_1_29' title='bbox 294 999 466 1072; x_wconf 87' lang='lat' dir='ltr'><em>putamus;</em></span> <span class='ocrx_word' id='word_1_30' title='bbox 490 1009 566 1053; x_wconf 92' lang='lat' dir='ltr'><em>cum</em></span> <span class='ocrx_word' id='word_1_31' title='bbox 594 989 755 1067; x_wconf 86' lang='lat' dir='ltr'><em>oneribus,</em></span> <span class='ocrx_word' id='word_1_32' title='bbox 774 991 956 1072; x_wconf 78' lang='lat' dir='ltr'><em>privilepiis</em></span> <span class='ocrx_word' id='word_1_33' title='bbox 982 999 1013 1053; x_wconf 92' lang='lat' dir='ltr'><em>et</em></span> <span class='ocrx_word' id='word_1_34' title='bbox 1036 988 1257 1053; x_wconf 75' lang='lat' dir='ltr'><em>emolumentis</em></span> <span class='ocrx_word' id='word_1_35' title='bbox 1285 985 1387 1048; x_wconf 74' lang='lat' dir='ltr'><em>solitu</em></span> <span class='ocrx_word' id='word_1_36' title='bbox 1408 993 1438 1047; x_wconf 92' lang='lat' dir='ltr'><em>et</em></span> 
     </span>
     <span class='ocr_line' id='line_1_6' title="bbox 297 1095 1436 1177; baseline -0.009 -15"><span class='ocrx_word' id='word_1_37' title='bbox 297 1100 465 1162; x_wconf 87' lang='lat' dir='ltr'><em>consuetis.</em></span> <span class='ocrx_word' id='word_1_38' title='bbox 480 1099 601 1162; x_wconf 83' lang='lat' dir='ltr'><em>Dentes</em></span> <span class='ocrx_word' id='word_1_39' title='bbox 616 1097 674 1160; x_wconf 84' lang='lat' dir='ltr'><em>tibi</em></span> <span class='ocrx_word' id='word_1_40' title='bbox 693 1115 822 1160; x_wconf 90' lang='lat' dir='ltr'><em>omnem</em></span> <span class='ocrx_word' id='word_1_41' title='bbox 835 1097 1026 1177; x_wconf 71' lang='lat' dir='ltr'><em>facultatem</em></span> <span class='ocrx_word' id='word_1_42' title='bbox 1041 1095 1254 1160; x_wconf 84' lang='lat' dir='ltr'><em>necessariam</em></span> <span class='ocrx_word' id='word_1_43' title='bbox 1274 1101 1306 1157; x_wconf 90' lang='lat' dir='ltr'><em>et</em></span> <span class='ocrx_word' id='word_1_44' title='bbox 1317 1109 1436 1174; x_wconf 86' lang='lat' dir='ltr'><em>oppor-</em></span> 
     </span>
     <span class='ocr_line' id='line_1_7' title="bbox 296 1203 1437 1286; baseline -0.008 -16"><span class='ocrx_word' id='word_1_45' title='bbox 296 1215 422 1282; x_wconf 89' lang='lat' dir='ltr'><em>tunam,</em></span> <span class='ocrx_word' id='word_1_46' title='bbox 443 1205 586 1286; x_wconf 74' lang='lat' dir='ltr'><em>officium</em></span> <span class='ocrx_word' id='word_1_47' title='bbox 611 1207 762 1281; x_wconf 87' lang='lat' dir='ltr'><em>cursoris,</em></span> <span class='ocrx_word' id='word_1_48' title='bbox 781 1205 847 1268; x_wconf 84' lang='lat' dir='ltr'><em>siue</em></span> <span class='ocrx_word' id='word_1_49' title='bbox 869 1205 973 1286; x_wconf 81' lang='lat' dir='ltr'><em>bajuli</em></span> <span class='ocrx_word' id='word_1_50' title='bbox 996 1203 1166 1268; x_wconf 75' lang='lat' dir='ltr'><em>exercendi</em></span> <span class='ocrx_word' id='word_1_51' title='bbox 1185 1205 1217 1264; x_wconf 89' lang='lat' dir='ltr'><em>in</em></span> <span class='ocrx_word' id='word_1_52' title='bbox 1239 1207 1306 1264; x_wconf 86' lang='lat' dir='ltr'><em>tota</em></span> <span class='ocrx_word' id='word_1_53' title='bbox 1326 1208 1437 1262; x_wconf 86' lang='lat' dir='ltr'><em>nostra</em></span> 
     </span>
     <span class='ocr_line' id='line_1_8' title="bbox 295 1309 1437 1395; baseline -0.008 -18"><span class='ocrx_word' id='word_1_54' title='bbox 295 1312 433 1390; x_wconf 78' lang='lat' dir='ltr'><em>diaecesi,</em></span> <span class='ocrx_word' id='word_1_55' title='bbox 453 1313 578 1395; x_wconf 81' lang='lat' dir='ltr'><em>quoties</em></span> <span class='ocrx_word' id='word_1_56' title='bbox 597 1312 699 1392; x_wconf 71' lang='lat' dir='ltr'><em>pteris</em></span> <span class='ocrx_word' id='word_1_57' title='bbox 718 1313 891 1395; x_wconf 82' lang='lat' dir='ltr'><em>requisitus</em></span> <span class='ocrx_word' id='word_1_58' title='bbox 896 1330 909 1391; x_wconf 92' lang='lat'><em>;</em></span> <span class='ocrx_word' id='word_1_59' title='bbox 927 1311 1091 1375; x_wconf 76' lang='lat' dir='ltr'><em>hortantes</em></span> <span class='ocrx_word' id='word_1_60' title='bbox 1117 1319 1146 1373; x_wconf 95' lang='lat' dir='ltr'><em>te</em></span> <span class='ocrx_word' id='word_1_61' title='bbox 1168 1311 1202 1372; x_wconf 91' lang='lat' dir='ltr'><em>in</em></span> <span class='ocrx_word' id='word_1_62' title='bbox 1221 1309 1378 1382; x_wconf 88' lang='lat' dir='ltr'><em>Domina,</em></span> <span class='ocrx_word' id='word_1_63' title='bbox 1401 1313 1437 1369; x_wconf 89' lang='lat' dir='ltr'><em>ut</em></span> 
     </span>
    </p>
   </div>
   <div class='ocr_carea' id='block_1_3' title="bbox 295 1413 1503 1502">
    <p class='ocr_par' dir='ltr' id='par_1_3' title="bbox 295 1413 1503 1502">
     <span class='ocr_line' id='line_1_9' title="bbox 295 1413 1503 1502; baseline -0.006 -18"><span class='ocrx_word' id='word_1_64' title='bbox 295 1421 438 1502; x_wconf 74' lang='lat' dir='ltr'><em>officium</em></span> <span class='ocrx_word' id='word_1_65' title='bbox 466 1429 559 1483; x_wconf 86' lang='lat' dir='ltr'><em>tuum</em></span> <span class='ocrx_word' id='word_1_66' title='bbox 579 1437 727 1483; x_wconf 73' lang='lat' dir='ltr'><em>exerceas</em></span> <span class='ocrx_word' id='word_1_67' title='bbox 744 1419 899 1498; x_wconf 76' lang='lat' dir='ltr'><em>fidelitate</em></span> <span class='ocrx_word' id='word_1_68' title='bbox 914 1419 1012 1500; x_wconf 89' lang='lat' dir='ltr'><em>plena</em></span> <span class='ocrx_word' id='word_1_69' title='bbox 1031 1439 1042 1484; x_wconf 94' lang='lat'><em>:</em></span> <span class='ocrx_word' id='word_1_70' title='bbox 1061 1417 1252 1482; x_wconf 79' lang='lat' dir='ltr'><em>mandantes</em></span> <span class='ocrx_word' id='word_1_71' title='bbox 1273 1413 1433 1491; x_wconf 83' lang='lat' dir='ltr'><em>omnibus,</em></span> <span class='ocrx_word' id='word_1_72' title='bbox 1502 1457 1503 1464; x_wconf 20' lang='grc' dir='ltr'><strong>κ</strong></span> 
     </span>
    </p>
   </div>
   <div class='ocr_carea' id='block_1_4' title="bbox 294 1523 1434 1822">
    <p class='ocr_par' dir='ltr' id='par_1_4' title="bbox 294 1523 1434 1822">
     <span class='ocr_line' id='line_1_10' title="bbox 294 1523 1434 1610; baseline -0.004 -20"><span class='ocrx_word' id='word_1_73' title='bbox 294 1537 332 1591; x_wconf 87' lang='lat' dir='ltr'><em>ut</em></span> <span class='ocrx_word' id='word_1_74' title='bbox 355 1535 385 1590; x_wconf 93' lang='lat' dir='ltr'><em>te</em></span> <span class='ocrx_word' id='word_1_75' title='bbox 406 1531 440 1590; x_wconf 90' lang='lat' dir='ltr'><em>in</em></span> <span class='ocrx_word' id='word_1_76' title='bbox 464 1526 560 1590; x_wconf 90' lang='lat' dir='ltr'><em>talem</em></span> <span class='ocrx_word' id='word_1_77' title='bbox 582 1535 820 1610; x_wconf 67' lang='lat' dir='ltr'><em>reconnoscant,</em></span> <span class='ocrx_word' id='word_1_78' title='bbox 840 1536 871 1590; x_wconf 93' lang='lat' dir='ltr'><em>et</em></span> <span class='ocrx_word' id='word_1_79' title='bbox 896 1527 1064 1608; x_wconf 84' lang='lat' dir='ltr'><em>recipiant,</em></span> <span class='ocrx_word' id='word_1_80' title='bbox 1089 1525 1148 1590; x_wconf 89' lang='lat' dir='ltr'><em>sub</em></span> <span class='ocrx_word' id='word_1_81' title='bbox 1168 1525 1286 1606; x_wconf 82' lang='lat' dir='ltr'><em>panis,</em></span> <span class='ocrx_word' id='word_1_82' title='bbox 1310 1531 1369 1586; x_wconf 86' lang='lat' dir='ltr'><em>etc.</em></span> <span class='ocrx_word' id='word_1_83' title='bbox 1397 1523 1434 1586; x_wconf 90' lang='lat' dir='ltr'><em>In</em></span> 
     </span>
     <span class='ocr_line' id='line_1_11' title="bbox 294 1629 1434 1716; baseline -0.007 -18"><span class='ocrx_word' id='word_1_84' title='bbox 294 1652 446 1716; x_wconf 78' lang='lat' dir='ltr'><em>actorum,</em></span> <span class='ocrx_word' id='word_1_85' title='bbox 469 1642 526 1697; x_wconf 88' lang='lat' dir='ltr'><em>etc.</em></span> <span class='ocrx_word' id='word_1_86' title='bbox 550 1635 684 1711; x_wconf 88' lang='lat' dir='ltr'><em>Datum,</em></span> <span class='ocrx_word' id='word_1_87' title='bbox 707 1631 773 1698; x_wconf 83' lang='lat' dir='ltr'><em>etc.&#39;</em></span> <span class='ocrx_word' id='word_1_88' title='bbox 785 1669 825 1680; x_wconf 91' lang='lat'>-</span> <span class='ocrx_word' id='word_1_89' title='bbox 844 1635 898 1712; x_wconf 71' lang='lat' dir='ltr'><em>N„</em></span> <span class='ocrx_word' id='word_1_90' title='bbox 925 1633 1104 1716; x_wconf 74' lang='lat' dir='ltr'><em>Episcopus</em></span> <span class='ocrx_word' id='word_1_91' title='bbox 1127 1633 1167 1700; x_wconf 91' lang='lat' dir='ltr'><em>N.</em></span> <span class='ocrx_word' id='word_1_92' title='bbox 1184 1665 1221 1678; x_wconf 93' lang='lat'><em>-</em></span> <span class='ocrx_word' id='word_1_93' title='bbox 1237 1631 1292 1707; x_wconf 66' lang='lat' dir='ltr'><em>N,</em></span> <span class='ocrx_word' id='word_1_94' title='bbox 1316 1629 1434 1693; x_wconf 76' lang='lat' dir='ltr'><em>cosuet-</em></span> 
     </span>
     <span class='ocr_line' id='line_1_12' title="bbox 296 1740 1066 1822; baseline -0.003 -18"><span class='ocrx_word' id='word_1_95' title='bbox 296 1741 409 1804; x_wconf 88' lang='lat' dir='ltr'><em>larius.</em></span> <span class='ocrx_word' id='word_1_96' title='bbox 428 1766 442 1797; x_wconf 87' lang='lat'>»</span> <span class='ocrx_word' id='word_1_97' title='bbox 460 1740 498 1805; x_wconf 85' lang='lat' dir='ltr'><em>Et</em></span> <span class='ocrx_word' id='word_1_98' title='bbox 511 1745 650 1822; x_wconf 81' lang='lat' dir='ltr'><em>ponatur</em></span> <span class='ocrx_word' id='word_1_99' title='bbox 661 1741 805 1822; x_wconf 76' lang='lat' dir='ltr'><em>sigillum</em></span> <span class='ocrx_word' id='word_1_100' title='bbox 823 1746 975 1805; x_wconf 87' lang='lat' dir='ltr'><em>consueto</em></span> <span class='ocrx_word' id='word_1_101' title='bbox 989 1741 1066 1804; x_wconf 84' lang='lat' dir='ltr'><em>locu.</em></span> 
     </span>
    </p>
   </div>
   <div class='ocr_carea' id='block_1_5' title="bbox 821 1985 910 2054">
    <p class='ocr_par' dir='ltr' id='par_1_5' title="bbox 821 1985 910 2054">
     <span class='ocr_line' id='line_1_13' title="bbox 821 1985 910 2054; baseline 0 0"><span class='ocrx_word' id='word_1_102' title='bbox 821 1985 910 2054; x_wconf 83' lang='lat' dir='ltr'>XIX.</span> 
     </span>
    </p>
   </div>
   <div class='ocr_carea' id='block_1_6' title="bbox 526 2179 1166 2234">
    <p class='ocr_par' dir='ltr' id='par_1_6' title="bbox 526 2179 1166 2234">
     <span class='ocr_line' id='line_1_14' title="bbox 526 2179 1166 2234; baseline -0.002 -9"><span class='ocrx_word' id='word_1_103' title='bbox 526 2211 530 2218; x_wconf 88' lang='lat'>-</span> <span class='ocrx_word' id='word_1_104' title='bbox 562 2181 703 2228; x_wconf 71' lang='lat' dir='ltr'><em>sonuum</em></span> <span class='ocrx_word' id='word_1_105' title='bbox 727 2181 945 2228; x_wconf 69' lang='lat' dir='ltr'><em>umussstonts</em></span> <span class='ocrx_word' id='word_1_106' title='bbox 971 2179 1166 2234; x_wconf 75' lang='lat' dir='ltr'><em>ntnonctttut.</em></span> 
     </span>
    </p>
   </div>
   <div class='ocr_carea' id='block_1_7' title="bbox 339 2361 1434 2455">
    <p class='ocr_par' dir='ltr' id='par_1_7' title="bbox 339 2361 1434 2455">
     <span class='ocr_line' id='line_1_15' title="bbox 339 2361 1434 2455; baseline -0.005 -22"><span class='ocrx_word' id='word_1_107' title='bbox 339 2365 431 2433; x_wconf 84' lang='lat' dir='ltr'><em>Hunc</em></span> <span class='ocrx_word' id='word_1_108' title='bbox 448 2364 640 2455; x_wconf 76' lang='lat' dir='ltr'><em>subjicimus</em></span> <span class='ocrx_word' id='word_1_109' title='bbox 653 2365 843 2448; x_wconf 79' lang='lat' dir='ltr'><em>formulam,</em></span> <span class='ocrx_word' id='word_1_110' title='bbox 862 2386 927 2432; x_wconf 88' lang='lat' dir='ltr'><em>non</em></span> <span class='ocrx_word' id='word_1_111' title='bbox 942 2371 1097 2455; x_wconf 76' lang='lat' dir='ltr'><em>tunquam</em></span> <span class='ocrx_word' id='word_1_112' title='bbox 1114 2361 1333 2454; x_wconf 76' lang='lat' dir='ltr'><em>praesentibus</em></span> <span class='ocrx_word' id='word_1_113' title='bbox 1349 2369 1434 2428; x_wconf 91' lang='lat' dir='ltr'><em>tem-</em></span> 
     </span>
    </p>
   </div>
   <div class='ocr_carea' id='block_1_8' title="bbox 294 2468 1434 2670">
    <p class='ocr_par' dir='ltr' id='par_1_8' title="bbox 294 2449 1503 2692">
     <span class='ocr_line' id='line_1_16' title="bbox 294 2468 1434 2563; baseline -0.007 -23"><span class='ocrx_word' id='word_1_114' title='bbox 294 2473 428 2563; x_wconf 83' lang='lat' dir='ltr'>poribus</span> <span class='ocrx_word' id='word_1_115' title='bbox 439 2471 677 2562; x_wconf 83' lang='lat' dir='ltr'><em>eppiienbiiem,</em></span> <span class='ocrx_word' id='word_1_116' title='bbox 694 2470 750 2539; x_wconf 86' lang='lat' dir='ltr'><em>sed</em></span> <span class='ocrx_word' id='word_1_117' title='bbox 764 2471 806 2540; x_wconf 84' lang='lat' dir='ltr'><em>nd</em></span> <span class='ocrx_word' id='word_1_118' title='bbox 822 2493 947 2540; x_wconf 83' lang='lat' dir='ltr'><em>merum</em></span> <span class='ocrx_word' id='word_1_119' title='bbox 963 2471 1135 2540; x_wconf 80' lang='lat' dir='ltr'><em>dumtaxat</em></span> <span class='ocrx_word' id='word_1_120' title='bbox 1150 2469 1318 2538; x_wconf 89' lang='lat' dir='ltr'><em>notionem</em></span> <span class='ocrx_word' id='word_1_121' title='bbox 1334 2468 1434 2535; x_wconf 84' lang='lat' dir='ltr'><em>histo·</em></span> 
     </span>
     <span class='ocr_line' id='line_1_17' title="bbox 294 2575 1433 2670; baseline -0.007 -22"><span class='ocrx_word' id='word_1_122' title='bbox 294 2580 409 2648; x_wconf 81' lang='lat' dir='ltr'><em>ricem.</em></span> <span class='ocrx_word' id='word_1_123' title='bbox 428 2578 482 2646; x_wconf 87' lang='lat' dir='ltr'><em>Sic</em></span> <span class='ocrx_word' id='word_1_124' title='bbox 499 2599 616 2669; x_wconf 83' lang='lat' dir='ltr'><em>nempe</em></span> <span class='ocrx_word' id='word_1_125' title='bbox 630 2578 710 2646; x_wconf 87' lang='lat' dir='ltr'><em>oiim</em></span> <span class='ocrx_word' id='word_1_126' title='bbox 724 2578 888 2668; x_wconf 76' lang='lat' dir='ltr'><strong>Episcopi,</strong></span> <span class='ocrx_word' id='word_1_127' title='bbox 906 2579 964 2670; x_wconf 89' lang='lat' dir='ltr'><em>qui</em></span> <span class='ocrx_word' id='word_1_128' title='bbox 978 2578 1135 2646; x_wconf 79' lang='lat' dir='ltr'><em>familiam</em></span> <span class='ocrx_word' id='word_1_129' title='bbox 1151 2583 1312 2644; x_wconf 78' lang='lat' dir='ltr'><em>armatum</em></span> <span class='ocrx_word' id='word_1_130' title='bbox 1336 2575 1433 2643; x_wconf 85' lang='lat' dir='ltr'><em>hube-</em></span> 
     </span>
    </p>
   </div>
   <div class='ocr_carea' id='block_1_9' title="bbox 293 2684 967 2775">
    <p class='ocr_par' dir='ltr' id='par_1_9' title="bbox 293 2684 967 2775">
     <span class='ocr_line' id='line_1_18' title="bbox 293 2684 967 2775; baseline 0 -21"><span class='ocrx_word' id='word_1_131' title='bbox 293 2686 383 2770; x_wconf 79' lang='lat' dir='ltr'><em>bant,</em></span> <span class='ocrx_word' id='word_1_132' title='bbox 400 2707 499 2752; x_wconf 86' lang='lat' dir='ltr'><em>suum</em></span> <span class='ocrx_word' id='word_1_133' title='bbox 512 2684 708 2775; x_wconf 77' lang='lat' dir='ltr'><em>deputabunt</em></span> <span class='ocrx_word' id='word_1_134' title='bbox 721 2686 945 2754; x_wconf 81' lang='lat' dir='ltr'><em>baroncellum</em></span> <span class='ocrx_word' id='word_1_135' title='bbox 960 2713 967 2754; x_wconf 91' lang='lat'>:</span> 
     </span>
    </p>
   </div>
   <div class='ocr_carea' id='block_1_10' title="bbox 294 2817 1503 3156">
    <p class='ocr_par' dir='ltr' id='par_1_10' title="bbox 294 2817 1503 3156">
     <span class='ocr_line' id='line_1_19' title="bbox 338 2817 1503 2930; baseline -0.001 -26"><span class='ocrx_word' id='word_1_136' title='bbox 338 2872 352 2904; x_wconf 72' lang='grc' dir='ltr'>α</span> <span class='ocrx_word' id='word_1_137' title='bbox 368 2848 424 2924; x_wconf 83' lang='grc' dir='ltr'><em>Ν.,</em></span> <span class='ocrx_word' id='word_1_138' title='bbox 440 2847 621 2930; x_wconf 84' lang='lat' dir='ltr'><em>Episcopns</em></span> <span class='ocrx_word' id='word_1_139' title='bbox 632 2847 673 2914; x_wconf 92' lang='lat' dir='ltr'><em>N.</em></span> <span class='ocrx_word' id='word_1_140' title='bbox 696 2847 869 2912; x_wconf 88' lang='lat' dir='ltr'><em>-Dilecto</em></span> <span class='ocrx_word' id='word_1_141' title='bbox 885 2848 926 2914; x_wconf 94' lang='lat' dir='ltr'><em>N.</em></span> <span class='ocrx_word' id='word_1_142' title='bbox 944 2883 982 2892; x_wconf 91' lang='lat'><em>-</em></span> <span class='ocrx_word' id='word_1_143' title='bbox 997 2847 1121 2912; x_wconf 82' lang='lat' dir='ltr'><em>Delicta</em></span> <span class='ocrx_word' id='word_1_144' title='bbox 1138 2862 1210 2928; x_wconf 78' lang='lat' dir='ltr'><em>pune</em></span> <span class='ocrx_word' id='word_1_145' title='bbox 1227 2861 1345 2925; x_wconf 87' lang='lat' dir='ltr'><em>pacem</em></span> <span class='ocrx_word' id='word_1_146' title='bbox 1367 2852 1433 2905; x_wconf 89' lang='lat' dir='ltr'><em>tur-</em></span> <span class='ocrx_word' id='word_1_147' title='bbox 1502 2817 1503 2868; x_wconf 61' lang='lat'><em>³</em></span> 
     </span>
     <span class='ocr_line' id='line_1_20' title="bbox 296 2951 1503 3036; baseline -0.004 -19"><span class='ocrx_word' id='word_1_148' title='bbox 296 2954 384 3033; x_wconf 89' lang='lat' dir='ltr'><em>bant,</em></span> <span class='ocrx_word' id='word_1_149' title='bbox 402 2963 433 3016; x_wconf 90' lang='lat' dir='ltr'><em>et</em></span> <span class='ocrx_word' id='word_1_150' title='bbox 447 2954 682 3036; x_wconf 79' lang='lat' dir='ltr'><em>rempublicam</em></span> <span class='ocrx_word' id='word_1_151' title='bbox 701 2963 832 3032; x_wconf 81' lang='lat' dir='ltr'><em>venant,</em></span> <span class='ocrx_word' id='word_1_152' title='bbox 848 2973 888 3017; x_wconf 90' lang='lat' dir='ltr'><em>ne</em></span> <span class='ocrx_word' id='word_1_153' title='bbox 908 2963 1069 3036; x_wconf 83' lang='lat' dir='ltr'><em>quantum</em></span> <span class='ocrx_word' id='word_1_154' title='bbox 1093 2955 1126 3017; x_wconf 91' lang='lat' dir='ltr'><em>in</em></span> <span class='ocrx_word' id='word_1_155' title='bbox 1145 2951 1247 3019; x_wconf 84' lang='lat' dir='ltr'><em>Nobis</em></span> <span class='ocrx_word' id='word_1_156' title='bbox 1265 2959 1313 3015; x_wconf 88' lang='lat' dir='ltr'><em>est</em></span> <span class='ocrx_word' id='word_1_157' title='bbox 1333 2953 1434 3034; x_wconf 88' lang='lat' dir='ltr'><em>impu·</em></span> <span class='ocrx_word' id='word_1_158' title='bbox 1502 3017 1503 3020; x_wconf 49' lang='lat'><em>,</em></span> 
     </span>
     <span class='ocr_line' id='line_1_21' title="bbox 294 3059 1503 3156; baseline -0.003 -33"><span class='ocrx_word' id='word_1_159' title='bbox 294 3062 364 3123; x_wconf 89' lang='lat' dir='ltr'><em>nita</em></span> <span class='ocrx_word' id='word_1_160' title='bbox 378 3069 580 3140; x_wconf 80' lang='lat' dir='ltr'><em>remaneant,</em></span> <span class='ocrx_word' id='word_1_161' title='bbox 596 3072 627 3125; x_wconf 93' lang='lat' dir='ltr'><em>et</em></span> <span class='ocrx_word' id='word_1_162' title='bbox 639 3064 776 3142; x_wconf 73' lang='lat' dir='ltr'><em>justitiae</em></span> <span class='ocrx_word' id='word_1_163' title='bbox 791 3062 1033 3126; x_wconf 75' lang='lat' dir='ltr'><em>administratio</em></span> <span class='ocrx_word' id='word_1_164' title='bbox 1050 3060 1180 3124; x_wconf 77' lang='lat' dir='ltr'><em>brachio</em></span> <span class='ocrx_word' id='word_1_165' title='bbox 1195 3077 1259 3142; x_wconf 81' lang='lat' dir='ltr'><em>quo</em></span> <span class='ocrx_word' id='word_1_166' title='bbox 1275 3059 1435 3140; x_wconf 75' lang='lat' dir='ltr'><em>fulciatur</em></span> <span class='ocrx_word' id='word_1_167' title='bbox 1502 3077 1503 3156; x_wconf 33' lang='grc' dir='ltr'>ᾗ</span> 
     </span>
    </p>
   </div>
   <div class='ocr_carea' id='block_1_11' title="bbox 294 3165 1503 3250">
    <p class='ocr_par' dir='ltr' id='par_1_11' title="bbox 294 3165 1503 3250">
     <span class='ocr_line' id='line_1_22' title="bbox 294 3165 1503 3250; baseline 0 -21"><span class='ocrx_word' id='word_1_168' title='bbox 294 3167 360 3230; x_wconf 81' lang='lat' dir='ltr'><em>non</em></span> <span class='ocrx_word' id='word_1_169' title='bbox 377 3177 499 3246; x_wconf 90' lang='lat' dir='ltr'><em>careat,</em></span> <span class='ocrx_word' id='word_1_170' title='bbox 512 3169 679 3250; x_wconf 80' lang='lat' dir='ltr'><em>familiam</em></span> <span class='ocrx_word' id='word_1_171' title='bbox 698 3179 864 3233; x_wconf 74' lang='lat' dir='ltr'><em>amintam</em></span> <span class='ocrx_word' id='word_1_172' title='bbox 879 3168 997 3233; x_wconf 88' lang='lat' dir='ltr'><em>babere</em></span> <span class='ocrx_word' id='word_1_173' title='bbox 1011 3169 1196 3231; x_wconf 84' lang='lat' dir='ltr'><em>statuimus.</em></span> <span class='ocrx_word' id='word_1_174' title='bbox 1214 3167 1377 3247; x_wconf 81' lang='lat' dir='ltr'><em>Quocirca</em></span> <span class='ocrx_word' id='word_1_175' title='bbox 1398 3165 1435 3229; x_wconf 87' lang='lat' dir='ltr'><em>de</em></span> <span class='ocrx_word' id='word_1_176' title='bbox 1502 3165 1503 3170; x_wconf 73' lang='grc'>’</span> 
     </span>
    </p>
   </div>
   <div class='ocr_carea' id='block_1_12' title="bbox 293 3273 1434 3680">
    <p class='ocr_par' dir='ltr' id='par_1_12' title="bbox 293 3273 1434 3680">
     <span class='ocr_line' id='line_1_23' title="bbox 295 3273 1434 3356; baseline -0.001 -20"><span class='ocrx_word' id='word_1_177' title='bbox 295 3283 353 3336; x_wconf 92' lang='lat' dir='ltr'><em>tua</em></span> <span class='ocrx_word' id='word_1_178' title='bbox 371 3275 527 3352; x_wconf 77' lang='lat' dir='ltr'><em>fidelitate</em></span> <span class='ocrx_word' id='word_1_179' title='bbox 547 3279 668 3356; x_wconf 79' lang='lat' dir='ltr'><em>confisi,</em></span> <span class='ocrx_word' id='word_1_180' title='bbox 688 3277 728 3342; x_wconf 85' lang='lat' dir='ltr'><em>Te</em></span> <span class='ocrx_word' id='word_1_181' title='bbox 744 3277 962 3340; x_wconf 84' lang='lat' dir='ltr'><em>baroncellum</em></span> <span class='ocrx_word' id='word_1_182' title='bbox 982 3285 1101 3340; x_wconf 80' lang='lat' dir='ltr'><em>nostroe</em></span> <span class='ocrx_word' id='word_1_183' title='bbox 1122 3275 1231 3353; x_wconf 67' lang='lat' dir='ltr'><em>curru,</em></span> <span class='ocrx_word' id='word_1_184' title='bbox 1253 3284 1322 3338; x_wconf 91' lang='lat' dir='ltr'><em>tam</em></span> <span class='ocrx_word' id='word_1_185' title='bbox 1343 3275 1377 3337; x_wconf 90' lang='lat' dir='ltr'><em>in</em></span> <span class='ocrx_word' id='word_1_186' title='bbox 1396 3273 1434 3336; x_wconf 86' lang='lat' dir='ltr'><em>ci-</em></span> 
     </span>
     <span class='ocr_line' id='line_1_24' title="bbox 293 3380 1432 3465; baseline 0.002 -23"><span class='ocrx_word' id='word_1_187' title='bbox 293 3382 396 3444; x_wconf 88' lang='lat' dir='ltr'><em>vitate</em></span> <span class='ocrx_word' id='word_1_188' title='bbox 415 3399 516 3463; x_wconf 84' lang='lat' dir='ltr'><em>quam</em></span> <span class='ocrx_word' id='word_1_189' title='bbox 534 3403 596 3465; x_wconf 88' lang='lat' dir='ltr'><em>pro</em></span> <span class='ocrx_word' id='word_1_190' title='bbox 618 3393 684 3447; x_wconf 89' lang='lat' dir='ltr'><em>tota</em></span> <span class='ocrx_word' id='word_1_191' title='bbox 703 3384 843 3461; x_wconf 88' lang='lat' dir='ltr'><em>dioecesi,</em></span> <span class='ocrx_word' id='word_1_192' title='bbox 857 3382 904 3447; x_wconf 87' lang='lat' dir='ltr'><em>ad</em></span> <span class='ocrx_word' id='word_1_193' title='bbox 917 3391 1064 3447; x_wconf 86' lang='lat' dir='ltr'><em>nostrum</em></span> <span class='ocrx_word' id='word_1_194' title='bbox 1085 3380 1331 3463; x_wconf 89' lang='lat' dir='ltr'><em>beneplacitum,</em></span> <span class='ocrx_word' id='word_1_195' title='bbox 1347 3399 1432 3444; x_wconf 88' lang='lat' dir='ltr'><em>cons·</em></span> 
     </span>
     <span class='ocr_line' id='line_1_25' title="bbox 295 3489 1433 3573; baseline 0 -23"><span class='ocrx_word' id='word_1_196' title='bbox 295 3489 444 3551; x_wconf 87' lang='lat' dir='ltr'><em>tituimus</em></span> <span class='ocrx_word' id='word_1_197' title='bbox 471 3498 503 3553; x_wconf 91' lang='lat' dir='ltr'><em>et</em></span> <span class='ocrx_word' id='word_1_198' title='bbox 530 3491 735 3573; x_wconf 82' lang='lat' dir='ltr'><em>deputamus,</em></span> <span class='ocrx_word' id='word_1_199' title='bbox 764 3508 839 3554; x_wconf 88' lang='lat' dir='ltr'><em>aum</em></span> <span class='ocrx_word' id='word_1_200' title='bbox 867 3490 1029 3554; x_wconf 85' lang='lat' dir='ltr'><em>lictoribus</em></span> <span class='ocrx_word' id='word_1_201' title='bbox 1052 3508 1132 3572; x_wconf 80' lang='lat' dir='ltr'><em>quos</em></span> <span class='ocrx_word' id='word_1_202' title='bbox 1160 3489 1219 3552; x_wconf 87' lang='lat' dir='ltr'><em>tibi</em></span> <span class='ocrx_word' id='word_1_203' title='bbox 1248 3491 1350 3554; x_wconf 87' lang='lat' dir='ltr'><em>socios</em></span> <span class='ocrx_word' id='word_1_204' title='bbox 1371 3506 1433 3572; x_wconf 87' lang='lat' dir='ltr'><em>pro</em></span> 
     </span>
     <span class='ocr_line' id='line_1_26' title="bbox 294 3595 1431 3680; baseline -0.001 -22"><span class='ocrx_word' id='word_1_205' title='bbox 294 3597 448 3660; x_wconf 75' lang='lat' dir='ltr'><em>exercitio</em></span> <span class='ocrx_word' id='word_1_206' title='bbox 477 3597 526 3660; x_wconf 90' lang='lat' dir='ltr'><em>tui</em></span> <span class='ocrx_word' id='word_1_207' title='bbox 549 3599 660 3680; x_wconf 69' lang='lat' dir='ltr'><em>oflicii,</em></span> <span class='ocrx_word' id='word_1_208' title='bbox 686 3608 755 3662; x_wconf 92' lang='lat' dir='ltr'><em>tam</em></span> <span class='ocrx_word' id='word_1_209' title='bbox 777 3600 811 3661; x_wconf 84' lang='lat' dir='ltr'><em>in</em></span> <span class='ocrx_word' id='word_1_210' title='bbox 838 3597 985 3661; x_wconf 85' lang='lat' dir='ltr'><em>civilibus</em></span> <span class='ocrx_word' id='word_1_211' title='bbox 1012 3617 1113 3680; x_wconf 86' lang='lat' dir='ltr'><em>quam</em></span> <span class='ocrx_word' id='word_1_212' title='bbox 1137 3599 1170 3661; x_wconf 88' lang='lat' dir='ltr'><em>in</em></span> <span class='ocrx_word' id='word_1_213' title='bbox 1198 3595 1431 3670; x_wconf 69' lang='lat' dir='ltr'><em>criminalibus,</em></span> 
     </span>
    </p>
   </div>
   <div class='ocr_carea' id='block_1_13' title="bbox 294 3703 1503 3788">
    <p class='ocr_par' dir='ltr' id='par_1_13' title="bbox 294 3703 1503 3788">
     <span class='ocr_line' id='line_1_27' title="bbox 294 3703 1503 3788; baseline 0 -24"><span class='ocrx_word' id='word_1_214' title='bbox 294 3703 564 3785; x_wconf 80' lang='lat' dir='ltr'><em>adjrcneerimus;</em></span> <span class='ocrx_word' id='word_1_215' title='bbox 588 3725 662 3770; x_wconf 89' lang='lat' dir='ltr'><em>cum</em></span> <span class='ocrx_word' id='word_1_216' title='bbox 689 3705 851 3782; x_wconf 90' lang='lat' dir='ltr'><em>oneribus,</em></span> <span class='ocrx_word' id='word_1_217' title='bbox 880 3706 1103 3769; x_wconf 89' lang='lat' dir='ltr'><em>emolumentis</em></span> <span class='ocrx_word' id='word_1_218' title='bbox 1127 3714 1158 3769; x_wconf 87' lang='lat' dir='ltr'><em>et</em></span> <span class='ocrx_word' id='word_1_219' title='bbox 1177 3705 1360 3788; x_wconf 81' lang='lat' dir='ltr'><em>priuilepiis</em></span> <span class='ocrx_word' id='word_1_220' title='bbox 1382 3720 1430 3764; x_wconf 88' lang='lat' dir='ltr'><em>so·</em></span> <span class='ocrx_word' id='word_1_221' title='bbox 1502 3771 1503 3786; x_wconf 12' lang='grc' dir='ltr'>χ</span> 
     </span>
    </p>
   </div>
   <div class='ocr_carea' id='block_1_14' title="bbox 293 3811 1431 3990">
    <p class='ocr_par' dir='ltr' id='par_1_14' title="bbox 293 3811 1431 3990">
     <span class='ocr_line' id='line_1_28' title="bbox 293 3811 1431 3896; baseline -0.01 -14"><span class='ocrx_word' id='word_1_222' title='bbox 293 3818 359 3882; x_wconf 87' lang='lat' dir='ltr'><em>litis</em></span> <span class='ocrx_word' id='word_1_223' title='bbox 376 3826 408 3878; x_wconf 91' lang='lat' dir='ltr'><em>et</em></span> <span class='ocrx_word' id='word_1_224' title='bbox 425 3817 593 3877; x_wconf 81' lang='lat' dir='ltr'><em>consuetis.</em></span> <span class='ocrx_word' id='word_1_225' title='bbox 610 3815 744 3892; x_wconf 86' lang='lat' dir='ltr'><em>Datum,</em></span> <span class='ocrx_word' id='word_1_226' title='bbox 764 3821 822 3876; x_wconf 87' lang='lat' dir='ltr'><em>ete.</em></span> <span class='ocrx_word' id='word_1_227' title='bbox 839 3849 876 3860; x_wconf 93' lang='lat'><em>-</em></span> <span class='ocrx_word' id='word_1_228' title='bbox 893 3811 924 3874; x_wconf 90' lang='lat' dir='ltr'><em>N</em></span> <span class='ocrx_word' id='word_1_229' title='bbox 927 3859 948 3889; x_wconf 92' lang='lat'><em>.,</em></span> <span class='ocrx_word' id='word_1_230' title='bbox 971 3811 1151 3896; x_wconf 82' lang='lat' dir='ltr'><em>Episcopus</em></span> <span class='ocrx_word' id='word_1_231' title='bbox 1169 3813 1211 3881; x_wconf 90' lang='lat' dir='ltr'><em>N.</em></span> <span class='ocrx_word' id='word_1_232' title='bbox 1231 3845 1269 3860; x_wconf 91' lang='lat'>-</span> <span class='ocrx_word' id='word_1_233' title='bbox 1284 3811 1341 3888; x_wconf 65' lang='lat' dir='ltr'><em>N„</em></span> <span class='ocrx_word' id='word_1_234' title='bbox 1361 3827 1431 3873; x_wconf 89' lang='lat' dir='ltr'><em>can-</em></span> 
     </span>
     <span class='ocr_line' id='line_1_29' title="bbox 295 3925 488 3990; baseline 0 -2"><span class='ocrx_word' id='word_1_235' title='bbox 295 3925 454 3990; x_wconf 79' lang='lat' dir='ltr'><em>cellarius.</em></span> <span class='ocrx_word' id='word_1_236' title='bbox 472 3949 488 3981; x_wconf 83' lang='lat' dir='ltr'><em>n</em></span> 
     </span>
    </p>
   </div>
   <div class='ocr_carea' id='block_1_15' title="bbox 751 4105 984 4118">
    <p class='ocr_par' dir='ltr' id='par_1_15' title="bbox 751 4105 984 4118">
     <span class='ocr_line' id='line_1_30' title="bbox 751 4105 984 4118; baseline -0.004 0"><span class='ocrx_word' id='word_1_237' title='bbox 751 4105 984 4118; x_wconf 54' lang='lat' dir='ltr'><em>m</em></span> 
     </span>
    </p>
   </div>
   <div class='ocr_carea' id='block_1_16' title="bbox 0 0 1530 4984">
    <p class='ocr_par' dir='ltr' id='par_1_16' title="bbox 0 0 1530 4984">
     <span class='ocr_line' id='line_1_31' title="bbox 0 0 1530 4984; baseline 0 0"><span class='ocrx_word' id='word_1_238' title='bbox 0 0 1530 4984; x_wconf 95' lang='lat' dir='ltr'><em> </em></span> 
     </span>
    </p>
   </div>
  </div>
 </body>
</html>
