3050 4984
558 518 631 564 rsus
658 518 803 565 amount.
1185 494 1245 561 ttt

153 639 295 722 comto
310 644 357 709 4⁸.
375 678 421 693 -
437 639 579 725 Quando
593 662 679 707 unus
694 639 875 730 conjupum
894 638 1032 729 propria
1047 637 1249 707 authoritate

107 744 261 829 ducunt,
275 746 564 840 patefaciendum,
580 747 610 815 si
623 747 709 815 alter
723 767 756 815 se
771 745 807 813 in
827 745 1023 837 possessione
1043 745 1173 813 restitui
1181 746 1250 834 ju-

107 852 272 923 dicialiter
279 860 399 947 petat?
411 894 456 909 -
470 854 604 946 Triplex
621 852 873 943 distinguendus
888 874 992 921 casus.
1005 852 1068 922 Vel
1082 853 1170 919 enim
1183 851 1252 921 sole

108 961 362 1031 intercesserunt
375 962 551 1055 sponsalia,
564 960 617 1029 vel
633 960 878 1029 matrimonium
894 969 1003 1029 ratum
1018 982 1083 1027 uon
1097 982 1252 1029 consum-

108 1078 248 1157 matum,
264 1069 316 1139 rel
329 1069 575 1139 matrimonium
593 1076 873 1137 consummatum.

154 1175 181 1245 1.
201 1178 303 1247 amu
316 1199 380 1268 quo
391 1176 461 1245 saia
474 1174 638 1267 sponsalia
649 1177 789 1266 fuerunt
799 1174 896 1243 inita.
911 1212 954 1227 -
966 1173 1003 1242 ln
1016 1171 1078 1242 hoc
1092 1194 1168 1242 casu
1185 1196 1252 1243 nou

108 1281 206 1351 debet
220 1283 322 1375 judex
343 1283 445 1353 ullam
467 1282 703 1351 resitutionem
727 1280 911 1350 decernere.
938 1280 1065 1350 «Ratio
1090 1288 1150 1367 est,
1175 1282 1253 1373 quin

113 1414 131 1453 a
156 1390 213 1459 ubi
232 1412 299 1460 nou
318 1391 485 1482 precessit
503 1390 677 1482 possessio,
698 1410 765 1458 non
788 1395 891 1481 potest
909 1388 1028 1457 habere
1045 1389 1155 1458 locum
1178 1412 1253 1481 spo-

112 1525 131 1563 s
154 1498 256 1583 flauo,
284 1521 359 1590 qua
386 1498 541 1590 supponit
562 1496 798 1589 possessiouem
817 1496 866 1565 rei
888 1518 954 1589 qua
974 1496 1048 1589 quis
1066 1496 1223 1589 spoliatur
1246 1524 1255 1567 ι

113 1632 132 1669 u
154 1605 244 1696 atqui
258 1627 316 1695 per
329 1604 492 1697 sponsalia
503 1603 652 1674 nondum
671 1602 851 1695 acquiritur
865 1603 1023 1695 possessio
1039 1626 1179 1695 sponsu,
1197 1604 1255 1673 sed

113 1738 131 1775 u
155 1719 281 1781 tautum
301 1712 386 1803 juris
399 1712 440 1779 ad
461 1710 691 1803 complendum
714 1718 916 1779 contractum
935 1710 1178 1801 sponsalitium3
1195 1734 1256 1779 cu·

113 1846 132 1885 a
153 1817 208 1910 jus
234 1827 404 1910 propterea
425 1818 688 1909 adimpletionem
716 1824 825 1909 petere
851 1817 906 1885 ille
929 1825 1047 1909 potest3
1073 1828 1104 1887 et
1131 1819 1256 1888 tenebi-

112 1954 132 1992 ι
155 1934 210 1995 1ιιι
224 1948 344 2017 sponsa
360 1948 437 1995 eum
452 1925 600 2016 implere,
617 1925 644 1992 si
658 1924 785 1993 nullam
797 1923 919 2016 justam
935 1925 1157 2017 exceptionem
1171 1928 1256 1997 elte-

112 2061 130 2097 «
155 2055 234 2124 garo
259 2034 360 2125 possit
388 2061 396 2101 :
421 2053 511 2123 ergo.
537 2058 555 2097 s
577 2031 896 2122 (Schmalzgrueber,
920 2032 954 2101 in
981 2034 1030 2101 tit.
1057 2037 1111 2121 tt,
1133 2034 1211 2104 libri
1235 2040 1254 2103 2

109 2142 253 2226 Decret,
271 2163 306 2208 ιι.
323 2142 390 2230 se.)

155 2247 197 2315 11.
220 2250 322 2317 Gustu
341 2270 406 2339 quo
422 2246 587 2339 pressam
607 2245 855 2313 matrimonium
877 2258 990 2314 ratum
1014 2270 1081 2315 non
1100 2270 1255 2317 comum-

108 2366 255 2424 matum.
271 2355 360 2421 -ln
375 2353 437 2423 hoc
453 2375 542 2439 casu,
560 2374 602 2421 an
617 2350 839 2441 debeetjudex
855 2351 1026 2421 decernere
1039 2364 1074 2421 ut
1084 2376 1170 2446 pars,
1183 2378 1257 2446 qum

108 2459 244 2554 propria
270 2460 467 2529 authoritate
490 2459 648 2543 discessit,
675 2456 787 2526 redeat
806 2457 846 2526 ad
867 2457 1052 2549 conjugem,
1077 2461 1201 2529 restitui
1221 2461 1257 2529 iu

110 2568 313 2658 possessione
334 2574 510 2658 petentem,
538 2587 603 2634 non
620 2564 819 2633 concordant
844 2562 1001 2633 doctores.
1034 2566 1101 2635 Alii
1127 2591 1256 2659 nempe,

108 2697 187 2745 cum
200 2675 308 2765 glossa
327 2676 374 2766 (in
389 2682 485 2765 caput
499 2676 556 2743 Eu
571 2673 777 2754 transmissa,
793 2671 879 2740 tituli
902 2676 955 2759 tt,
978 2673 1054 2743 libri
1070 2678 1089 2742 2
1106 2678 1257 2744 Decreta-

109 2782 205 2874 lium)
229 2790 261 2851 et
280 2781 468 2851 innocentio
487 2780 534 2850 IV
557 2780 603 2872 (in
624 2778 746 2847 dictum
761 2778 905 2867 titulum,
923 2802 956 2848 n.
977 2781 1022 2871 t),
1039 2791 1160 2872 negent
1180 2794 1258 2853 tuuc

109 2888 349 2959 decernendam
376 2908 446 2957 esse
474 2886 731 2964 restitutionem
761 2908 804 2954 ex
842 2908 880 2955 eo
916 2909 1032 2978 nempe
1069 2888 1156 2980 quod
1183 2902 1257 2961 ante

110 2996 311 3066 matrimonii
346 2993 676 3080 consummationem,
714 2993 844 3085 utrique
887 2995 1018 3085 conjugi
1052 2998 1256 3087 permittetur

109 3126 257 3173 recessus
277 3112 310 3171 et
329 3103 497 3193 ingressus
522 3100 557 3167 in
585 3100 790 3191 religionem,
818 3109 915 3193 prout
936 3109 1059 3171 constat
1084 3126 1124 3173 ox
1152 3106 1255 3197 capite

116 3214 238 3279 Verum
256 3213 288 3298 2,
316 3218 347 3278 et
366 3231 407 3278 ex
432 3206 536 3299 capite
556 3210 613 3276 Er
626 3207 763 3299 publico
785 3211 803 3273 7
832 3207 883 3297 (de
913 3211 1062 3278 Convers.
1088 3213 1252 3304 conjup).

109 3317 311 3387 Existimant
335 3316 435 3385 etiam
465 3315 513 3382 illi
537 3321 685 3383 aucmres
705 3314 767 3382 sibi
796 3314 904 3383 iuvere
930 3316 1036 3407 capita
1065 3320 1120 3386 Ea
1144 3332 1255 3388 trans-

109 3424 212 3493 missa
230 3426 262 3510 8,
278 3429 310 3490 et
324 3425 380 3492 Ero
394 3420 616 3512 conquestione
637 3422 677 3486 to
699 3418 797 3509 (tituli
813 3422 867 3505 13,
883 3420 958 3489 libri
973 3425 992 3489 2
1009 3422 1252 3515 Decretnlium),

110 3552 238 3599 necnon
251 3540 346 3622 caput
362 3530 520 3620 (Causam
540 3530 592 3614 tt,
607 3525 648 3595 de
660 3525 935 3619 Probationibus).

156 3636 372 3707 Communius
408 3644 514 3703 temen
547 3633 709 3703 sustinent
738 3632 795 3699 alii
826 3632 985 3723 doctores,
1015 3635 1253 3706 decernendam

111 3745 230 3814 esseio
248 3744 309 3814 hoc
331 3766 408 3813 casu
422 3741 672 3828 restitutionem,
696 3738 752 3809 sed
769 3740 881 3833 quoad
893 3740 1133 3813 habitationem
1152 3745 1253 3813 dum-

111 3860 203 3921 taxat
230 3850 355 3919 etalio
383 3849 534 3941 obsequia
556 3847 753 3940 conjugalia,
778 3871 842 3917 non
867 3858 974 3917 autem
999 3850 1111 3942 moad
1130 3865 1251 3923 torum.

111 3959 199 4031 Vide
214 3957 505 4047 Sohmnlagrueber
517 3955 551 4024 id
574 3955 761 4025 firmantem
776 3954 823 4047 (in
842 3948 892 4024 tit.
911 3959 964 4043 13,
987 3955 1063 4026 libri
1078 3961 1097 4025 2
1111 3958 1252 4049 Decret,

110 4092 144 4137 ιι.
165 4068 233 4157 60).

158 4174 213 4243 tlt.
232 4175 335 4242 Casus
348 4194 412 4264 quo
423 4170 588 4264 precessit
600 4170 856 4239 matrimonium
871 4184 1144 4241 mnmmmotum.
1159 4210 1204 4225 -
1219 4176 1256 4246 ln

112 4282 176 4351 hoe
185 4302 276 4369 cusu,
287 4278 350 4347 nisi
363 4278 514 4349 recedens
525 4277 649 4373 justam
660 4278 801 4369 allegare
814 4278 915 4369 possit
929 4276 1097 4347 recedendi
1110 4302 1253 4373 sarisam,
