<?xml version="1.0" encoding="UTF-8"?>
<!DOCTYPE html PUBLIC "-//W3C//DTD XHTML 1.0 Transitional//EN"
    "http://www.w3.org/TR/xhtml1/DTD/xhtml1-transitional.dtd">
<html xmlns="http://www.w3.org/1999/xhtml" xml:lang="en" lang="en">
 <head>
  <title>
</title>
<meta http-equiv="Content-Type" content="text/html;charset=utf-8" />
  <meta name='ocr-system' content='tesseract 3.04.00' />
  <meta name='ocr-capabilities' content='ocr_page ocr_carea ocr_par ocr_line ocrx_word'/>
</head>
<body>
  <div class='ocr_page' id='page_1' title='image "./tractatusdejudi00goog_0480.png"; bbox 0 0 3050 4984; ppageno 0'>
   <div class='ocr_carea' id='block_1_1' title="bbox 276 476 1043 545">
    <p class='ocr_par' dir='ltr' id='par_1_1' title="bbox 276 476 1043 545">
     <span class='ocr_line' id='line_1_1' title="bbox 276 476 1043 545; baseline -0.004 -1"><span class='ocrx_word' id='word_1_1' title='bbox 276 476 340 544; x_wconf 81' lang='lat' dir='ltr'>trt</span> <span class='ocrx_word' id='word_1_2' title='bbox 650 497 826 545; x_wconf 75' lang='lat' dir='ltr'>reimarus</span> <span class='ocrx_word' id='word_1_3' title='bbox 848 498 887 542; x_wconf 86' lang='lat' dir='ltr'>na</span> <span class='ocrx_word' id='word_1_4' title='bbox 908 494 1043 544; x_wconf 80' lang='lat' dir='ltr'>marma.</span> 
     </span>
    </p>
   </div>
   <div class='ocr_carea' id='block_1_2' title="bbox 275 613 1413 1133">
    <p class='ocr_par' dir='ltr' id='par_1_2' title="bbox 275 613 1413 1133">
     <span class='ocr_line' id='line_1_2' title="bbox 278 613 1407 709; baseline -0.003 -24"><span class='ocrx_word' id='word_1_5' title='bbox 278 647 295 684; x_wconf 75' lang='lat' dir='ltr'>e</span> <span class='ocrx_word' id='word_1_6' title='bbox 318 621 497 708; x_wconf 65' lang='lat' dir='ltr'>integrum,</span> <span class='ocrx_word' id='word_1_7' title='bbox 520 619 607 709; x_wconf 85' lang='lat' dir='ltr'>apud</span> <span class='ocrx_word' id='word_1_8' title='bbox 633 619 790 687; x_wconf 81' lang='lat' dir='ltr'>Romanae</span> <span class='ocrx_word' id='word_1_9' title='bbox 816 619 925 687; x_wconf 75' lang='lat' dir='ltr'>Curias</span> <span class='ocrx_word' id='word_1_10' title='bbox 946 616 1071 708; x_wconf 84' lang='lat' dir='ltr'>judices</span> <span class='ocrx_word' id='word_1_11' title='bbox 1090 617 1123 684; x_wconf 93' lang='lat' dir='ltr'>in</span> <span class='ocrx_word' id='word_1_12' title='bbox 1146 637 1236 684; x_wconf 88' lang='lat' dir='ltr'>more</span> <span class='ocrx_word' id='word_1_13' title='bbox 1255 613 1407 705; x_wconf 89' lang='lat' dir='ltr'>positum,</span> 
     </span>
     <span class='ocr_line' id='line_1_3' title="bbox 275 723 1411 812; baseline -0.004 -20"><span class='ocrx_word' id='word_1_14' title='bbox 275 753 293 792; x_wconf 76' lang='lat' dir='ltr'>e</span> <span class='ocrx_word' id='word_1_15' title='bbox 316 749 381 794; x_wconf 93' lang='lat' dir='ltr'>non</span> <span class='ocrx_word' id='word_1_16' title='bbox 397 727 494 796; x_wconf 93' lang='lat' dir='ltr'>modo</span> <span class='ocrx_word' id='word_1_17' title='bbox 509 749 575 794; x_wconf 89' lang='lat' dir='ltr'>non</span> <span class='ocrx_word' id='word_1_18' title='bbox 590 727 763 795; x_wconf 86' lang='lat' dir='ltr'>immutare</span> <span class='ocrx_word' id='word_1_19' title='bbox 778 725 991 810; x_wconf 85' lang='lat' dir='ltr'><strong>intendimus,</strong></span> <span class='ocrx_word' id='word_1_20' title='bbox 1005 745 1120 792; x_wconf 82' lang='lat' dir='ltr'>verum</span> <span class='ocrx_word' id='word_1_21' title='bbox 1140 724 1236 790; x_wconf 82' lang='lat' dir='ltr'>etiam</span> <span class='ocrx_word' id='word_1_22' title='bbox 1250 723 1411 812; x_wconf 74' lang='lat' dir='ltr'>approba-</span> 
     </span>
     <span class='ocr_line' id='line_1_4' title="bbox 277 833 1413 924; baseline -0.003 -26"><span class='ocrx_word' id='word_1_23' title='bbox 277 860 295 898; x_wconf 83' lang='lat'><strong>«</strong></span> <span class='ocrx_word' id='word_1_24' title='bbox 318 835 405 903; x_wconf 91' lang='lat' dir='ltr'>tione</span> <span class='ocrx_word' id='word_1_25' title='bbox 426 842 536 902; x_wconf 86' lang='lat' dir='ltr'>nostra</span> <span class='ocrx_word' id='word_1_26' title='bbox 552 833 691 920; x_wconf 75' lang='lat' dir='ltr'>singulis</span> <span class='ocrx_word' id='word_1_27' title='bbox 711 833 753 900; x_wconf 87' lang='lat' dir='ltr'>ed</span> <span class='ocrx_word' id='word_1_28' title='bbox 772 855 854 924; x_wconf 90' lang='lat' dir='ltr'>quos</span> <span class='ocrx_word' id='word_1_29' title='bbox 872 833 1010 922; x_wconf 76' lang='lat' dir='ltr'>pertinet</span> <span class='ocrx_word' id='word_1_30' title='bbox 1033 851 1229 922; x_wconf 77' lang='lat' dir='ltr'>magnopere</span> <span class='ocrx_word' id='word_1_31' title='bbox 1246 850 1413 896; x_wconf 88' lang='lat' dir='ltr'>commen·</span> 
     </span>
     <span class='ocr_line' id='line_1_5' title="bbox 277 935 1411 1032; baseline -0.002 -28"><span class='ocrx_word' id='word_1_32' title='bbox 277 966 295 1004; x_wconf 76' lang='lat' dir='ltr'>e</span> <span class='ocrx_word' id='word_1_33' title='bbox 318 941 445 1025; x_wconf 90' lang='lat' dir='ltr'>datum,</span> <span class='ocrx_word' id='word_1_34' title='bbox 460 941 502 1008; x_wconf 87' lang='lat' dir='ltr'>ab</span> <span class='ocrx_word' id='word_1_35' title='bbox 516 941 595 1030; x_wconf 90' lang='lat' dir='ltr'>ipsis</span> <span class='ocrx_word' id='word_1_36' title='bbox 609 943 644 1008; x_wconf 90' lang='lat' dir='ltr'>in</span> <span class='ocrx_word' id='word_1_37' title='bbox 660 948 825 1032; x_wconf 87' lang='lat' dir='ltr'>posterum</span> <span class='ocrx_word' id='word_1_38' title='bbox 839 939 1006 1007; x_wconf 85' lang='lat' dir='ltr'>observari</span> <span class='ocrx_word' id='word_1_39' title='bbox 1022 936 1173 1006; x_wconf 85' lang='lat' dir='ltr'>volumus</span> <span class='ocrx_word' id='word_1_40' title='bbox 1187 957 1225 1004; x_wconf 85' lang='lat' dir='ltr'>ac</span> <span class='ocrx_word' id='word_1_41' title='bbox 1241 935 1411 1026; x_wconf 89' lang='lat' dir='ltr'>jubemns;</span> 
     </span>
     <span class='ocr_line' id='line_1_6' title="bbox 278 1042 1413 1133; baseline -0.002 -23"><span class='ocrx_word' id='word_1_42' title='bbox 278 1073 296 1110; x_wconf 77' lang='lat' dir='ltr'>e</span> <span class='ocrx_word' id='word_1_43' title='bbox 319 1046 380 1115; x_wconf 92' lang='lat' dir='ltr'>hoc</span> <span class='ocrx_word' id='word_1_44' title='bbox 390 1056 500 1114; x_wconf 91' lang='lat' dir='ltr'>tamen</span> <span class='ocrx_word' id='word_1_45' title='bbox 513 1045 638 1131; x_wconf 85' lang='lat' dir='ltr'>addito,</span> <span class='ocrx_word' id='word_1_46' title='bbox 653 1055 690 1114; x_wconf 90' lang='lat' dir='ltr'>nt</span> <span class='ocrx_word' id='word_1_47' title='bbox 702 1047 738 1112; x_wconf 94' lang='lat' dir='ltr'>iu</span> <span class='ocrx_word' id='word_1_48' title='bbox 752 1045 1049 1128; x_wconf 80' lang='lat' dir='ltr'>commissionibus,</span> <span class='ocrx_word' id='word_1_49' title='bbox 1065 1065 1140 1133; x_wconf 78' lang='lat' dir='ltr'>qum</span> <span class='ocrx_word' id='word_1_50' title='bbox 1152 1042 1342 1131; x_wconf 81' lang='lat' dir='ltr'>diriguntur</span> <span class='ocrx_word' id='word_1_51' title='bbox 1354 1063 1413 1109; x_wconf 92' lang='lat' dir='ltr'>sn·</span> 
     </span>
    </p>
   </div>
   <div class='ocr_carea' id='block_1_3' title="bbox 279 1149 1411 1245">
    <p class='ocr_par' dir='ltr' id='par_1_3' title="bbox 279 1145 1501 1245">
     <span class='ocr_line' id='line_1_7' title="bbox 279 1149 1411 1245; baseline -0.002 -27"><span class='ocrx_word' id='word_1_52' title='bbox 279 1180 296 1218; x_wconf 75' lang='lat' dir='ltr'>a</span> <span class='ocrx_word' id='word_1_53' title='bbox 319 1153 502 1245; x_wconf 74' lang='lat' dir='ltr'>petionibus</span> <span class='ocrx_word' id='word_1_54' title='bbox 515 1153 721 1242; x_wconf 71' lang='lat' dir='ltr'>regularibus</span> <span class='ocrx_word' id='word_1_55' title='bbox 733 1161 766 1220; x_wconf 85' lang='lat' dir='ltr'>et</span> <span class='ocrx_word' id='word_1_56' title='bbox 777 1151 962 1222; x_wconf 88' lang='lat' dir='ltr'>tlrdinariis</span> <span class='ocrx_word' id='word_1_57' title='bbox 982 1150 1142 1234; x_wconf 90' lang='lat' dir='ltr'>locorum,</span> <span class='ocrx_word' id='word_1_58' title='bbox 1158 1171 1218 1240; x_wconf 91' lang='lat' dir='ltr'>pro</span> <span class='ocrx_word' id='word_1_59' title='bbox 1236 1149 1411 1217; x_wconf 75' lang='lat' dir='ltr'>confiden-</span> 
     </span>
    </p>
   </div>
   <div class='ocr_carea' id='block_1_4' title="bbox 278 1255 1501 1457">
    <p class='ocr_par' dir='ltr' id='par_1_4' title="bbox 278 1255 1501 1457">
     <span class='ocr_line' id='line_1_8' title="bbox 279 1255 1501 1351; baseline -0.003 -26"><span class='ocrx_word' id='word_1_60' title='bbox 279 1288 296 1325; x_wconf 73' lang='lat' dir='ltr'>a</span> <span class='ocrx_word' id='word_1_61' title='bbox 320 1260 371 1328; x_wconf 90' lang='lat' dir='ltr'>dis</span> <span class='ocrx_word' id='word_1_62' title='bbox 382 1260 597 1351; x_wconf 81' lang='lat' dir='ltr'>processibus,</span> <span class='ocrx_word' id='word_1_63' title='bbox 614 1259 732 1328; x_wconf 89' lang='lat' dir='ltr'>iisdem</span> <span class='ocrx_word' id='word_1_64' title='bbox 747 1259 809 1327; x_wconf 90' lang='lat' dir='ltr'>sub</span> <span class='ocrx_word' id='word_1_65' title='bbox 825 1281 921 1349; x_wconf 78' lang='lat' dir='ltr'>pinna</span> <span class='ocrx_word' id='word_1_66' title='bbox 934 1257 1094 1327; x_wconf 83' lang='lat' dir='ltr'>nullitstis</span> <span class='ocrx_word' id='word_1_67' title='bbox 1108 1267 1241 1324; x_wconf 67' lang='lat' dir='ltr'>eduum</span> <span class='ocrx_word' id='word_1_68' title='bbox 1258 1255 1413 1345; x_wconf 81' lang='lat' dir='ltr'>injunga-</span> <span class='ocrx_word' id='word_1_69' title='bbox 1500 1301 1501 1328; x_wconf 57' lang='lat'>2</span> 
     </span>
     <span class='ocr_line' id='line_1_9' title="bbox 278 1363 1501 1457; baseline -0.004 -24"><span class='ocrx_word' id='word_1_70' title='bbox 278 1377 385 1451; x_wconf 79' lang='lat' dir='ltr'>rtur,</span> <span class='ocrx_word' id='word_1_71' title='bbox 418 1377 454 1434; x_wconf 89' lang='lat' dir='ltr'>ut</span> <span class='ocrx_word' id='word_1_72' title='bbox 491 1366 526 1434; x_wconf 90' lang='lat' dir='ltr'>in</span> <span class='ocrx_word' id='word_1_73' title='bbox 563 1367 716 1435; x_wconf 87' lang='lat' dir='ltr'>omnibus</span> <span class='ocrx_word' id='word_1_74' title='bbox 751 1365 925 1457; x_wconf 86' lang='lat' dir='ltr'>procedere</span> <span class='ocrx_word' id='word_1_75' title='bbox 953 1365 1089 1433; x_wconf 81' lang='lat' dir='ltr'>debeam</span> <span class='ocrx_word' id='word_1_76' title='bbox 1119 1385 1194 1431; x_wconf 92' lang='lat' dir='ltr'>cum</span> <span class='ocrx_word' id='word_1_77' title='bbox 1230 1363 1414 1430; x_wconf 76' lang='lat' dir='ltr'>interventu</span> <span class='ocrx_word' id='word_1_78' title='bbox 1500 1409 1501 1416; x_wconf 19' lang='grc' dir='ltr'><strong>κ</strong></span> 
     </span>
    </p>
   </div>
   <div class='ocr_carea' id='block_1_5' title="bbox 279 1457 1501 1564">
    <p class='ocr_par' dir='ltr' id='par_1_5' title="bbox 279 1457 1501 1564">
     <span class='ocr_line' id='line_1_10' title="bbox 279 1457 1501 1564; baseline -0.001 -27"><span class='ocrx_word' id='word_1_79' title='bbox 279 1501 296 1537; x_wconf 75' lang='lat' dir='ltr'>a</span> <span class='ocrx_word' id='word_1_80' title='bbox 320 1474 499 1542; x_wconf 89' lang='lat' dir='ltr'>defensoris</span> <span class='ocrx_word' id='word_1_81' title='bbox 518 1473 727 1564; x_wconf 77' lang='lat' dir='ltr'>professionis</span> <span class='ocrx_word' id='word_1_82' title='bbox 742 1471 805 1540; x_wconf 74' lang='lat' dir='ltr'>rad</span> <span class='ocrx_word' id='word_1_83' title='bbox 826 1495 923 1563; x_wconf 90' lang='lat' dir='ltr'>quem</span> <span class='ocrx_word' id='word_1_84' title='bbox 946 1471 1104 1539; x_wconf 91' lang='lat' dir='ltr'>nimirum</span> <span class='ocrx_word' id='word_1_85' title='bbox 1128 1470 1301 1562; x_wconf 73' lang='lat' dir='ltr'>pertinebit</span> <span class='ocrx_word' id='word_1_86' title='bbox 1317 1469 1415 1537; x_wconf 89' lang='lat' dir='ltr'>inter·</span> <span class='ocrx_word' id='word_1_87' title='bbox 1500 1457 1501 1546; x_wconf 73' lang='lat' dir='ltr'>i</span> 
     </span>
    </p>
   </div>
   <div class='ocr_carea' id='block_1_6' title="bbox 280 1563 1501 1670">
    <p class='ocr_par' dir='ltr' id='par_1_6' title="bbox 280 1563 1501 1670">
     <span class='ocr_line' id='line_1_11' title="bbox 280 1563 1501 1670; baseline -0.003 -24"><span class='ocrx_word' id='word_1_88' title='bbox 280 1580 484 1669; x_wconf 73' lang='lat' dir='ltr'>erogatoris</span> <span class='ocrx_word' id='word_1_89' title='bbox 518 1579 608 1662; x_wconf 89' lang='lat' dir='ltr'>dare,</span> <span class='ocrx_word' id='word_1_90' title='bbox 645 1581 741 1670; x_wconf 83' lang='lat' dir='ltr'>juxto</span> <span class='ocrx_word' id='word_1_91' title='bbox 777 1601 852 1669; x_wconf 84' lang='lat' dir='ltr'>qnae</span> <span class='ocrx_word' id='word_1_92' title='bbox 890 1577 1072 1647; x_wconf 82' lang='lat' dir='ltr'>examinari</span> <span class='ocrx_word' id='word_1_93' title='bbox 1108 1577 1272 1646; x_wconf 88' lang='lat' dir='ltr'>debebunt</span> <span class='ocrx_word' id='word_1_94' title='bbox 1308 1585 1414 1660; x_wconf 87' lang='lat' dir='ltr'>testes,</span> <span class='ocrx_word' id='word_1_95' title='bbox 1500 1563 1501 1642; x_wconf 70' lang='lat' dir='ltr'>i</span> 
     </span>
    </p>
   </div>
   <div class='ocr_carea' id='block_1_7' title="bbox 280 1682 1418 1778">
    <p class='ocr_par' dir='ltr' id='par_1_7' title="bbox 280 1682 1418 1778">
     <span class='ocr_line' id='line_1_12' title="bbox 280 1682 1418 1778; baseline -0.004 -25"><span class='ocrx_word' id='word_1_96' title='bbox 280 1687 448 1778; x_wconf 77' lang='lat' dir='ltr'>salisque</span> <span class='ocrx_word' id='word_1_97' title='bbox 475 1686 517 1754; x_wconf 90' lang='lat' dir='ltr'>ad</span> <span class='ocrx_word' id='word_1_98' title='bbox 546 1685 689 1755; x_wconf 85' lang='lat' dir='ltr'>officinm</span> <span class='ocrx_word' id='word_1_99' title='bbox 718 1685 782 1753; x_wconf 86' lang='lat' dir='ltr'>sibi</span> <span class='ocrx_word' id='word_1_100' title='bbox 812 1685 1001 1774; x_wconf 91' lang='lat' dir='ltr'>impositum</span> <span class='ocrx_word' id='word_1_101' title='bbox 1024 1684 1216 1775; x_wconf 82' lang='lat' dir='ltr'>pertinentia</span> <span class='ocrx_word' id='word_1_102' title='bbox 1236 1682 1418 1772; x_wconf 58' lang='lat' dir='ltr'>diligatam</span> 
     </span>
    </p>
   </div>
   <div class='ocr_carea' id='block_1_8' title="bbox 280 1771 1501 1884">
    <p class='ocr_par' dir='ltr' id='par_1_8' title="bbox 280 1771 1501 1884">
     <span class='ocr_line' id='line_1_13' title="bbox 280 1771 1501 1884; baseline 0.002 -26"><span class='ocrx_word' id='word_1_103' title='bbox 280 1821 298 1858; x_wconf 75' lang='lat' dir='ltr'>a</span> <span class='ocrx_word' id='word_1_104' title='bbox 321 1793 402 1861; x_wconf 88' lang='lat' dir='ltr'>sime</span> <span class='ocrx_word' id='word_1_105' title='bbox 418 1803 584 1884; x_wconf 73' lang='lat' dir='ltr'>presure.</span> <span class='ocrx_word' id='word_1_106' title='bbox 601 1793 682 1860; x_wconf 87' lang='lat' dir='ltr'>ltem</span> <span class='ocrx_word' id='word_1_107' title='bbox 700 1792 866 1876; x_wconf 79' lang='lat' dir='ltr'>volumus,</span> <span class='ocrx_word' id='word_1_108' title='bbox 882 1802 919 1860; x_wconf 93' lang='lat' dir='ltr'>nt</span> <span class='ocrx_word' id='word_1_109' title='bbox 941 1791 975 1858; x_wconf 94' lang='lat' dir='ltr'>in</span> <span class='ocrx_word' id='word_1_110' title='bbox 999 1791 1069 1882; x_wconf 90' lang='lat' dir='ltr'>ipsa</span> <span class='ocrx_word' id='word_1_111' title='bbox 1088 1791 1307 1881; x_wconf 77' lang='lat' dir='ltr'>propositione</span> <span class='ocrx_word' id='word_1_112' title='bbox 1327 1789 1417 1858; x_wconf 90' lang='lat' dir='ltr'>dubii</span> <span class='ocrx_word' id='word_1_113' title='bbox 1500 1771 1501 1860; x_wconf 45' lang='lat' dir='ltr'>i</span> 
     </span>
    </p>
   </div>
   <div class='ocr_carea' id='block_1_9' title="bbox 282 1897 1417 1991">
    <p class='ocr_par' dir='ltr' id='par_1_9' title="bbox 282 1897 1417 1991">
     <span class='ocr_line' id='line_1_14' title="bbox 282 1897 1417 1991; baseline -0.002 -25"><span class='ocrx_word' id='word_1_114' title='bbox 282 1929 300 1967; x_wconf 75' lang='grc' dir='ltr'>ι(</span> <span class='ocrx_word' id='word_1_115' title='bbox 322 1923 420 1991; x_wconf 88' lang='lat' dir='ltr'>super</span> <span class='ocrx_word' id='word_1_116' title='bbox 434 1899 639 1969; x_wconf 79' lang='lat' dir='ltr'>concessione</span> <span class='ocrx_word' id='word_1_117' title='bbox 652 1899 867 1968; x_wconf 72' lang='lat' dir='ltr'>restitutionis</span> <span class='ocrx_word' id='word_1_118' title='bbox 888 1900 923 1966; x_wconf 95' lang='lat' dir='ltr'>in</span> <span class='ocrx_word' id='word_1_119' title='bbox 944 1900 1121 1988; x_wconf 77' lang='lat' dir='ltr'>integrum,</span> <span class='ocrx_word' id='word_1_120' title='bbox 1138 1907 1203 1965; x_wconf 92' lang='lat' dir='ltr'>tam</span> <span class='ocrx_word' id='word_1_121' title='bbox 1223 1897 1259 1966; x_wconf 94' lang='lat' dir='ltr'>iu</span> <span class='ocrx_word' id='word_1_122' title='bbox 1274 1897 1417 1989; x_wconf 71' lang='lat' dir='ltr'>prefatis</span> 
     </span>
    </p>
   </div>
   <div class='ocr_carea' id='block_1_10' title="bbox 281 2004 1416 2096">
    <p class='ocr_par' dir='ltr' id='par_1_10' title="bbox 281 2001 1501 2108">
     <span class='ocr_line' id='line_1_15' title="bbox 281 2004 1416 2096; baseline 0 -22"><span class='ocrx_word' id='word_1_123' title='bbox 281 2036 298 2074; x_wconf 77' lang='lat' dir='ltr'>a</span> <span class='ocrx_word' id='word_1_124' title='bbox 321 2008 548 2078; x_wconf 71' lang='lat' dir='ltr'>cardinalium</span> <span class='ocrx_word' id='word_1_125' title='bbox 558 2007 874 2096; x_wconf 78' lang='lat' dir='ltr'>Congregationibus</span> <span class='ocrx_word' id='word_1_126' title='bbox 882 2005 1018 2076; x_wconf 86' lang='lat' dir='ltr'>Concilii</span> <span class='ocrx_word' id='word_1_127' title='bbox 1030 2004 1211 2073; x_wconf 83' lang='lat' dir='ltr'>Tridentini</span> <span class='ocrx_word' id='word_1_128' title='bbox 1228 2005 1416 2096; x_wconf 86' lang='lat' dir='ltr'>interprete·</span> 
     </span>
    </p>
   </div>
   <div class='ocr_carea' id='block_1_11' title="bbox 281 2111 1501 2313">
    <p class='ocr_par' dir='ltr' id='par_1_11' title="bbox 281 2111 1501 2313">
     <span class='ocr_line' id='line_1_16' title="bbox 281 2111 1501 2206; baseline -0.005 -24"><span class='ocrx_word' id='word_1_129' title='bbox 281 2143 299 2182; x_wconf 76' lang='lat' dir='ltr'>e</span> <span class='ocrx_word' id='word_1_130' title='bbox 323 2115 415 2200; x_wconf 89' lang='lat' dir='ltr'>tioni,</span> <span class='ocrx_word' id='word_1_131' title='bbox 436 2124 468 2184; x_wconf 92' lang='lat' dir='ltr'>et</span> <span class='ocrx_word' id='word_1_132' title='bbox 485 2115 722 2206; x_wconf 85' lang='lat' dir='ltr'>Episcopornm</span> <span class='ocrx_word' id='word_1_133' title='bbox 740 2121 773 2180; x_wconf 89' lang='lat' dir='ltr'>et</span> <span class='ocrx_word' id='word_1_134' title='bbox 794 2113 998 2202; x_wconf 80' lang='lat' dir='ltr'>regularium</span> <span class='ocrx_word' id='word_1_135' title='bbox 1022 2111 1312 2180; x_wconf 78' lang='lat' dir='ltr'>consultationibus</span> <span class='ocrx_word' id='word_1_136' title='bbox 1333 2132 1416 2202; x_wconf 83' lang='lat' dir='ltr'>prae·</span> <span class='ocrx_word' id='word_1_137' title='bbox 1500 2111 1501 2158; x_wconf 66' lang='lat' dir='ltr'>l</span> 
     </span>
     <span class='ocr_line' id='line_1_17' title="bbox 282 2219 1501 2313; baseline -0.009 -20"><span class='ocrx_word' id='word_1_138' title='bbox 282 2251 299 2287; x_wconf 76' lang='lat' dir='ltr'>a</span> <span class='ocrx_word' id='word_1_139' title='bbox 324 2223 448 2313; x_wconf 91' lang='lat' dir='ltr'>positis,</span> <span class='ocrx_word' id='word_1_140' title='bbox 465 2244 564 2313; x_wconf 91' lang='lat' dir='ltr'>quam</span> <span class='ocrx_word' id='word_1_141' title='bbox 577 2222 613 2289; x_wconf 88' lang='lat' dir='ltr'>iu</span> <span class='ocrx_word' id='word_1_142' title='bbox 627 2220 801 2289; x_wconf 85' lang='lat' dir='ltr'>Auditorio</span> <span class='ocrx_word' id='word_1_143' title='bbox 815 2219 922 2305; x_wconf 77' lang='lat' dir='ltr'>Rotae,</span> <span class='ocrx_word' id='word_1_144' title='bbox 938 2229 995 2288; x_wconf 89' lang='lat' dir='ltr'>ant</span> <span class='ocrx_word' id='word_1_145' title='bbox 1007 2221 1042 2287; x_wconf 91' lang='lat' dir='ltr'>in</span> <span class='ocrx_word' id='word_1_146' title='bbox 1055 2241 1263 2310; x_wconf 88' lang='lat' dir='ltr'>quacumque</span> <span class='ocrx_word' id='word_1_147' title='bbox 1278 2239 1416 2308; x_wconf 78' lang='lat' dir='ltr'>congre-</span> <span class='ocrx_word' id='word_1_148' title='bbox 1500 2251 1501 2306; x_wconf 56' lang='lat' dir='ltr'>q</span> 
     </span>
    </p>
   </div>
   <div class='ocr_carea' id='block_1_12' title="bbox 282 2307 1501 2421">
    <p class='ocr_par' dir='ltr' id='par_1_12' title="bbox 282 2307 1501 2421">
     <span class='ocr_line' id='line_1_18' title="bbox 282 2307 1501 2421; baseline -0.004 -25"><span class='ocrx_word' id='word_1_149' title='bbox 282 2359 300 2396; x_wconf 76' lang='lat' dir='ltr'>e</span> <span class='ocrx_word' id='word_1_150' title='bbox 322 2329 452 2421; x_wconf 81' lang='lat' dir='ltr'>gatione</span> <span class='ocrx_word' id='word_1_151' title='bbox 477 2328 714 2420; x_wconf 74' lang='lat' dir='ltr'>particulariter</span> <span class='ocrx_word' id='word_1_152' title='bbox 737 2328 849 2396; x_wconf 78' lang='lat' dir='ltr'>forsan</span> <span class='ocrx_word' id='word_1_153' title='bbox 872 2325 1035 2418; x_wconf 84' lang='lat' dir='ltr'>deputata,</span> <span class='ocrx_word' id='word_1_154' title='bbox 1056 2327 1119 2394; x_wconf 87' lang='lat' dir='ltr'>sub</span> <span class='ocrx_word' id='word_1_155' title='bbox 1140 2325 1238 2392; x_wconf 92' lang='lat' dir='ltr'>simili</span> <span class='ocrx_word' id='word_1_156' title='bbox 1259 2325 1415 2393; x_wconf 90' lang='lat' dir='ltr'>nullitatis</span> <span class='ocrx_word' id='word_1_157' title='bbox 1500 2307 1501 2380; x_wconf 65' lang='lat' dir='ltr'>i</span> 
     </span>
    </p>
   </div>
   <div class='ocr_carea' id='block_1_13' title="bbox 282 2431 1416 2739">
    <p class='ocr_par' dir='ltr' id='par_1_13' title="bbox 282 2431 1416 2739">
     <span class='ocr_line' id='line_1_19' title="bbox 282 2431 1413 2527; baseline -0.003 -25"><span class='ocrx_word' id='word_1_158' title='bbox 282 2464 299 2502; x_wconf 73' lang='lat' dir='ltr'>a</span> <span class='ocrx_word' id='word_1_159' title='bbox 323 2457 434 2527; x_wconf 84' lang='lat' dir='ltr'>poena,</span> <span class='ocrx_word' id='word_1_160' title='bbox 449 2435 601 2504; x_wconf 90' lang='lat' dir='ltr'>defensor</span> <span class='ocrx_word' id='word_1_161' title='bbox 622 2434 845 2527; x_wconf 84' lang='lat' dir='ltr'>professionis,</span> <span class='ocrx_word' id='word_1_162' title='bbox 860 2433 901 2502; x_wconf 91' lang='lat' dir='ltr'>eb</span> <span class='ocrx_word' id='word_1_163' title='bbox 920 2456 959 2502; x_wconf 90' lang='lat' dir='ltr'>eo</span> <span class='ocrx_word' id='word_1_164' title='bbox 981 2433 1038 2523; x_wconf 92' lang='lat' dir='ltr'>qui</span> <span class='ocrx_word' id='word_1_165' title='bbox 1054 2431 1229 2508; x_wconf 77' lang='lat' dir='ltr'>tribumlis</span> <span class='ocrx_word' id='word_1_166' title='bbox 1245 2440 1343 2522; x_wconf 83' lang='lat' dir='ltr'>eaput</span> <span class='ocrx_word' id='word_1_167' title='bbox 1358 2440 1413 2514; x_wconf 81' lang='lat' dir='ltr'>est,</span> 
     </span>
     <span class='ocr_line' id='line_1_20' title="bbox 282 2539 1415 2633; baseline -0.004 -25"><span class='ocrx_word' id='word_1_168' title='bbox 282 2570 300 2608; x_wconf 74' lang='lat' dir='ltr'>a</span> <span class='ocrx_word' id='word_1_169' title='bbox 322 2541 508 2633; x_wconf 87' lang='lat' dir='ltr'>deputatus,</span> <span class='ocrx_word' id='word_1_170' title='bbox 536 2541 687 2632; x_wconf 81' lang='lat' dir='ltr'>expensis</span> <span class='ocrx_word' id='word_1_171' title='bbox 713 2563 827 2610; x_wconf 87' lang='lat' dir='ltr'>eorum</span> <span class='ocrx_word' id='word_1_172' title='bbox 852 2540 892 2608; x_wconf 91' lang='lat' dir='ltr'>de</span> <span class='ocrx_word' id='word_1_173' title='bbox 913 2539 1032 2630; x_wconf 92' lang='lat' dir='ltr'>quibus</span> <span class='ocrx_word' id='word_1_174' title='bbox 1050 2561 1162 2630; x_wconf 91' lang='lat' dir='ltr'>supra,</span> <span class='ocrx_word' id='word_1_175' title='bbox 1183 2560 1311 2629; x_wconf 89' lang='lat' dir='ltr'>semper</span> <span class='ocrx_word' id='word_1_176' title='bbox 1329 2547 1361 2605; x_wconf 89' lang='lat' dir='ltr'>et</span> <span class='ocrx_word' id='word_1_177' title='bbox 1381 2539 1415 2605; x_wconf 89' lang='lat' dir='ltr'>in</span> 
     </span>
     <span class='ocr_line' id='line_1_21' title="bbox 282 2644 1416 2739; baseline -0.003 -25"><span class='ocrx_word' id='word_1_178' title='bbox 282 2675 299 2714; x_wconf 75' lang='lat' dir='ltr'>a</span> <span class='ocrx_word' id='word_1_179' title='bbox 322 2647 475 2716; x_wconf 90' lang='lat' dir='ltr'>omnibus</span> <span class='ocrx_word' id='word_1_180' title='bbox 500 2646 625 2715; x_wconf 83' lang='lat' dir='ltr'>actibus</span> <span class='ocrx_word' id='word_1_181' title='bbox 645 2645 825 2739; x_wconf 86' lang='lat' dir='ltr'>injudicio</span> <span class='ocrx_word' id='word_1_182' title='bbox 845 2655 930 2714; x_wconf 89' lang='lat' dir='ltr'>stare</span> <span class='ocrx_word' id='word_1_183' title='bbox 952 2645 1067 2713; x_wconf 89' lang='lat' dir='ltr'>debeat</span> <span class='ocrx_word' id='word_1_184' title='bbox 1092 2672 1099 2712; x_wconf 93' lang='lat'>:</span> <span class='ocrx_word' id='word_1_185' title='bbox 1121 2667 1226 2735; x_wconf 91' lang='lat' dir='ltr'>neque</span> <span class='ocrx_word' id='word_1_186' title='bbox 1253 2644 1363 2713; x_wconf 89' lang='lat' dir='ltr'>solnm</span> <span class='ocrx_word' id='word_1_187' title='bbox 1384 2644 1416 2711; x_wconf 93' lang='lat' dir='ltr'>in</span> 
     </span>
    </p>
   </div>
   <div class='ocr_carea' id='block_1_14' title="bbox 282 2750 1501 2846">
    <p class='ocr_par' dir='ltr' id='par_1_14' title="bbox 282 2750 1501 2846">
     <span class='ocr_line' id='line_1_22' title="bbox 282 2750 1501 2846; baseline -0.003 -26"><span class='ocrx_word' id='word_1_188' title='bbox 282 2781 300 2820; x_wconf 73' lang='lat' dir='ltr'>e</span> <span class='ocrx_word' id='word_1_189' title='bbox 324 2755 431 2846; x_wconf 74' lang='lat' dir='ltr'>prinus</span> <span class='ocrx_word' id='word_1_190' title='bbox 446 2752 635 2844; x_wconf 87' lang='lat' dir='ltr'>hujusmodi</span> <span class='ocrx_word' id='word_1_191' title='bbox 650 2752 744 2822; x_wconf 90' lang='lat' dir='ltr'>dubii</span> <span class='ocrx_word' id='word_1_192' title='bbox 770 2751 1003 2844; x_wconf 87' lang='lat' dir='ltr'>propositione,</span> <span class='ocrx_word' id='word_1_193' title='bbox 1020 2751 1076 2820; x_wconf 87' lang='lat' dir='ltr'>sed</span> <span class='ocrx_word' id='word_1_194' title='bbox 1091 2751 1189 2818; x_wconf 89' lang='lat' dir='ltr'>etism</span> <span class='ocrx_word' id='word_1_195' title='bbox 1204 2751 1240 2819; x_wconf 94' lang='lat' dir='ltr'>in</span> <span class='ocrx_word' id='word_1_196' title='bbox 1254 2750 1416 2820; x_wconf 89' lang='lat' dir='ltr'>ulteriori·</span> <span class='ocrx_word' id='word_1_197' title='bbox 1500 2757 1501 2760; x_wconf 76' lang='grc'>’</span> 
     </span>
    </p>
   </div>
   <div class='ocr_carea' id='block_1_15' title="bbox 284 2857 1501 3163">
    <p class='ocr_par' dir='ltr' id='par_1_15' title="bbox 284 2857 1501 3163">
     <span class='ocr_line' id='line_1_23' title="bbox 284 2857 1501 2951; baseline 0 -27"><span class='ocrx_word' id='word_1_198' title='bbox 284 2887 302 2924; x_wconf 79' lang='grc' dir='ltr'>(ι</span> <span class='ocrx_word' id='word_1_199' title='bbox 323 2861 398 2946; x_wconf 90' lang='lat' dir='ltr'>bns,</span> <span class='ocrx_word' id='word_1_200' title='bbox 423 2868 584 2951; x_wconf 89' lang='lat' dir='ltr'>quatenus</span> <span class='ocrx_word' id='word_1_201' title='bbox 604 2860 782 2929; x_wconf 80' lang='lat' dir='ltr'>reclamans</span> <span class='ocrx_word' id='word_1_202' title='bbox 807 2859 842 2926; x_wconf 92' lang='lat' dir='ltr'>in</span> <span class='ocrx_word' id='word_1_203' title='bbox 867 2859 972 2949; x_wconf 87' lang='lat' dir='ltr'>prima</span> <span class='ocrx_word' id='word_1_204' title='bbox 991 2857 1141 2949; x_wconf 88' lang='lat' dir='ltr'>rejectus,</span> <span class='ocrx_word' id='word_1_205' title='bbox 1159 2857 1199 2926; x_wconf 86' lang='lat' dir='ltr'>ud</span> <span class='ocrx_word' id='word_1_206' title='bbox 1220 2879 1341 2926; x_wconf 88' lang='lat' dir='ltr'>novam</span> <span class='ocrx_word' id='word_1_207' title='bbox 1359 2880 1417 2925; x_wconf 89' lang='lat' dir='ltr'>au·</span> <span class='ocrx_word' id='word_1_208' title='bbox 1500 2871 1501 2886; x_wconf 59' lang='lat'>³</span> 
     </span>
     <span class='ocr_line' id='line_1_24' title="bbox 284 2962 1501 3056; baseline 0 -26"><span class='ocrx_word' id='word_1_209' title='bbox 284 2966 479 3034; x_wconf 80' lang='lat' dir='ltr'>edientiam</span> <span class='ocrx_word' id='word_1_210' title='bbox 516 2965 717 3035; x_wconf 86' lang='lat' dir='ltr'>admittatur.</span> <span class='ocrx_word' id='word_1_211' title='bbox 756 2965 903 3056; x_wconf 86' lang='lat' dir='ltr'>Denique</span> <span class='ocrx_word' id='word_1_212' title='bbox 941 2974 977 3033; x_wconf 91' lang='lat' dir='ltr'>ut</span> <span class='ocrx_word' id='word_1_213' title='bbox 1007 2985 1067 3055; x_wconf 93' lang='lat' dir='ltr'>pro</span> <span class='ocrx_word' id='word_1_214' title='bbox 1097 2963 1236 3032; x_wconf 74' lang='lat' dir='ltr'>boando</span> <span class='ocrx_word' id='word_1_215' title='bbox 1265 2962 1417 3031; x_wconf 74' lang='lat' dir='ltr'>benefiem</span> <span class='ocrx_word' id='word_1_216' title='bbox 1500 3047 1501 3050; x_wconf 8' lang='grc' dir='ltr'><strong>Ἴ</strong></span> 
     </span>
     <span class='ocr_line' id='line_1_25' title="bbox 284 3069 1501 3163; baseline 0.002 -27"><span class='ocrx_word' id='word_1_217' title='bbox 284 3098 301 3136; x_wconf 77' lang='lat' dir='ltr'>a</span> <span class='ocrx_word' id='word_1_218' title='bbox 324 3073 539 3140; x_wconf 88' lang='lat' dir='ltr'>restitutionis</span> <span class='ocrx_word' id='word_1_219' title='bbox 553 3073 588 3140; x_wconf 93' lang='lat' dir='ltr'>in</span> <span class='ocrx_word' id='word_1_220' title='bbox 610 3073 788 3163; x_wconf 76' lang='lat' dir='ltr'>integrum,</span> <span class='ocrx_word' id='word_1_221' title='bbox 806 3073 902 3141; x_wconf 83' lang='lat' dir='ltr'>unice</span> <span class='ocrx_word' id='word_1_222' title='bbox 919 3069 1106 3140; x_wconf 86' lang='lat' dir='ltr'>favorabilis</span> <span class='ocrx_word' id='word_1_223' title='bbox 1125 3069 1278 3139; x_wconf 90' lang='lat' dir='ltr'>resolutio</span> <span class='ocrx_word' id='word_1_224' title='bbox 1297 3091 1417 3160; x_wconf 86' lang='lat' dir='ltr'>nequa·</span> <span class='ocrx_word' id='word_1_225' title='bbox 1500 3119 1501 3126; x_wconf 19' lang='grc' dir='ltr'><strong>κ</strong></span> 
     </span>
    </p>
   </div>
   <div class='ocr_carea' id='block_1_16' title="bbox 280 3175 1420 4342">
    <p class='ocr_par' dir='ltr' id='par_1_16' title="bbox 284 3175 1419 3698">
     <span class='ocr_line' id='line_1_26' title="bbox 285 3175 1417 3270; baseline 0 -26"><span class='ocrx_word' id='word_1_226' title='bbox 285 3201 425 3269; x_wconf 80' lang='lat' dir='ltr'>equam</span> <span class='ocrx_word' id='word_1_227' title='bbox 451 3178 602 3266; x_wconf 89' lang='lat' dir='ltr'>sufficiat,</span> <span class='ocrx_word' id='word_1_228' title='bbox 624 3179 689 3247; x_wconf 92' lang='lat' dir='ltr'>nisi</span> <span class='ocrx_word' id='word_1_229' title='bbox 717 3201 755 3247; x_wconf 87' lang='lat' dir='ltr'>ea</span> <span class='ocrx_word' id='word_1_230' title='bbox 780 3201 838 3270; x_wconf 89' lang='lat' dir='ltr'>per</span> <span class='ocrx_word' id='word_1_231' title='bbox 864 3177 1038 3246; x_wconf 89' lang='lat' dir='ltr'>secundam</span> <span class='ocrx_word' id='word_1_232' title='bbox 1068 3175 1282 3262; x_wconf 88' lang='lat' dir='ltr'>conformem,</span> <span class='ocrx_word' id='word_1_233' title='bbox 1307 3177 1417 3245; x_wconf 86' lang='lat' dir='ltr'>iterato</span> 
     </span>
     <span class='ocr_line' id='line_1_27' title="bbox 284 3281 1416 3379; baseline -0.002 -26"><span class='ocrx_word' id='word_1_234' title='bbox 284 3308 430 3354; x_wconf 73' lang='lat' dir='ltr'>«causae</span> <span class='ocrx_word' id='word_1_235' title='bbox 458 3285 622 3373; x_wconf 80' lang='lat' dir='ltr'>examine,</span> <span class='ocrx_word' id='word_1_236' title='bbox 650 3284 828 3379; x_wconf 84' lang='lat' dir='ltr'>auditoque</span> <span class='ocrx_word' id='word_1_237' title='bbox 854 3305 981 3376; x_wconf 87' lang='lat' dir='ltr'>semper</span> <span class='ocrx_word' id='word_1_238' title='bbox 1011 3283 1179 3354; x_wconf 81' lang='lat' dir='ltr'>defensore</span> <span class='ocrx_word' id='word_1_239' title='bbox 1199 3281 1416 3374; x_wconf 82' lang='lat' dir='ltr'>professionis,</span> 
     </span>
     <span class='ocr_line' id='line_1_28' title="bbox 285 3389 1419 3484; baseline -0.002 -25"><span class='ocrx_word' id='word_1_240' title='bbox 285 3391 516 3462; x_wconf 73' lang='lat' dir='ltr'>«confirmata</span> <span class='ocrx_word' id='word_1_241' title='bbox 544 3392 644 3460; x_wconf 89' lang='lat' dir='ltr'>fucrit</span> <span class='ocrx_word' id='word_1_242' title='bbox 668 3420 677 3460; x_wconf 78' lang='lat' dir='ltr'><strong><em>z</em></strong></span> <span class='ocrx_word' id='word_1_243' title='bbox 702 3391 978 3484; x_wconf 79' lang='lat' dir='ltr'>quemadmodum</span> <span class='ocrx_word' id='word_1_244' title='bbox 1009 3391 1044 3458; x_wconf 92' lang='lat' dir='ltr'>in</span> <span class='ocrx_word' id='word_1_245' title='bbox 1069 3390 1169 3458; x_wconf 81' lang='lat' dir='ltr'>altera</span> <span class='ocrx_word' id='word_1_246' title='bbox 1194 3389 1419 3458; x_wconf 87' lang='lat' dir='ltr'>constitutione</span> 
     </span>
     <span class='ocr_line' id='line_1_29' title="bbox 286 3495 1414 3591; baseline -0.005 -27"><span class='ocrx_word' id='word_1_247' title='bbox 286 3526 302 3564; x_wconf 79' lang='lat' dir='ltr'>a</span> <span class='ocrx_word' id='word_1_248' title='bbox 325 3507 449 3584; x_wconf 88' lang='lat' dir='ltr'>nostra,</span> <span class='ocrx_word' id='word_1_249' title='bbox 466 3498 507 3566; x_wconf 90' lang='lat' dir='ltr'>de</span> <span class='ocrx_word' id='word_1_250' title='bbox 520 3500 626 3568; x_wconf 80' lang='lat' dir='ltr'>causis</span> <span class='ocrx_word' id='word_1_251' title='bbox 644 3521 741 3591; x_wconf 87' lang='lat' dir='ltr'>snper</span> <span class='ocrx_word' id='word_1_252' title='bbox 761 3497 908 3568; x_wconf 86' lang='lat' dir='ltr'>nullitate</span> <span class='ocrx_word' id='word_1_253' title='bbox 931 3497 1130 3566; x_wconf 79' lang='lat' dir='ltr'>matrimonii</span> <span class='ocrx_word' id='word_1_254' title='bbox 1148 3495 1414 3565; x_wconf 79' lang='lat' dir='ltr'>constitrnmus.a</span> 
     </span>
     <span class='ocr_line' id='line_1_30' title="bbox 284 3604 597 3698; baseline -0.006 -22"><span class='ocrx_word' id='word_1_255' title='bbox 284 3606 390 3698; x_wconf 88' lang='lat' dir='ltr'>(Bulla</span> <span class='ocrx_word' id='word_1_256' title='bbox 402 3604 597 3695; x_wconf 78' lang='lat' dir='ltr'>Siderum.)</span> 
     </span>
    </p>

    <p class='ocr_par' dir='ltr' id='par_1_17' title="bbox 280 3708 1420 4342">
     <span class='ocr_line' id='line_1_31' title="bbox 326 3708 1418 3802; baseline -0.005 -21"><span class='ocrx_word' id='word_1_257' title='bbox 326 3714 378 3782; x_wconf 85' lang='lat' dir='ltr'>Ex</span> <span class='ocrx_word' id='word_1_258' title='bbox 394 3712 454 3781; x_wconf 87' lang='lat' dir='ltr'>hac</span> <span class='ocrx_word' id='word_1_259' title='bbox 469 3721 578 3781; x_wconf 86' lang='lat' dir='ltr'>autem</span> <span class='ocrx_word' id='word_1_260' title='bbox 594 3713 768 3782; x_wconf 77' lang='lat' dir='ltr'>clarissimi</span> <span class='ocrx_word' id='word_1_261' title='bbox 781 3712 946 3783; x_wconf 85' lang='lat' dir='ltr'>Pontificis</span> <span class='ocrx_word' id='word_1_262' title='bbox 959 3711 1167 3802; x_wconf 86' lang='lat' dir='ltr'>dispositione</span> <span class='ocrx_word' id='word_1_263' title='bbox 1181 3717 1280 3800; x_wconf 87' lang='lat' dir='ltr'>patet,</span> <span class='ocrx_word' id='word_1_264' title='bbox 1296 3708 1331 3777; x_wconf 91' lang='lat' dir='ltr'>in</span> <span class='ocrx_word' id='word_1_265' title='bbox 1343 3732 1418 3801; x_wconf 91' lang='lat' dir='ltr'>qua·</span> 
     </span>
     <span class='ocr_line' id='line_1_32' title="bbox 281 3818 1419 3911; baseline -0.004 -23"><span class='ocrx_word' id='word_1_266' title='bbox 281 3819 360 3888; x_wconf 87' lang='lat' dir='ltr'>libet</span> <span class='ocrx_word' id='word_1_267' title='bbox 386 3841 484 3888; x_wconf 83' lang='lat' dir='ltr'>causo</span> <span class='ocrx_word' id='word_1_268' title='bbox 512 3819 671 3889; x_wconf 80' lang='lat' dir='ltr'>nullitatis</span> <span class='ocrx_word' id='word_1_269' title='bbox 699 3821 922 3911; x_wconf 88' lang='lat' dir='ltr'>professionis,</span> <span class='ocrx_word' id='word_1_270' title='bbox 954 3827 1025 3910; x_wconf 89' lang='lat' dir='ltr'>post</span> <span class='ocrx_word' id='word_1_271' title='bbox 1054 3818 1315 3908; x_wconf 88' lang='lat' dir='ltr'>quinquennium</span> <span class='ocrx_word' id='word_1_272' title='bbox 1348 3839 1419 3908; x_wconf 90' lang='lat' dir='ltr'>pro-</span> 
     </span>
     <span class='ocr_line' id='line_1_33' title="bbox 282 3923 1417 4017; baseline -0.006 -21"><span class='ocrx_word' id='word_1_273' title='bbox 282 3926 398 4016; x_wconf 85' lang='lat' dir='ltr'>posita,</span> <span class='ocrx_word' id='word_1_274' title='bbox 410 3924 575 4017; x_wconf 86' lang='lat' dir='ltr'>duplicem</span> <span class='ocrx_word' id='word_1_275' title='bbox 586 3933 619 3994; x_wconf 89' lang='lat' dir='ltr'>et</span> <span class='ocrx_word' id='word_1_276' title='bbox 632 3927 768 3994; x_wconf 92' lang='lat' dir='ltr'>omnino</span> <span class='ocrx_word' id='word_1_277' title='bbox 784 3926 921 3994; x_wconf 88' lang='lat' dir='ltr'>similem</span> <span class='ocrx_word' id='word_1_278' title='bbox 935 3947 1121 4016; x_wconf 86' lang='lat' dir='ltr'>processum</span> <span class='ocrx_word' id='word_1_279' title='bbox 1133 3945 1203 3991; x_wconf 87' lang='lat' dir='ltr'>esse</span> <span class='ocrx_word' id='word_1_280' title='bbox 1214 3923 1394 3991; x_wconf 67' lang='lat' dir='ltr'>habndum</span> <span class='ocrx_word' id='word_1_281' title='bbox 1409 3949 1417 3988; x_wconf 72' lang='grc' dir='ltr'><strong>ε</strong></span> 
     </span>
     <span class='ocr_line' id='line_1_34' title="bbox 281 4029 1419 4122; baseline -0.002 -23"><span class='ocrx_word' id='word_1_282' title='bbox 281 4033 441 4122; x_wconf 89' lang='lat' dir='ltr'>priorem,</span> <span class='ocrx_word' id='word_1_283' title='bbox 466 4055 526 4122; x_wconf 93' lang='lat' dir='ltr'>pro</span> <span class='ocrx_word' id='word_1_284' title='bbox 550 4031 705 4101; x_wconf 85' lang='lat' dir='ltr'>solvendo</span> <span class='ocrx_word' id='word_1_285' title='bbox 728 4032 829 4101; x_wconf 90' lang='lat' dir='ltr'>dubio</span> <span class='ocrx_word' id='word_1_286' title='bbox 851 4055 896 4100; x_wconf 82' lang='lat' dir='ltr'>un</span> <span class='ocrx_word' id='word_1_287' title='bbox 919 4029 1119 4101; x_wconf 83' lang='lat' dir='ltr'>concedendo</span> <span class='ocrx_word' id='word_1_288' title='bbox 1144 4030 1186 4098; x_wconf 84' lang='lat' dir='ltr'>sit</span> <span class='ocrx_word' id='word_1_289' title='bbox 1204 4030 1366 4099; x_wconf 73' lang='lat' dir='ltr'>rociaco</span> <span class='ocrx_word' id='word_1_290' title='bbox 1387 4031 1419 4097; x_wconf 80' lang='lat' dir='ltr'>ic</span> 
     </span>
     <span class='ocr_line' id='line_1_35' title="bbox 281 4135 1420 4230; baseline -0.001 -26"><span class='ocrx_word' id='word_1_291' title='bbox 281 4138 467 4229; x_wconf 51' lang='lat' dir='ltr'>inrepree-</span> <span class='ocrx_word' id='word_1_292' title='bbox 482 4138 705 4229; x_wconf 89' lang='lat' dir='ltr'>posteriorem,</span> <span class='ocrx_word' id='word_1_293' title='bbox 721 4139 761 4207; x_wconf 89' lang='lat' dir='ltr'>ad</span> <span class='ocrx_word' id='word_1_294' title='bbox 779 4137 1055 4230; x_wconf 78' lang='lat' dir='ltr'>pronuntiandum</span> <span class='ocrx_word' id='word_1_295' title='bbox 1071 4135 1111 4204; x_wconf 91' lang='lat' dir='ltr'>de</span> <span class='ocrx_word' id='word_1_296' title='bbox 1126 4135 1272 4204; x_wconf 88' lang='lat' dir='ltr'>nullitate</span> <span class='ocrx_word' id='word_1_297' title='bbox 1287 4137 1357 4229; x_wconf 91' lang='lat' dir='ltr'>ipsa</span> <span class='ocrx_word' id='word_1_298' title='bbox 1372 4137 1420 4205; x_wconf 89' lang='lat' dir='ltr'>vel</span> 
     </span>
     <span class='ocr_line' id='line_1_36' title="bbox 280 4243 1418 4342; baseline 0.004 -30"><span class='ocrx_word' id='word_1_299' title='bbox 280 4243 443 4315; x_wconf 84' lang='lat' dir='ltr'>validitate</span> <span class='ocrx_word' id='word_1_300' title='bbox 454 4245 673 4338; x_wconf 86' lang='lat' dir='ltr'>professionis.</span> <span class='ocrx_word' id='word_1_301' title='bbox 689 4247 728 4316; x_wconf 93' lang='lat' dir='ltr'>ln</span> <span class='ocrx_word' id='word_1_302' title='bbox 741 4246 843 4338; x_wconf 89' lang='lat' dir='ltr'>priori</span> <span class='ocrx_word' id='word_1_303' title='bbox 855 4254 962 4316; x_wconf 86' lang='lat' dir='ltr'>autam</span> <span class='ocrx_word' id='word_1_304' title='bbox 978 4265 1142 4342; x_wconf 83' lang='lat' dir='ltr'>processu,</span> <span class='ocrx_word' id='word_1_305' title='bbox 1157 4265 1233 4318; x_wconf 82' lang='lat' dir='ltr'>cum</span> <span class='ocrx_word' id='word_1_306' title='bbox 1243 4253 1291 4322; x_wconf 85' lang='lat' dir='ltr'>lut</span> <span class='ocrx_word' id='word_1_307' title='bbox 1305 4245 1418 4318; x_wconf 79' lang='lat' dir='ltr'>solem-</span> 
     </span>
    </p>
   </div>
   <div class='ocr_carea' id='block_1_17' title="bbox 0 0 1542 4984">
    <p class='ocr_par' dir='ltr' id='par_1_18' title="bbox 0 0 1542 4984">
     <span class='ocr_line' id='line_1_37' title="bbox 0 0 1542 4984; baseline 0 0"><span class='ocrx_word' id='word_1_308' title='bbox 0 0 1542 4984; x_wconf 95' lang='lat' dir='ltr'> </span> 
     </span>
    </p>
   </div>
  </div>
 </body>
</html>
