<?xml version="1.0" encoding="UTF-8"?>
<!DOCTYPE html PUBLIC "-//W3C//DTD XHTML 1.0 Transitional//EN"
    "http://www.w3.org/TR/xhtml1/DTD/xhtml1-transitional.dtd">
<html xmlns="http://www.w3.org/1999/xhtml" xml:lang="en" lang="en">
 <head>
  <title>
</title>
<meta http-equiv="Content-Type" content="text/html;charset=utf-8" />
  <meta name='ocr-system' content='tesseract 3.04.00' />
  <meta name='ocr-capabilities' content='ocr_page ocr_carea ocr_par ocr_line ocrx_word'/>
</head>
<body>
  <div class='ocr_page' id='page_1' title='image "./tractatusdejudi00goog_0553.png"; bbox 0 0 3050 4984; ppageno 0'>
   <div class='ocr_carea' id='block_1_1' title="bbox 526 506 769 557">
    <p class='ocr_par' dir='ltr' id='par_1_1' title="bbox 526 506 769 557">
     <span class='ocr_line' id='line_1_1' title="bbox 526 506 769 557; baseline 0 -3"><span class='ocrx_word' id='word_1_1' title='bbox 526 507 602 555; x_wconf 70' lang='lat' dir='ltr'><strong>PAR!</strong></span> <span class='ocrx_word' id='word_1_2' title='bbox 624 506 769 557; x_wconf 70' lang='lat' dir='ltr'><strong>smenon.</strong></span> 
     </span>
    </p>
   </div>
   <div class='ocr_carea' id='block_1_2' title="bbox 500 791 788 864">
    <p class='ocr_par' dir='ltr' id='par_1_2' title="bbox 500 791 788 864">
     <span class='ocr_line' id='line_1_2' title="bbox 500 791 788 864; baseline 0.003 -2"><span class='ocrx_word' id='word_1_3' title='bbox 500 791 643 864; x_wconf 81' lang='lat' dir='ltr'>CAPUT</span> <span class='ocrx_word' id='word_1_4' title='bbox 666 791 788 863; x_wconf 88' lang='lat' dir='ltr'><strong>XVlll.</strong></span> 
     </span>
    </p>
   </div>
   <div class='ocr_carea' id='block_1_3' title="bbox 207 975 1081 1025">
    <p class='ocr_par' dir='ltr' id='par_1_3' title="bbox 207 975 1081 1025">
     <span class='ocr_line' id='line_1_3' title="bbox 207 975 1081 1025; baseline 0.002 -4"><span class='ocrx_word' id='word_1_5' title='bbox 207 975 313 1022; x_wconf 74' lang='lat' dir='ltr'><strong>rcum</strong></span> <span class='ocrx_word' id='word_1_6' title='bbox 333 975 561 1025; x_wconf 70' lang='lat' dir='ltr'><strong>courosmoms</strong></span> <span class='ocrx_word' id='word_1_7' title='bbox 583 977 786 1025; x_wconf 68' lang='lat' dir='ltr'><strong>cosmum</strong></span> <span class='ocrx_word' id='word_1_8' title='bbox 808 977 846 1024; x_wconf 79' lang='lat' dir='ltr'><strong>ET</strong></span> <span class='ocrx_word' id='word_1_9' title='bbox 868 975 1081 1025; x_wconf 79' lang='lat' dir='ltr'><strong>GONCEDENDAE.</strong></span> 
     </span>
    </p>
   </div>
   <div class='ocr_carea' id='block_1_4' title="bbox 63 1167 1221 4159">
    <p class='ocr_par' dir='ltr' id='par_1_4' title="bbox 68 1167 1221 2226">
     <span class='ocr_line' id='line_1_4' title="bbox 123 1167 1219 1264; baseline 0.009 -31"><span class='ocrx_word' id='word_1_10' title='bbox 123 1193 141 1233; x_wconf 80' lang='lat' dir='ltr'><strong>a</strong></span> <span class='ocrx_word' id='word_1_11' title='bbox 171 1167 256 1238; x_wconf 81' lang='lat' dir='ltr'><strong>Cum</strong></span> <span class='ocrx_word' id='word_1_12' title='bbox 284 1169 436 1263; x_wconf 79' lang='lat' dir='ltr'><strong>Episcopi</strong></span> <span class='ocrx_word' id='word_1_13' title='bbox 464 1171 604 1242; x_wconf 77' lang='lat' dir='ltr'><strong>habeant</strong></span> <span class='ocrx_word' id='word_1_14' title='bbox 631 1171 827 1264; x_wconf 85' lang='lat' dir='ltr'><strong>inproprie</strong></span> <span class='ocrx_word' id='word_1_15' title='bbox 855 1171 986 1242; x_wconf 75' lang='lat' dir='ltr'><strong>diaecesi</strong></span> <span class='ocrx_word' id='word_1_16' title='bbox 1021 1194 1150 1242; x_wconf 89' lang='lat' dir='ltr'><strong>merum</strong></span> <span class='ocrx_word' id='word_1_17' title='bbox 1182 1197 1219 1244; x_wconf 90' lang='lat' dir='ltr'><strong>ac</strong></span> 
     </span>
     <span class='ocr_line' id='line_1_5' title="bbox 74 1275 1218 1372; baseline 0.008 -31"><span class='ocrx_word' id='word_1_18' title='bbox 74 1301 95 1341; x_wconf 77' lang='grc' dir='ltr'><strong>α</strong></span> <span class='ocrx_word' id='word_1_19' title='bbox 118 1275 264 1346; x_wconf 81' lang='lat' dir='ltr'><strong>mixtum</strong></span> <span class='ocrx_word' id='word_1_20' title='bbox 279 1277 469 1369; x_wconf 90' lang='lat' dir='ltr'><strong>imperium,</strong></span> <span class='ocrx_word' id='word_1_21' title='bbox 489 1302 527 1348; x_wconf 93' lang='lat' dir='ltr'><strong>ac</strong></span> <span class='ocrx_word' id='word_1_22' title='bbox 547 1278 708 1349; x_wconf 78' lang='lat' dir='ltr'><strong>adinstar</strong></span> <span class='ocrx_word' id='word_1_23' title='bbox 729 1279 918 1372; x_wconf 84' lang='lat' dir='ltr'><strong>principum</strong></span> <span class='ocrx_word' id='word_1_24' title='bbox 934 1279 1059 1372; x_wconf 82' lang='lat' dir='ltr'><strong>possint</strong></span> <span class='ocrx_word' id='word_1_25' title='bbox 1079 1281 1218 1372; x_wconf 82' lang='lat' dir='ltr'><strong>gratiam</strong></span> 
     </span>
     <span class='ocr_line' id='line_1_6' title="bbox 73 1382 1219 1474; baseline 0.007 -24"><span class='ocrx_word' id='word_1_26' title='bbox 73 1407 95 1450; x_wconf 75' lang='lat' dir='ltr'><strong>n</strong></span> <span class='ocrx_word' id='word_1_27' title='bbox 117 1382 223 1452; x_wconf 82' lang='lat' dir='ltr'><strong>lacere</strong></span> <span class='ocrx_word' id='word_1_28' title='bbox 235 1383 275 1453; x_wconf 89' lang='lat' dir='ltr'><strong>de</strong></span> <span class='ocrx_word' id='word_1_29' title='bbox 289 1383 426 1473; x_wconf 88' lang='lat' dir='ltr'><strong>delictis,</strong></span> <span class='ocrx_word' id='word_1_30' title='bbox 443 1386 556 1455; x_wconf 87' lang='lat' dir='ltr'><strong>saltem</strong></span> <span class='ocrx_word' id='word_1_31' title='bbox 570 1387 612 1454; x_wconf 93' lang='lat' dir='ltr'><strong>de</strong></span> <span class='ocrx_word' id='word_1_32' title='bbox 626 1385 876 1474; x_wconf 86' lang='lat' dir='ltr'><strong>cousuetudiue3</strong></span> <span class='ocrx_word' id='word_1_33' title='bbox 892 1393 925 1456; x_wconf 91' lang='lat' dir='ltr'><strong>et</strong></span> <span class='ocrx_word' id='word_1_34' title='bbox 940 1410 1007 1457; x_wconf 90' lang='lat' dir='ltr'><strong>non</strong></span> <span class='ocrx_word' id='word_1_35' title='bbox 1021 1386 1130 1458; x_wconf 88' lang='lat' dir='ltr'><strong>solum</strong></span> <span class='ocrx_word' id='word_1_36' title='bbox 1144 1398 1219 1458; x_wconf 88' lang='lat' dir='ltr'><strong>ante</strong></span> 
     </span>
     <span class='ocr_line' id='line_1_7' title="bbox 73 1491 1219 1587; baseline 0.006 -30"><span class='ocrx_word' id='word_1_37' title='bbox 73 1516 96 1557; x_wconf 73' lang='lat' dir='ltr'><strong>e</strong></span> <span class='ocrx_word' id='word_1_38' title='bbox 117 1491 322 1580; x_wconf 86' lang='lat' dir='ltr'><strong>sententiam,</strong></span> <span class='ocrx_word' id='word_1_39' title='bbox 344 1494 520 1563; x_wconf 82' lang='lat' dir='ltr'><strong>sedetiam</strong></span> <span class='ocrx_word' id='word_1_40' title='bbox 542 1502 616 1587; x_wconf 90' lang='lat' dir='ltr'><strong>post</strong></span> <span class='ocrx_word' id='word_1_41' title='bbox 635 1494 735 1563; x_wconf 90' lang='lat' dir='ltr'><strong>latam</strong></span> <span class='ocrx_word' id='word_1_42' title='bbox 751 1495 962 1584; x_wconf 86' lang='lat' dir='ltr'><strong>sententiam;</strong></span> <span class='ocrx_word' id='word_1_43' title='bbox 985 1517 1051 1565; x_wconf 91' lang='lat' dir='ltr'><strong>nou</strong></span> <span class='ocrx_word' id='word_1_44' title='bbox 1075 1496 1219 1587; x_wconf 88' lang='lat' dir='ltr'><strong>ambigi-</strong></span> 
     </span>
     <span class='ocr_line' id='line_1_8' title="bbox 73 1597 1216 1692; baseline 0.005 -28"><span class='ocrx_word' id='word_1_45' title='bbox 73 1622 96 1664; x_wconf 78' lang='grc' dir='ltr'><strong>ι(</strong></span> <span class='ocrx_word' id='word_1_46' title='bbox 117 1604 173 1666; x_wconf 89' lang='lat' dir='ltr'><strong>tur</strong></span> <span class='ocrx_word' id='word_1_47' title='bbox 190 1597 279 1690; x_wconf 86' lang='lat' dir='ltr'><strong>quod</strong></span> <span class='ocrx_word' id='word_1_48' title='bbox 294 1598 401 1667; x_wconf 82' lang='lat' dir='ltr'><strong>valide</strong></span> <span class='ocrx_word' id='word_1_49' title='bbox 415 1607 448 1668; x_wconf 88' lang='lat' dir='ltr'><strong>et</strong></span> <span class='ocrx_word' id='word_1_50' title='bbox 466 1599 554 1668; x_wconf 91' lang='lat' dir='ltr'><strong>licite</strong></span> <span class='ocrx_word' id='word_1_51' title='bbox 568 1600 698 1669; x_wconf 81' lang='lat' dir='ltr'><strong>valeam</strong></span> <span class='ocrx_word' id='word_1_52' title='bbox 715 1621 789 1670; x_wconf 88' lang='lat' dir='ltr'><strong>reos</strong></span> <span class='ocrx_word' id='word_1_53' title='bbox 806 1601 846 1670; x_wconf 92' lang='lat' dir='ltr'><strong>ad</strong></span> <span class='ocrx_word' id='word_1_54' title='bbox 870 1602 1135 1692; x_wconf 83' lang='lat' dir='ltr'><strong>compositionem</strong></span> <span class='ocrx_word' id='word_1_55' title='bbox 1157 1602 1216 1670; x_wconf 88' lang='lat' dir='ltr'><strong>ad-</strong></span> 
     </span>
     <span class='ocr_line' id='line_1_9' title="bbox 72 1704 1221 1799; baseline 0.004 -27"><span class='ocrx_word' id='word_1_56' title='bbox 72 1731 95 1772; x_wconf 90' lang='lat'>«</span> <span class='ocrx_word' id='word_1_57' title='bbox 117 1704 289 1774; x_wconf 87' lang='lat' dir='ltr'><strong>mittere...</strong></span> <span class='ocrx_word' id='word_1_58' title='bbox 313 1705 370 1774; x_wconf 88' lang='lat' dir='ltr'><strong>Est</strong></span> <span class='ocrx_word' id='word_1_59' title='bbox 392 1715 500 1776; x_wconf 69' lang='lat' dir='ltr'><strong>umen</strong></span> <span class='ocrx_word' id='word_1_60' title='bbox 527 1728 645 1777; x_wconf 86' lang='lat' dir='ltr'><strong>verum</strong></span> <span class='ocrx_word' id='word_1_61' title='bbox 666 1707 755 1799; x_wconf 87' lang='lat' dir='ltr'><strong>quod</strong></span> <span class='ocrx_word' id='word_1_62' title='bbox 785 1719 834 1776; x_wconf 86' lang='lat' dir='ltr'><strong>est</strong></span> <span class='ocrx_word' id='word_1_63' title='bbox 855 1731 959 1777; x_wconf 89' lang='lat' dir='ltr'><strong>unum</strong></span> <span class='ocrx_word' id='word_1_64' title='bbox 984 1708 1024 1777; x_wconf 91' lang='lat' dir='ltr'><strong>de</strong></span> <span class='ocrx_word' id='word_1_65' title='bbox 1048 1711 1221 1781; x_wconf 71' lang='lat' dir='ltr'><strong>reservatis</strong></span> 
     </span>
     <span class='ocr_line' id='line_1_10' title="bbox 72 1813 1219 1906; baseline 0.005 -26"><span class='ocrx_word' id='word_1_66' title='bbox 72 1840 95 1880; x_wconf 73' lang='lat' dir='ltr'><strong>a</strong></span> <span class='ocrx_word' id='word_1_67' title='bbox 117 1813 293 1904; x_wconf 84' lang='lat' dir='ltr'><strong>Episcopo,</strong></span> <span class='ocrx_word' id='word_1_68' title='bbox 309 1814 390 1882; x_wconf 90' lang='lat' dir='ltr'><strong>adeo</strong></span> <span class='ocrx_word' id='word_1_69' title='bbox 409 1823 446 1882; x_wconf 93' lang='lat' dir='ltr'><strong>ut</strong></span> <span class='ocrx_word' id='word_1_70' title='bbox 465 1814 620 1885; x_wconf 88' lang='lat' dir='ltr'><strong>Vicarius</strong></span> <span class='ocrx_word' id='word_1_71' title='bbox 640 1814 801 1905; x_wconf 80' lang='lat' dir='ltr'><strong>generalis</strong></span> <span class='ocrx_word' id='word_1_72' title='bbox 822 1815 890 1883; x_wconf 88' lang='lat' dir='ltr'><strong>sola</strong></span> <span class='ocrx_word' id='word_1_73' title='bbox 912 1837 971 1884; x_wconf 89' lang='lat' dir='ltr'><strong>sua</strong></span> <span class='ocrx_word' id='word_1_74' title='bbox 990 1824 1144 1906; x_wconf 77' lang='lat' dir='ltr'><strong>potestate</strong></span> <span class='ocrx_word' id='word_1_75' title='bbox 1165 1839 1219 1886; x_wconf 91' lang='lat' dir='ltr'><strong>or·</strong></span> 
     </span>
     <span class='ocr_line' id='line_1_11' title="bbox 71 1921 1219 2014; baseline 0.005 -25"><span class='ocrx_word' id='word_1_76' title='bbox 71 1947 95 1988; x_wconf 73' lang='lat' dir='ltr'><strong>&lt;a</strong></span> <span class='ocrx_word' id='word_1_77' title='bbox 116 1921 256 2008; x_wconf 89' lang='lat' dir='ltr'><strong>dinaria,</strong></span> <span class='ocrx_word' id='word_1_78' title='bbox 281 1943 347 1990; x_wconf 90' lang='lat' dir='ltr'><strong>non</strong></span> <span class='ocrx_word' id='word_1_79' title='bbox 370 1929 475 2013; x_wconf 87' lang='lat' dir='ltr'><strong>potest</strong></span> <span class='ocrx_word' id='word_1_80' title='bbox 496 1944 569 1992; x_wconf 90' lang='lat' dir='ltr'><strong>reos</strong></span> <span class='ocrx_word' id='word_1_81' title='bbox 594 1921 636 1991; x_wconf 91' lang='lat' dir='ltr'><strong>ad</strong></span> <span class='ocrx_word' id='word_1_82' title='bbox 662 1922 930 2014; x_wconf 86' lang='lat' dir='ltr'><strong>compositionem</strong></span> <span class='ocrx_word' id='word_1_83' title='bbox 954 1923 1138 2014; x_wconf 73' lang='lat' dir='ltr'><strong>admittere,</strong></span> <span class='ocrx_word' id='word_1_84' title='bbox 1163 1927 1219 1995; x_wconf 92' lang='lat' dir='ltr'><strong>sed</strong></span> 
     </span>
     <span class='ocr_line' id='line_1_12' title="bbox 72 2028 1219 2122; baseline 0.005 -28"><span class='ocrx_word' id='word_1_85' title='bbox 72 2055 95 2094; x_wconf 70' lang='grc' dir='ltr'><strong>α</strong></span> <span class='ocrx_word' id='word_1_86' title='bbox 117 2028 262 2119; x_wconf 80' lang='lat' dir='ltr'><strong>exigitur</strong></span> <span class='ocrx_word' id='word_1_87' title='bbox 283 2029 431 2121; x_wconf 88' lang='lat' dir='ltr'><strong>specialis</strong></span> <span class='ocrx_word' id='word_1_88' title='bbox 454 2028 628 2120; x_wconf 80' lang='lat' dir='ltr'><strong>delegatio.</strong></span> <span class='ocrx_word' id='word_1_89' title='bbox 651 2055 668 2094; x_wconf 82' lang='lat' dir='ltr'><strong>n</strong></span> <span class='ocrx_word' id='word_1_90' title='bbox 701 2029 895 2122; x_wconf 84' lang='lat' dir='ltr'><strong>(Monacelli,</strong></span> <span class='ocrx_word' id='word_1_91' title='bbox 921 2038 1011 2122; x_wconf 89' lang='lat' dir='ltr'><strong>parte</strong></span> <span class='ocrx_word' id='word_1_92' title='bbox 1034 2035 1066 2118; x_wconf 81' lang='lat'><strong>2,</strong></span> <span class='ocrx_word' id='word_1_93' title='bbox 1090 2033 1141 2101; x_wconf 89' lang='lat' dir='ltr'><strong>tit.</strong></span> <span class='ocrx_word' id='word_1_94' title='bbox 1165 2038 1219 2122; x_wconf 81' lang='lat'><strong>15,</strong></span> 
     </span>
     <span class='ocr_line' id='line_1_13' title="bbox 68 2135 376 2226; baseline -0.003 -21"><span class='ocrx_word' id='word_1_95' title='bbox 68 2135 217 2205; x_wconf 85' lang='lat' dir='ltr'><strong>formula</strong></span> <span class='ocrx_word' id='word_1_96' title='bbox 228 2139 261 2224; x_wconf 81' lang='lat'><strong>3,</strong></span> <span class='ocrx_word' id='word_1_97' title='bbox 277 2158 312 2204; x_wconf 90' lang='lat' dir='ltr'><strong>n.</strong></span> <span class='ocrx_word' id='word_1_98' title='bbox 331 2136 376 2226; x_wconf 90' lang='lat'><strong>8.)</strong></span> 
     </span>
    </p>

    <p class='ocr_par' dir='ltr' id='par_1_5' title="bbox 66 2242 1221 2978">
     <span class='ocr_line' id='line_1_14' title="bbox 116 2242 1221 2338; baseline 0.005 -26"><span class='ocrx_word' id='word_1_99' title='bbox 116 2242 271 2312; x_wconf 85' lang='lat' dir='ltr'><strong>Consistit</strong></span> <span class='ocrx_word' id='word_1_100' title='bbox 285 2245 474 2335; x_wconf 89' lang='lat' dir='ltr'><strong>compositio</strong></span> <span class='ocrx_word' id='word_1_101' title='bbox 488 2245 524 2312; x_wconf 92' lang='lat' dir='ltr'><strong>in</strong></span> <span class='ocrx_word' id='word_1_102' title='bbox 540 2267 578 2314; x_wconf 89' lang='lat' dir='ltr'><strong>eo</strong></span> <span class='ocrx_word' id='word_1_103' title='bbox 593 2243 681 2335; x_wconf 85' lang='lat' dir='ltr'><strong>quod</strong></span> <span class='ocrx_word' id='word_1_104' title='bbox 695 2244 876 2337; x_wconf 88' lang='lat' dir='ltr'><strong>Episcopus</strong></span> <span class='ocrx_word' id='word_1_105' title='bbox 891 2244 1055 2313; x_wconf 89' lang='lat' dir='ltr'><strong>silentium</strong></span> <span class='ocrx_word' id='word_1_106' title='bbox 1073 2248 1221 2338; x_wconf 90' lang='lat' dir='ltr'><strong>imponat</strong></span> 
     </span>
     <span class='ocr_line' id='line_1_15' title="bbox 68 2349 1221 2446; baseline 0.006 -29"><span class='ocrx_word' id='word_1_107' title='bbox 68 2351 164 2436; x_wconf 86' lang='lat' dir='ltr'><strong>fisco,</strong></span> <span class='ocrx_word' id='word_1_108' title='bbox 180 2356 212 2417; x_wconf 91' lang='lat' dir='ltr'><strong>et</strong></span> <span class='ocrx_word' id='word_1_109' title='bbox 227 2349 315 2418; x_wconf 90' lang='lat' dir='ltr'><strong>ultra</strong></span> <span class='ocrx_word' id='word_1_110' title='bbox 332 2351 464 2442; x_wconf 88' lang='lat' dir='ltr'><strong>procedi</strong></span> <span class='ocrx_word' id='word_1_111' title='bbox 486 2351 668 2442; x_wconf 90' lang='lat' dir='ltr'><strong>probibeat,</strong></span> <span class='ocrx_word' id='word_1_112' title='bbox 684 2350 781 2420; x_wconf 89' lang='lat' dir='ltr'><strong>modo</strong></span> <span class='ocrx_word' id='word_1_113' title='bbox 799 2373 874 2419; x_wconf 91' lang='lat' dir='ltr'><strong>reus</strong></span> <span class='ocrx_word' id='word_1_114' title='bbox 893 2351 997 2420; x_wconf 88' lang='lat' dir='ltr'><strong>solvat</strong></span> <span class='ocrx_word' id='word_1_115' title='bbox 1020 2361 1140 2423; x_wconf 88' lang='lat' dir='ltr'><strong>certam</strong></span> <span class='ocrx_word' id='word_1_116' title='bbox 1164 2377 1221 2446; x_wconf 89' lang='lat' dir='ltr'><strong>pe-</strong></span> 
     </span>
     <span class='ocr_line' id='line_1_16' title="bbox 67 2457 1220 2553; baseline 0.004 -27"><span class='ocrx_word' id='word_1_117' title='bbox 67 2457 178 2526; x_wconf 74' lang='lat' dir='ltr'><strong>cuniae</strong></span> <span class='ocrx_word' id='word_1_118' title='bbox 205 2481 386 2543; x_wconf 89' lang='lat' dir='ltr'><strong>summam,</strong></span> <span class='ocrx_word' id='word_1_119' title='bbox 413 2459 448 2527; x_wconf 91' lang='lat' dir='ltr'><strong>in</strong></span> <span class='ocrx_word' id='word_1_120' title='bbox 473 2479 656 2549; x_wconf 88' lang='lat' dir='ltr'><strong>pauperum</strong></span> <span class='ocrx_word' id='word_1_121' title='bbox 683 2458 845 2546; x_wconf 89' lang='lat' dir='ltr'><strong>levamen,</strong></span> <span class='ocrx_word' id='word_1_122' title='bbox 870 2458 922 2526; x_wconf 89' lang='lat' dir='ltr'><strong>vel</strong></span> <span class='ocrx_word' id='word_1_123' title='bbox 950 2459 1030 2530; x_wconf 90' lang='lat' dir='ltr'><strong>alios</strong></span> <span class='ocrx_word' id='word_1_124' title='bbox 1050 2462 1120 2553; x_wconf 91' lang='lat' dir='ltr'><strong>pios</strong></span> <span class='ocrx_word' id='word_1_125' title='bbox 1141 2485 1220 2531; x_wconf 91' lang='lat' dir='ltr'><strong>usus</strong></span> 
     </span>
     <span class='ocr_line' id='line_1_17' title="bbox 67 2564 1219 2660; baseline 0.005 -29"><span class='ocrx_word' id='word_1_126' title='bbox 67 2564 283 2652; x_wconf 76' lang='lat' dir='ltr'><strong>erogandam.</strong></span> <span class='ocrx_word' id='word_1_127' title='bbox 301 2564 390 2632; x_wconf 90' lang='lat' dir='ltr'><strong>Solet</strong></span> <span class='ocrx_word' id='word_1_128' title='bbox 402 2572 511 2632; x_wconf 88' lang='lat' dir='ltr'><strong>autem</strong></span> <span class='ocrx_word' id='word_1_129' title='bbox 529 2564 564 2630; x_wconf 92' lang='lat' dir='ltr'><strong>iu</strong></span> <span class='ocrx_word' id='word_1_130' title='bbox 587 2565 687 2633; x_wconf 89' lang='lat' dir='ltr'><strong>curiis</strong></span> <span class='ocrx_word' id='word_1_131' title='bbox 708 2564 944 2656; x_wconf 87' lang='lat' dir='ltr'><strong>episcopalibus</strong></span> <span class='ocrx_word' id='word_1_132' title='bbox 959 2564 1077 2658; x_wconf 90' lang='lat' dir='ltr'><strong>aliquis</strong></span> <span class='ocrx_word' id='word_1_133' title='bbox 1092 2568 1219 2660; x_wconf 92' lang='lat' dir='ltr'><strong>publice</strong></span> 
     </span>
     <span class='ocr_line' id='line_1_18' title="bbox 67 2670 1219 2767; baseline 0.006 -30"><span class='ocrx_word' id='word_1_134' title='bbox 67 2671 222 2761; x_wconf 90' lang='lat' dir='ltr'><strong>deputari</strong></span> <span class='ocrx_word' id='word_1_135' title='bbox 238 2671 281 2739; x_wconf 87' lang='lat' dir='ltr'><strong>ad</strong></span> <span class='ocrx_word' id='word_1_136' title='bbox 293 2670 495 2762; x_wconf 88' lang='lat' dir='ltr'><strong>recipiendas</strong></span> <span class='ocrx_word' id='word_1_137' title='bbox 510 2679 542 2739; x_wconf 89' lang='lat' dir='ltr'><strong>et</strong></span> <span class='ocrx_word' id='word_1_138' title='bbox 556 2671 771 2740; x_wconf 76' lang='lat' dir='ltr'><strong>asservandus</strong></span> <span class='ocrx_word' id='word_1_139' title='bbox 787 2671 900 2762; x_wconf 78' lang='lat' dir='ltr'><strong>(donec</strong></span> <span class='ocrx_word' id='word_1_140' title='bbox 915 2671 1050 2742; x_wconf 89' lang='lat' dir='ltr'><strong>arbitrio</strong></span> <span class='ocrx_word' id='word_1_141' title='bbox 1065 2673 1219 2767; x_wconf 90' lang='lat' dir='ltr'><strong>Episcopi</strong></span> 
     </span>
     <span class='ocr_line' id='line_1_19' title="bbox 66 2777 1217 2872; baseline 0.004 -25"><span class='ocrx_word' id='word_1_142' title='bbox 66 2777 260 2868; x_wconf 76' lang='lat' dir='ltr'><strong>erogentur)</strong></span> <span class='ocrx_word' id='word_1_143' title='bbox 273 2778 436 2870; x_wconf 84' lang='lat' dir='ltr'><strong>ejusmodi</strong></span> <span class='ocrx_word' id='word_1_144' title='bbox 447 2779 601 2869; x_wconf 90' lang='lat' dir='ltr'><strong>pecunias</strong></span> <span class='ocrx_word' id='word_1_145' title='bbox 612 2801 654 2848; x_wconf 86' lang='lat' dir='ltr'><strong>ex</strong></span> <span class='ocrx_word' id='word_1_146' title='bbox 669 2779 959 2871; x_wconf 87' lang='lat' dir='ltr'><strong>compositionibus</strong></span> <span class='ocrx_word' id='word_1_147' title='bbox 974 2783 1217 2872; x_wconf 88' lang='lat' dir='ltr'><strong>provenientes;</strong></span> 
     </span>
     <span class='ocr_line' id='line_1_20' title="bbox 67 2885 868 2978; baseline 0 -24"><span class='ocrx_word' id='word_1_148' title='bbox 67 2887 128 2978; x_wconf 84' lang='lat' dir='ltr'><strong>qui</strong></span> <span class='ocrx_word' id='word_1_149' title='bbox 144 2885 291 2955; x_wconf 89' lang='lat' dir='ltr'><strong>officialis</strong></span> <span class='ocrx_word' id='word_1_150' title='bbox 302 2894 436 2955; x_wconf 82' lang='lat' dir='ltr'><strong>vocatur</strong></span> <span class='ocrx_word' id='word_1_151' title='bbox 447 2885 666 2977; x_wconf 82' lang='lat' dir='ltr'><strong>depositarius</strong></span> <span class='ocrx_word' id='word_1_152' title='bbox 672 2909 868 2977; x_wconf 79' lang='lat' dir='ltr'><strong>poencmm.</strong></span> 
     </span>
    </p>

    <p class='ocr_par' dir='ltr' id='par_1_6' title="bbox 63 2993 1217 3710">
     <span class='ocr_line' id='line_1_21' title="bbox 115 2993 1213 3085; baseline 0.006 -24"><span class='ocrx_word' id='word_1_153' title='bbox 115 2993 202 3063; x_wconf 88' lang='lat' dir='ltr'><strong>Fieri</strong></span> <span class='ocrx_word' id='word_1_154' title='bbox 217 2993 331 3085; x_wconf 88' lang='lat' dir='ltr'><strong>nequit</strong></span> <span class='ocrx_word' id='word_1_155' title='bbox 350 2994 554 3085; x_wconf 88' lang='lat' dir='ltr'><strong>compositio,</strong></span> <span class='ocrx_word' id='word_1_156' title='bbox 571 2994 634 3062; x_wconf 93' lang='lat' dir='ltr'><strong>uisi</strong></span> <span class='ocrx_word' id='word_1_157' title='bbox 655 3015 712 3061; x_wconf 85' lang='lat' dir='ltr'><strong>reo</strong></span> <span class='ocrx_word' id='word_1_158' title='bbox 726 2994 910 3085; x_wconf 87' lang='lat' dir='ltr'><strong>postulante</strong></span> <span class='ocrx_word' id='word_1_159' title='bbox 932 3003 965 3062; x_wconf 87' lang='lat' dir='ltr'><strong>et</strong></span> <span class='ocrx_word' id='word_1_160' title='bbox 983 2997 1213 3068; x_wconf 88' lang='lat' dir='ltr'><strong>consentiente.</strong></span> 
     </span>
     <span class='ocr_line' id='line_1_22' title="bbox 66 3101 1216 3194; baseline 0.003 -24"><span class='ocrx_word' id='word_1_161' title='bbox 66 3103 180 3192; x_wconf 87' lang='lat' dir='ltr'><strong>Atque</strong></span> <span class='ocrx_word' id='word_1_162' title='bbox 189 3102 335 3192; x_wconf 87' lang='lat' dir='ltr'><strong>insuper,</strong></span> <span class='ocrx_word' id='word_1_163' title='bbox 348 3102 376 3168; x_wconf 90' lang='lat' dir='ltr'><strong>si</strong></span> <span class='ocrx_word' id='word_1_164' title='bbox 391 3101 465 3194; x_wconf 89' lang='lat' dir='ltr'><strong>quis</strong></span> <span class='ocrx_word' id='word_1_165' title='bbox 476 3123 535 3192; x_wconf 94' lang='lat' dir='ltr'><strong>per</strong></span> <span class='ocrx_word' id='word_1_166' title='bbox 548 3101 701 3170; x_wconf 89' lang='lat' dir='ltr'><strong>delictum</strong></span> <span class='ocrx_word' id='word_1_167' title='bbox 717 3101 818 3169; x_wconf 80' lang='lat' dir='ltr'><strong>laesus</strong></span> <span class='ocrx_word' id='word_1_168' title='bbox 833 3101 887 3189; x_wconf 89' lang='lat' dir='ltr'><strong>sit,</strong></span> <span class='ocrx_word' id='word_1_169' title='bbox 901 3102 1102 3172; x_wconf 80' lang='lat' dir='ltr'><strong>necessarius</strong></span> <span class='ocrx_word' id='word_1_170' title='bbox 1116 3105 1216 3174; x_wconf 89' lang='lat' dir='ltr'><strong>etiam</strong></span> 
     </span>
     <span class='ocr_line' id='line_1_23' title="bbox 67 3207 1217 3300; baseline 0.004 -23"><span class='ocrx_word' id='word_1_171' title='bbox 67 3217 119 3277; x_wconf 87' lang='lat' dir='ltr'><strong>est</strong></span> <span class='ocrx_word' id='word_1_172' title='bbox 143 3210 243 3298; x_wconf 88' lang='lat' dir='ltr'><strong>partis</strong></span> <span class='ocrx_word' id='word_1_173' title='bbox 257 3208 346 3277; x_wconf 76' lang='lat' dir='ltr'><strong>laesae</strong></span> <span class='ocrx_word' id='word_1_174' title='bbox 362 3230 539 3276; x_wconf 91' lang='lat' dir='ltr'><strong>consensus</strong></span> <span class='ocrx_word' id='word_1_175' title='bbox 555 3233 562 3275; x_wconf 90' lang='lat'>:</span> <span class='ocrx_word' id='word_1_176' title='bbox 579 3208 726 3300; x_wconf 86' lang='lat' dir='ltr'><strong>alioquin</strong></span> <span class='ocrx_word' id='word_1_177' title='bbox 745 3207 940 3300; x_wconf 89' lang='lat' dir='ltr'><strong>compositio</strong></span> <span class='ocrx_word' id='word_1_178' title='bbox 965 3210 1048 3278; x_wconf 83' lang='lat' dir='ltr'><strong>foret</strong></span> <span class='ocrx_word' id='word_1_179' title='bbox 1073 3211 1163 3280; x_wconf 91' lang='lat' dir='ltr'><strong>nulla</strong></span> <span class='ocrx_word' id='word_1_180' title='bbox 1185 3222 1217 3282; x_wconf 88' lang='lat' dir='ltr'><strong>et</strong></span> 
     </span>
     <span class='ocr_line' id='line_1_24' title="bbox 63 3313 1216 3408; baseline 0.004 -24"><span class='ocrx_word' id='word_1_181' title='bbox 63 3313 174 3408; x_wconf 85' lang='lat' dir='ltr'><strong>judex</strong></span> <span class='ocrx_word' id='word_1_182' title='bbox 198 3315 341 3404; x_wconf 79' lang='lat' dir='ltr'><strong>graviter</strong></span> <span class='ocrx_word' id='word_1_183' title='bbox 367 3323 554 3406; x_wconf 87' lang='lat' dir='ltr'><strong>peccaret...</strong></span> <span class='ocrx_word' id='word_1_184' title='bbox 585 3315 695 3383; x_wconf 78' lang='lat' dir='ltr'><strong>«Nisi</strong></span> <span class='ocrx_word' id='word_1_185' title='bbox 724 3323 834 3384; x_wconf 65' lang='lat' dir='ltr'><strong>umen</strong></span> <span class='ocrx_word' id='word_1_186' title='bbox 860 3315 916 3406; x_wconf 84' lang='lat' dir='ltr'><strong>(ait</strong></span> <span class='ocrx_word' id='word_1_187' title='bbox 941 3315 1123 3405; x_wconf 88' lang='lat' dir='ltr'><strong>Monacelli,</strong></span> <span class='ocrx_word' id='word_1_188' title='bbox 1147 3319 1216 3389; x_wconf 91' lang='lat' dir='ltr'><strong>loco</strong></span> 
     </span>
     <span class='ocr_line' id='line_1_25' title="bbox 72 3420 1217 3517; baseline 0.008 -29"><span class='ocrx_word' id='word_1_189' title='bbox 72 3449 93 3488; x_wconf 83' lang='lat' dir='ltr'><strong>a</strong></span> <span class='ocrx_word' id='word_1_190' title='bbox 115 3422 224 3510; x_wconf 91' lang='lat' dir='ltr'><strong>citato,</strong></span> <span class='ocrx_word' id='word_1_191' title='bbox 248 3444 284 3490; x_wconf 88' lang='lat' dir='ltr'><strong>n.</strong></span> <span class='ocrx_word' id='word_1_192' title='bbox 308 3422 338 3514; x_wconf 81' lang='lat'><strong>5)</strong></span> <span class='ocrx_word' id='word_1_193' title='bbox 365 3421 525 3490; x_wconf 82' lang='lat' dir='ltr'><strong>obstinate</strong></span> <span class='ocrx_word' id='word_1_194' title='bbox 558 3429 721 3494; x_wconf 81' lang='lat' dir='ltr'><strong>recusaret</strong></span> <span class='ocrx_word' id='word_1_195' title='bbox 745 3420 823 3490; x_wconf 90' lang='lat' dir='ltr'><strong>dare</strong></span> <span class='ocrx_word' id='word_1_196' title='bbox 846 3444 1058 3511; x_wconf 85' lang='lat' dir='ltr'><strong>consensum3</strong></span> <span class='ocrx_word' id='word_1_197' title='bbox 1083 3451 1100 3490; x_wconf 82' lang='lat' dir='ltr'><strong>n</strong></span> <span class='ocrx_word' id='word_1_198' title='bbox 1127 3425 1217 3517; x_wconf 89' lang='lat' dir='ltr'><strong>quod</strong></span> 
     </span>
     <span class='ocr_line' id='line_1_26' title="bbox 66 3527 1217 3624; baseline 0.003 -25"><span class='ocrx_word' id='word_1_199' title='bbox 66 3531 219 3620; x_wconf 86' lang='lat' dir='ltr'><strong>intellige</strong></span> <span class='ocrx_word' id='word_1_200' title='bbox 243 3529 342 3599; x_wconf 90' lang='lat' dir='ltr'><strong>modo</strong></span> <span class='ocrx_word' id='word_1_201' title='bbox 367 3529 467 3598; x_wconf 88' lang='lat' dir='ltr'><strong>simul</strong></span> <span class='ocrx_word' id='word_1_202' title='bbox 495 3527 560 3620; x_wconf 89' lang='lat' dir='ltr'><strong>ipsi</strong></span> <span class='ocrx_word' id='word_1_203' title='bbox 588 3527 744 3598; x_wconf 84' lang='lat' dir='ltr'><strong>offeratur</strong></span> <span class='ocrx_word' id='word_1_204' title='bbox 769 3529 858 3621; x_wconf 86' lang='lat' dir='ltr'><strong>justa</strong></span> <span class='ocrx_word' id='word_1_205' title='bbox 884 3527 998 3597; x_wconf 92' lang='lat' dir='ltr'><strong>damni</strong></span> <span class='ocrx_word' id='word_1_206' title='bbox 1018 3529 1101 3599; x_wconf 88' lang='lat' dir='ltr'><strong>illati</strong></span> <span class='ocrx_word' id='word_1_207' title='bbox 1122 3555 1217 3624; x_wconf 89' lang='lat' dir='ltr'><strong>repa·</strong></span> 
     </span>
     <span class='ocr_line' id='line_1_27' title="bbox 65 3640 164 3710; baseline -0.03 0"><span class='ocrx_word' id='word_1_208' title='bbox 65 3640 164 3710; x_wconf 85' lang='lat' dir='ltr'><strong>ratio.</strong></span> 
     </span>
    </p>

    <p class='ocr_par' dir='ltr' id='par_1_7' title="bbox 65 3741 1217 4159">
     <span class='ocr_line' id='line_1_28' title="bbox 119 3741 1217 3836; baseline 0.005 -26"><span class='ocrx_word' id='word_1_209' title='bbox 119 3745 337 3816; x_wconf 77' lang='lat' dir='ltr'><strong>«Advertere</strong></span> <span class='ocrx_word' id='word_1_210' title='bbox 360 3743 478 3814; x_wconf 90' lang='lat' dir='ltr'><strong>debent</strong></span> <span class='ocrx_word' id='word_1_211' title='bbox 499 3741 663 3836; x_wconf 88' lang='lat' dir='ltr'><strong>Episcopi,</strong></span> <span class='ocrx_word' id='word_1_212' title='bbox 683 3741 774 3836; x_wconf 89' lang='lat' dir='ltr'><strong>quod</strong></span> <span class='ocrx_word' id='word_1_213' title='bbox 795 3743 987 3835; x_wconf 90' lang='lat' dir='ltr'><strong>compositio</strong></span> <span class='ocrx_word' id='word_1_214' title='bbox 1010 3767 1077 3815; x_wconf 92' lang='lat' dir='ltr'><strong>non</strong></span> <span class='ocrx_word' id='word_1_215' title='bbox 1096 3746 1217 3816; x_wconf 90' lang='lat' dir='ltr'><strong>admit-</strong></span> 
     </span>
     <span class='ocr_line' id='line_1_29' title="bbox 66 3851 1215 3946; baseline 0 -22"><span class='ocrx_word' id='word_1_216' title='bbox 66 3857 151 3925; x_wconf 89' lang='lat' dir='ltr'><strong>titur</strong></span> <span class='ocrx_word' id='word_1_217' title='bbox 173 3863 247 3924; x_wconf 90' lang='lat' dir='ltr'><strong>ante</strong></span> <span class='ocrx_word' id='word_1_218' title='bbox 266 3853 465 3946; x_wconf 91' lang='lat' dir='ltr'><strong>completum</strong></span> <span class='ocrx_word' id='word_1_219' title='bbox 490 3872 679 3944; x_wconf 84' lang='lat' dir='ltr'><strong>processum</strong></span> <span class='ocrx_word' id='word_1_220' title='bbox 702 3851 966 3939; x_wconf 84' lang='lat' dir='ltr'><strong>informativum,</strong></span> <span class='ocrx_word' id='word_1_221' title='bbox 993 3875 1030 3922; x_wconf 91' lang='lat' dir='ltr'><strong>ac</strong></span> <span class='ocrx_word' id='word_1_222' title='bbox 1051 3853 1134 3922; x_wconf 91' lang='lat' dir='ltr'><strong>datis</strong></span> <span class='ocrx_word' id='word_1_223' title='bbox 1156 3855 1215 3924; x_wconf 91' lang='lat' dir='ltr'><strong>de-</strong></span> 
     </span>
     <span class='ocr_line' id='line_1_30' title="bbox 65 3957 1213 4052; baseline 0 -21"><span class='ocrx_word' id='word_1_224' title='bbox 65 3961 294 4050; x_wconf 77' lang='lat' dir='ltr'><strong>fensionibus;</strong></span> <span class='ocrx_word' id='word_1_225' title='bbox 311 3968 344 4030; x_wconf 89' lang='lat' dir='ltr'><strong>et</strong></span> <span class='ocrx_word' id='word_1_226' title='bbox 357 3959 458 4052; x_wconf 94' lang='lat' dir='ltr'><strong>quod,</strong></span> <span class='ocrx_word' id='word_1_227' title='bbox 472 3983 511 4029; x_wconf 92' lang='lat' dir='ltr'><strong>eo</strong></span> <span class='ocrx_word' id='word_1_228' title='bbox 523 3959 696 4051; x_wconf 92' lang='lat' dir='ltr'><strong>completo,</strong></span> <span class='ocrx_word' id='word_1_229' title='bbox 713 3965 791 4027; x_wconf 92' lang='lat' dir='ltr'><strong>tunc</strong></span> <span class='ocrx_word' id='word_1_230' title='bbox 813 3957 996 4028; x_wconf 90' lang='lat' dir='ltr'><strong>admittitur</strong></span> <span class='ocrx_word' id='word_1_231' title='bbox 1009 3961 1213 4051; x_wconf 90' lang='lat' dir='ltr'><strong>compositio,</strong></span> 
     </span>
     <span class='ocr_line' id='line_1_31' title="bbox 67 4065 1215 4159; baseline 0.001 -21"><span class='ocrx_word' id='word_1_232' title='bbox 67 4069 98 4138; x_wconf 90' lang='lat' dir='ltr'><strong>si</strong></span> <span class='ocrx_word' id='word_1_233' title='bbox 118 4068 275 4138; x_wconf 88' lang='lat' dir='ltr'><strong>delictum</strong></span> <span class='ocrx_word' id='word_1_234' title='bbox 294 4076 428 4138; x_wconf 88' lang='lat' dir='ltr'><strong>nonest</strong></span> <span class='ocrx_word' id='word_1_235' title='bbox 451 4068 546 4159; x_wconf 90' lang='lat' dir='ltr'><strong>plene</strong></span> <span class='ocrx_word' id='word_1_236' title='bbox 569 4075 601 4136; x_wconf 92' lang='lat' dir='ltr'><strong>et</strong></span> <span class='ocrx_word' id='word_1_237' title='bbox 623 4065 853 4135; x_wconf 90' lang='lat' dir='ltr'><strong>concludenter</strong></span> <span class='ocrx_word' id='word_1_238' title='bbox 877 4065 1065 4156; x_wconf 86' lang='lat' dir='ltr'><strong>probatum,</strong></span> <span class='ocrx_word' id='word_1_239' title='bbox 1086 4075 1119 4136; x_wconf 88' lang='lat' dir='ltr'><strong>et</strong></span> <span class='ocrx_word' id='word_1_240' title='bbox 1139 4090 1215 4138; x_wconf 88' lang='lat' dir='ltr'><strong>reus</strong></span> 
     </span>
    </p>
   </div>
   <div class='ocr_carea' id='block_1_5' title="bbox 68 4170 1217 4267">
    <p class='ocr_par' dir='ltr' id='par_1_8' title="bbox 68 4170 1217 4267">
     <span class='ocr_line' id='line_1_32' title="bbox 68 4170 1217 4267; baseline 0.001 -22"><span class='ocrx_word' id='word_1_241' title='bbox 68 4199 112 4245; x_wconf 86' lang='lat' dir='ltr'><strong>ex</strong></span> <span class='ocrx_word' id='word_1_242' title='bbox 143 4176 221 4244; x_wconf 91' lang='lat' dir='ltr'><strong>actis</strong></span> <span class='ocrx_word' id='word_1_243' title='bbox 247 4198 314 4245; x_wconf 88' lang='lat' dir='ltr'><strong>non</strong></span> <span class='ocrx_word' id='word_1_244' title='bbox 331 4182 437 4267; x_wconf 90' lang='lat' dir='ltr'><strong>potest</strong></span> <span class='ocrx_word' id='word_1_245' title='bbox 457 4176 492 4244; x_wconf 93' lang='lat' dir='ltr'><strong>in</strong></span> <span class='ocrx_word' id='word_1_246' title='bbox 515 4195 646 4265; x_wconf 86' lang='lat' dir='ltr'><strong>poensm</strong></span> <span class='ocrx_word' id='word_1_247' title='bbox 670 4171 869 4242; x_wconf 90' lang='lat' dir='ltr'><strong>ordinariam</strong></span> <span class='ocrx_word' id='word_1_248' title='bbox 891 4170 1112 4242; x_wconf 87' lang='lat' dir='ltr'><strong>condemnari.</strong></span> <span class='ocrx_word' id='word_1_249' title='bbox 1135 4174 1217 4246; x_wconf 87' lang='lat' dir='ltr'><strong>Item</strong></span> 
     </span>
    </p>
   </div>
   <div class='ocr_carea' id='block_1_6' title="bbox 68 4279 1219 4457">
    <p class='ocr_par' dir='ltr' id='par_1_9' title="bbox 68 4279 1219 4457">
     <span class='ocr_line' id='line_1_33' title="bbox 68 4279 1219 4371; baseline 0.001 -18"><span class='ocrx_word' id='word_1_250' title='bbox 68 4307 138 4354; x_wconf 92' lang='lat' dir='ltr'><strong>non</strong></span> <span class='ocrx_word' id='word_1_251' title='bbox 158 4292 208 4353; x_wconf 88' lang='lat' dir='ltr'><strong>est</strong></span> <span class='ocrx_word' id='word_1_252' title='bbox 225 4282 428 4354; x_wconf 87' lang='lat' dir='ltr'><strong>admittenda</strong></span> <span class='ocrx_word' id='word_1_253' title='bbox 447 4283 481 4351; x_wconf 91' lang='lat' dir='ltr'><strong>iu</strong></span> <span class='ocrx_word' id='word_1_254' title='bbox 508 4280 703 4351; x_wconf 89' lang='lat' dir='ltr'><strong>criminibus</strong></span> <span class='ocrx_word' id='word_1_255' title='bbox 723 4280 895 4370; x_wconf 87' lang='lat' dir='ltr'><strong>gravibus,</strong></span> <span class='ocrx_word' id='word_1_256' title='bbox 921 4279 1041 4370; x_wconf 90' lang='lat' dir='ltr'><strong>quibus</strong></span> <span class='ocrx_word' id='word_1_257' title='bbox 1062 4302 1159 4371; x_wconf 79' lang='lat' dir='ltr'><strong>paena</strong></span> <span class='ocrx_word' id='word_1_258' title='bbox 1179 4284 1219 4354; x_wconf 93' lang='lat' dir='ltr'><strong>de</strong></span> 
     </span>
     <span class='ocr_line' id='line_1_34' title="bbox 233 4392 1059 4457; baseline -0.006 0"><span class='ocrx_word' id='word_1_259' title='bbox 233 4411 265 4457; x_wconf 88' lang='lat' dir='ltr'><strong>n.</strong></span> <span class='ocrx_word' id='word_1_260' title='bbox 1021 4392 1059 4452; x_wconf 76' lang='lat'><strong>35</strong></span> 
     </span>
    </p>
   </div>
   <div class='ocr_carea' id='block_1_7' title="bbox 0 0 1530 4984">
    <p class='ocr_par' dir='ltr' id='par_1_10' title="bbox 0 0 1530 4984">
     <span class='ocr_line' id='line_1_35' title="bbox 0 0 1530 4984; baseline 0 0"><span class='ocrx_word' id='word_1_261' title='bbox 0 0 1530 4984; x_wconf 95' lang='lat' dir='ltr'><strong> </strong></span> 
     </span>
    </p>
   </div>
  </div>
 </body>
</html>
