<?xml version="1.0" encoding="UTF-8"?>
<!DOCTYPE html PUBLIC "-//W3C//DTD XHTML 1.0 Transitional//EN"
    "http://www.w3.org/TR/xhtml1/DTD/xhtml1-transitional.dtd">
<html xmlns="http://www.w3.org/1999/xhtml" xml:lang="en" lang="en">
 <head>
  <title>
</title>
<meta http-equiv="Content-Type" content="text/html;charset=utf-8" />
  <meta name='ocr-system' content='tesseract 3.04.00' />
  <meta name='ocr-capabilities' content='ocr_page ocr_carea ocr_par ocr_line ocrx_word'/>
</head>
<body>
  <div class='ocr_page' id='page_1' title='image "./tractatusdejudi00goog_0047.png"; bbox 0 0 3050 4984; ppageno 0'>
   <div class='ocr_carea' id='block_1_1' title="bbox 537 480 1226 545">
    <p class='ocr_par' dir='ltr' id='par_1_1' title="bbox 537 480 1226 545">
     <span class='ocr_line' id='line_1_1' title="bbox 537 480 1226 545; baseline 0.01 -7"><span class='ocrx_word' id='word_1_1' title='bbox 537 492 612 539; x_wconf 77' lang='lat' dir='ltr'>enas</span> <span class='ocrx_word' id='word_1_2' title='bbox 634 493 781 541; x_wconf 80' lang='lat' dir='ltr'>suenum.</span> <span class='ocrx_word' id='word_1_3' title='bbox 1187 480 1226 545; x_wconf 75' lang='lat' dir='ltr'>bb</span> 
     </span>
    </p>
   </div>
   <div class='ocr_carea' id='block_1_2' title="bbox 18 611 1238 4356">
    <p class='ocr_par' dir='ltr' id='par_1_2' title="bbox 95 611 1233 806">
     <span class='ocr_line' id='line_1_2' title="bbox 95 611 1233 711; baseline 0.013 -36"><span class='ocrx_word' id='word_1_4' title='bbox 95 638 110 674; x_wconf 81' lang='lat' dir='ltr'>a</span> <span class='ocrx_word' id='word_1_5' title='bbox 133 634 199 679; x_wconf 89' lang='lat' dir='ltr'>nou</span> <span class='ocrx_word' id='word_1_6' title='bbox 220 611 389 703; x_wconf 84' lang='lat' dir='ltr'>prodimus</span> <span class='ocrx_word' id='word_1_7' title='bbox 408 615 533 707; x_wconf 69' lang='lat' dir='ltr'>patanae</span> <span class='ocrx_word' id='word_1_8' title='bbox 548 614 604 687; x_wconf 89' lang='lat' dir='ltr'>sed</span> <span class='ocrx_word' id='word_1_9' title='bbox 620 617 654 685; x_wconf 94' lang='lat' dir='ltr'>in</span> <span class='ocrx_word' id='word_1_10' title='bbox 670 624 791 687; x_wconf 75' lang='lat' dir='ltr'>mereto</span> <span class='ocrx_word' id='word_1_11' title='bbox 811 618 994 707; x_wconf 76' lang='lat' dir='ltr'><strong>arguimus.</strong></span> <span class='ocrx_word' id='word_1_12' title='bbox 1013 620 1077 689; x_wconf 88' lang='lat' dir='ltr'>Ubi</span> <span class='ocrx_word' id='word_1_13' title='bbox 1095 620 1233 711; x_wconf 79' lang='lat' dir='ltr'>contigit</span> 
     </span>
     <span class='ocr_line' id='line_1_3' title="bbox 95 719 688 806; baseline 0.01 -22"><span class='ocrx_word' id='word_1_14' title='bbox 95 747 111 782; x_wconf 77' lang='lat' dir='ltr'>a</span> <span class='ocrx_word' id='word_1_15' title='bbox 134 719 270 806; x_wconf 76' lang='lat' dir='ltr'>mdum,</span> <span class='ocrx_word' id='word_1_16' title='bbox 284 721 330 789; x_wconf 91' lang='lat' dir='ltr'>ibi</span> <span class='ocrx_word' id='word_1_17' title='bbox 346 721 503 791; x_wconf 90' lang='lat' dir='ltr'>moriatur</span> <span class='ocrx_word' id='word_1_18' title='bbox 518 723 653 793; x_wconf 84' lang='lat' dir='ltr'>malum.</span> <span class='ocrx_word' id='word_1_19' title='bbox 670 750 688 790; x_wconf 75' lang='lat' dir='ltr'>a</span> 
     </span>
    </p>

    <p class='ocr_par' dir='ltr' id='par_1_3' title="bbox 90 828 1236 2317">
     <span class='ocr_line' id='line_1_4' title="bbox 135 828 1232 924; baseline 0.01 -29"><span class='ocrx_word' id='word_1_20' title='bbox 135 828 263 897; x_wconf 76' lang='lat' dir='ltr'>limma</span> <span class='ocrx_word' id='word_1_21' title='bbox 280 830 326 895; x_wconf 81' lang='lat'>3².</span> <span class='ocrx_word' id='word_1_22' title='bbox 344 830 443 897; x_wconf 89' lang='lat' dir='ltr'>-Si</span> <span class='ocrx_word' id='word_1_23' title='bbox 456 829 610 899; x_wconf 70' lang='lat' dir='ltr'>delutum</span> <span class='ocrx_word' id='word_1_24' title='bbox 622 830 749 923; x_wconf 84' lang='lat' dir='ltr'>majori</span> <span class='ocrx_word' id='word_1_25' title='bbox 755 832 851 924; x_wconf 86' lang='lat' dir='ltr'>parti</span> <span class='ocrx_word' id='word_1_26' title='bbox 860 834 1107 903; x_wconf 78' lang='lat' dir='ltr'>communitatis</span> <span class='ocrx_word' id='word_1_27' title='bbox 1117 849 1232 906; x_wconf 88' lang='lat' dir='ltr'>notum</span> 
     </span>
     <span class='ocr_line' id='line_1_5' title="bbox 91 935 1229 1032; baseline 0.01 -32"><span class='ocrx_word' id='word_1_28' title='bbox 91 935 144 1015; x_wconf 85' lang='lat' dir='ltr'>sit,</span> <span class='ocrx_word' id='word_1_29' title='bbox 167 959 233 1003; x_wconf 80' lang='lat' dir='ltr'>reon</span> <span class='ocrx_word' id='word_1_30' title='bbox 253 948 381 1005; x_wconf 87' lang='lat' dir='ltr'>tenetur</span> <span class='ocrx_word' id='word_1_31' title='bbox 401 938 549 1029; x_wconf 80' lang='lat' dir='ltr'><em>superior</em></span> <span class='ocrx_word' id='word_1_32' title='bbox 564 939 670 1030; x_wconf 81' lang='lat' dir='ltr'>jueta</span> <span class='ocrx_word' id='word_1_33' title='bbox 684 938 907 1008; x_wconf 84' lang='lat' dir='ltr'>denuntiantis</span> <span class='ocrx_word' id='word_1_34' title='bbox 916 940 1108 1030; x_wconf 80' lang='lat' dir='ltr'>petitionem</span> <span class='ocrx_word' id='word_1_35' title='bbox 1121 966 1229 1032; x_wconf 81' lang='lat' dir='ltr'>aqere,</span> 
     </span>
     <span class='ocr_line' id='line_1_6' title="bbox 92 1042 1233 1142; baseline 0.009 -34"><span class='ocrx_word' id='word_1_36' title='bbox 92 1042 147 1111; x_wconf 81' lang='lat' dir='ltr'>aeci</span> <span class='ocrx_word' id='word_1_37' title='bbox 160 1055 268 1133; x_wconf 83' lang='lat' dir='ltr'>potest</span> <span class='ocrx_word' id='word_1_38' title='bbox 287 1055 318 1111; x_wconf 90' lang='lat' dir='ltr'>ct</span> <span class='ocrx_word' id='word_1_39' title='bbox 338 1044 531 1136; x_wconf 80' lang='lat' dir='ltr'>qreandoqtee</span> <span class='ocrx_word' id='word_1_40' title='bbox 554 1058 682 1113; x_wconf 89' lang='lat' dir='ltr'>tenetur</span> <span class='ocrx_word' id='word_1_41' title='bbox 696 1046 730 1113; x_wconf 88' lang='lat' dir='ltr'>in</span> <span class='ocrx_word' id='word_1_42' title='bbox 747 1045 981 1116; x_wconf 83' lang='lat' dir='ltr'>denuntiatum</span> <span class='ocrx_word' id='word_1_43' title='bbox 998 1060 1160 1141; x_wconf 79' lang='lat' dir='ltr'>tauqrcam</span> <span class='ocrx_word' id='word_1_44' title='bbox 1169 1052 1233 1142; x_wconf 82' lang='lat' dir='ltr'>ju-</span> 
     </span>
     <span class='ocr_line' id='line_1_7' title="bbox 94 1148 1231 1251; baseline 0.01 -35"><span class='ocrx_word' id='word_1_45' title='bbox 94 1148 154 1217; x_wconf 81' lang='lat' dir='ltr'>dee</span> <span class='ocrx_word' id='word_1_46' title='bbox 171 1150 337 1241; x_wconf 78' lang='lat' dir='ltr'><strong><em>inquirere</em></strong></span> <span class='ocrx_word' id='word_1_47' title='bbox 358 1164 388 1219; x_wconf 94' lang='lat' dir='ltr'>et</span> <span class='ocrx_word' id='word_1_48' title='bbox 402 1150 586 1243; x_wconf 82' lang='lat' dir='ltr'><em>procedere.</em></span> <span class='ocrx_word' id='word_1_49' title='bbox 603 1190 648 1205; x_wconf 92' lang='lat'>-</span> <span class='ocrx_word' id='word_1_50' title='bbox 667 1152 795 1221; x_wconf 78' lang='lat' dir='ltr'>«Ratio</span> <span class='ocrx_word' id='word_1_51' title='bbox 809 1162 870 1241; x_wconf 88' lang='lat' dir='ltr'>est,</span> <span class='ocrx_word' id='word_1_52' title='bbox 888 1154 1042 1245; x_wconf 85' lang='lat' dir='ltr'>quiahoc</span> <span class='ocrx_word' id='word_1_53' title='bbox 1058 1157 1231 1251; x_wconf 83' lang='lat' dir='ltr'>ipsoquod</span> 
     </span>
     <span class='ocr_line' id='line_1_8' title="bbox 98 1256 1233 1351; baseline 0.011 -30"><span class='ocrx_word' id='word_1_54' title='bbox 98 1256 289 1325; x_wconf 84' lang='lat' dir='ltr'>adelictum</span> <span class='ocrx_word' id='word_1_55' title='bbox 314 1258 479 1327; x_wconf 81' lang='lat' dir='ltr'>occasione</span> <span class='ocrx_word' id='word_1_56' title='bbox 502 1258 755 1329; x_wconf 74' lang='lat' dir='ltr'>denuntiationis</span> <span class='ocrx_word' id='word_1_57' title='bbox 780 1260 978 1351; x_wconf 74' lang='lat' dir='ltr'>evangelicae</span> <span class='ocrx_word' id='word_1_58' title='bbox 999 1262 1115 1331; x_wconf 87' lang='lat' dir='ltr'>resciat</span> <span class='ocrx_word' id='word_1_59' title='bbox 1139 1274 1233 1334; x_wconf 89' lang='lat' dir='ltr'>noto-</span> 
     </span>
     <span class='ocr_line' id='line_1_9' title="bbox 96 1364 1233 1462; baseline 0.011 -34"><span class='ocrx_word' id='word_1_60' title='bbox 96 1392 110 1427; x_wconf 78' lang='lat'><strong>«</strong></span> <span class='ocrx_word' id='word_1_61' title='bbox 132 1368 233 1451; x_wconf 77' lang='lat' dir='ltr'>mum,</span> <span class='ocrx_word' id='word_1_62' title='bbox 250 1388 291 1433; x_wconf 86' lang='lat' dir='ltr'>ex</span> <span class='ocrx_word' id='word_1_63' title='bbox 307 1365 412 1435; x_wconf 91' lang='lat' dir='ltr'>afficio</span> <span class='ocrx_word' id='word_1_64' title='bbox 423 1364 463 1435; x_wconf 91' lang='lat' dir='ltr'>de</span> <span class='ocrx_word' id='word_1_65' title='bbox 478 1366 534 1435; x_wconf 93' lang='lat' dir='ltr'>illo</span> <span class='ocrx_word' id='word_1_66' title='bbox 550 1366 728 1460; x_wconf 88' lang='lat' dir='ltr'>inquirere,</span> <span class='ocrx_word' id='word_1_67' title='bbox 744 1368 855 1459; x_wconf 73' lang='lat' dir='ltr'>sinque</span> <span class='ocrx_word' id='word_1_68' title='bbox 869 1390 928 1459; x_wconf 84' lang='lat' dir='ltr'>per</span> <span class='ocrx_word' id='word_1_69' title='bbox 942 1368 1076 1439; x_wconf 89' lang='lat' dir='ltr'>modum</span> <span class='ocrx_word' id='word_1_70' title='bbox 1090 1371 1233 1462; x_wconf 91' lang='lat' dir='ltr'>inquisi-</span> 
     </span>
     <span class='ocr_line' id='line_1_10' title="bbox 95 1473 1233 1566; baseline 0.011 -30"><span class='ocrx_word' id='word_1_71' title='bbox 95 1500 109 1536; x_wconf 68' lang='grc' dir='ltr'>ι</span> <span class='ocrx_word' id='word_1_72' title='bbox 133 1473 230 1541; x_wconf 77' lang='lat' dir='ltr'>bonis</span> <span class='ocrx_word' id='word_1_73' title='bbox 247 1496 432 1565; x_wconf 85' lang='lat' dir='ltr'>processum</span> <span class='ocrx_word' id='word_1_74' title='bbox 448 1473 614 1543; x_wconf 77' lang='lat' dir='ltr'>instituere</span> <span class='ocrx_word' id='word_1_75' title='bbox 629 1482 744 1566; x_wconf 88' lang='lat' dir='ltr'>potest,</span> <span class='ocrx_word' id='word_1_76' title='bbox 761 1483 795 1542; x_wconf 92' lang='lat' dir='ltr'>et</span> <span class='ocrx_word' id='word_1_77' title='bbox 805 1475 957 1565; x_wconf 80' lang='lat' dir='ltr'>exigente</span> <span class='ocrx_word' id='word_1_78' title='bbox 970 1476 1055 1545; x_wconf 91' lang='lat' dir='ltr'>bono</span> <span class='ocrx_word' id='word_1_79' title='bbox 1067 1482 1233 1549; x_wconf 87' lang='lat' dir='ltr'>communi</span> 
     </span>
     <span class='ocr_line' id='line_1_11' title="bbox 95 1580 1233 1678; baseline 0.011 -35"><span class='ocrx_word' id='word_1_80' title='bbox 95 1608 110 1643; x_wconf 72' lang='lat' dir='ltr'>a</span> <span class='ocrx_word' id='word_1_81' title='bbox 132 1588 262 1649; x_wconf 88' lang='lat' dir='ltr'>tenetur</span> <span class='ocrx_word' id='word_1_82' title='bbox 279 1608 287 1647; x_wconf 93' lang='lat'>:</span> <span class='ocrx_word' id='word_1_83' title='bbox 302 1581 453 1672; x_wconf 88' lang='lat' dir='ltr'>quamvis</span> <span class='ocrx_word' id='word_1_84' title='bbox 467 1582 591 1651; x_wconf 89' lang='lat' dir='ltr'>nullam</span> <span class='ocrx_word' id='word_1_85' title='bbox 608 1582 648 1650; x_wconf 91' lang='lat' dir='ltr'>de</span> <span class='ocrx_word' id='word_1_86' title='bbox 663 1580 746 1651; x_wconf 84' lang='lat' dir='ltr'>facta</span> <span class='ocrx_word' id='word_1_87' title='bbox 757 1582 819 1651; x_wconf 92' lang='lat' dir='ltr'>sibi</span> <span class='ocrx_word' id='word_1_88' title='bbox 833 1581 1077 1654; x_wconf 75' lang='lat' dir='ltr'>denuntiatione</span> <span class='ocrx_word' id='word_1_89' title='bbox 1091 1609 1233 1678; x_wconf 81' lang='lat' dir='ltr'>evange·</span> 
     </span>
     <span class='ocr_line' id='line_1_12' title="bbox 94 1688 1232 1781; baseline 0.01 -28"><span class='ocrx_word' id='word_1_90' title='bbox 94 1717 109 1752; x_wconf 71' lang='lat' dir='ltr'>a</span> <span class='ocrx_word' id='word_1_91' title='bbox 131 1688 193 1755; x_wconf 85' lang='lat' dir='ltr'>lica</span> <span class='ocrx_word' id='word_1_92' title='bbox 203 1689 403 1757; x_wconf 88' lang='lat' dir='ltr'>mentionem</span> <span class='ocrx_word' id='word_1_93' title='bbox 416 1689 450 1757; x_wconf 91' lang='lat' dir='ltr'>iu</span> <span class='ocrx_word' id='word_1_94' title='bbox 458 1711 612 1780; x_wconf 88' lang='lat' dir='ltr'>processu</span> <span class='ocrx_word' id='word_1_95' title='bbox 621 1689 853 1781; x_wconf 58' lang='lat' dir='ltr'>faceremque</span> <span class='ocrx_word' id='word_1_96' title='bbox 865 1712 1052 1780; x_wconf 85' lang='lat' dir='ltr'>processum</span> <span class='ocrx_word' id='word_1_97' title='bbox 1061 1694 1096 1761; x_wconf 91' lang='lat' dir='ltr'>vi</span> <span class='ocrx_word' id='word_1_98' title='bbox 1104 1694 1232 1764; x_wconf 88' lang='lat' dir='ltr'>denun-</span> 
     </span>
     <span class='ocr_line' id='line_1_13' title="bbox 94 1796 1233 1890; baseline 0.01 -29"><span class='ocrx_word' id='word_1_99' title='bbox 94 1824 110 1861; x_wconf 79' lang='lat' dir='ltr'>a</span> <span class='ocrx_word' id='word_1_100' title='bbox 131 1797 277 1866; x_wconf 87' lang='lat' dir='ltr'>tiationis</span> <span class='ocrx_word' id='word_1_101' title='bbox 295 1797 506 1888; x_wconf 73' lang='lat' dir='ltr'>evangelicae,</span> <span class='ocrx_word' id='word_1_102' title='bbox 523 1797 579 1866; x_wconf 90' lang='lat' dir='ltr'>sed</span> <span class='ocrx_word' id='word_1_103' title='bbox 595 1797 631 1866; x_wconf 82' lang='lat' dir='ltr'>vi</span> <span class='ocrx_word' id='word_1_104' title='bbox 647 1796 745 1866; x_wconf 89' lang='lat' dir='ltr'>officii</span> <span class='ocrx_word' id='word_1_105' title='bbox 761 1820 820 1890; x_wconf 84' lang='lat' dir='ltr'>per</span> <span class='ocrx_word' id='word_1_106' title='bbox 833 1798 1076 1890; x_wconf 84' lang='lat' dir='ltr'>inquisitionem</span> <span class='ocrx_word' id='word_1_107' title='bbox 1091 1802 1233 1872; x_wconf 79' lang='lat' dir='ltr'>formare</span> 
     </span>
     <span class='ocr_line' id='line_1_14' title="bbox 94 1904 1232 1997; baseline 0.008 -27"><span class='ocrx_word' id='word_1_108' title='bbox 94 1932 110 1969; x_wconf 81' lang='grc' dir='ltr'>ι</span> <span class='ocrx_word' id='word_1_109' title='bbox 132 1904 262 1973; x_wconf 67' lang='lat' dir='ltr'>valam:</span> <span class='ocrx_word' id='word_1_110' title='bbox 281 1928 346 1997; x_wconf 89' lang='lat' dir='ltr'>quo</span> <span class='ocrx_word' id='word_1_111' title='bbox 367 1926 445 1973; x_wconf 85' lang='lat' dir='ltr'>casu</span> <span class='ocrx_word' id='word_1_112' title='bbox 464 1912 568 1997; x_wconf 90' lang='lat' dir='ltr'>potest</span> <span class='ocrx_word' id='word_1_113' title='bbox 587 1904 685 1972; x_wconf 91' lang='lat' dir='ltr'>etiam</span> <span class='ocrx_word' id='word_1_114' title='bbox 703 1904 947 1975; x_wconf 73' lang='lat' dir='ltr'>denuntiantem</span> <span class='ocrx_word' id='word_1_115' title='bbox 965 1929 1025 1997; x_wconf 90' lang='lat' dir='ltr'>pro</span> <span class='ocrx_word' id='word_1_116' title='bbox 1042 1915 1121 1978; x_wconf 85' lang='lat' dir='ltr'>teste</span> <span class='ocrx_word' id='word_1_117' title='bbox 1139 1910 1232 1979; x_wconf 87' lang='lat' dir='ltr'>adbi-</span> 
     </span>
     <span class='ocr_line' id='line_1_15' title="bbox 95 2010 1233 2106; baseline 0.009 -29"><span class='ocrx_word' id='word_1_118' title='bbox 95 2040 109 2077; x_wconf 72' lang='grc' dir='ltr'><strong>α</strong></span> <span class='ocrx_word' id='word_1_119' title='bbox 131 2013 223 2097; x_wconf 83' lang='lat' dir='ltr'>bere,</span> <span class='ocrx_word' id='word_1_120' title='bbox 247 2012 351 2081; x_wconf 88' lang='lat' dir='ltr'>antei</span> <span class='ocrx_word' id='word_1_121' title='bbox 372 2011 526 2081; x_wconf 86' lang='lat' dir='ltr'>mandare</span> <span class='ocrx_word' id='word_1_122' title='bbox 546 2021 582 2081; x_wconf 92' lang='lat' dir='ltr'>ut</span> <span class='ocrx_word' id='word_1_123' title='bbox 596 2010 805 2103; x_wconf 77' lang='lat' dir='ltr'>judicialiter</span> <span class='ocrx_word' id='word_1_124' title='bbox 825 2012 1040 2082; x_wconf 74' lang='lat' dir='ltr'>denuntiet.»</span> <span class='ocrx_word' id='word_1_125' title='bbox 1064 2016 1233 2106; x_wconf 79' lang='lat' dir='ltr'>(Reiffers-</span> 
     </span>
     <span class='ocr_line' id='line_1_16' title="bbox 92 2117 1236 2215; baseline 0.009 -29"><span class='ocrx_word' id='word_1_126' title='bbox 92 2120 169 2207; x_wconf 87' lang='lat' dir='ltr'>tnel,</span> <span class='ocrx_word' id='word_1_127' title='bbox 186 2120 222 2187; x_wconf 92' lang='lat' dir='ltr'>in</span> <span class='ocrx_word' id='word_1_128' title='bbox 237 2118 287 2187; x_wconf 87' lang='lat' dir='ltr'>tit.</span> <span class='ocrx_word' id='word_1_129' title='bbox 308 2122 339 2207; x_wconf 90' lang='lat' dir='ltr'>t,</span> <span class='ocrx_word' id='word_1_130' title='bbox 357 2119 379 2186; x_wconf 89' lang='lat' dir='ltr'>l.</span> <span class='ocrx_word' id='word_1_131' title='bbox 397 2123 416 2187; x_wconf 83' lang='lat' dir='ltr'>t</span> <span class='ocrx_word' id='word_1_132' title='bbox 434 2120 575 2205; x_wconf 84' lang='lat' dir='ltr'>Deerat,</span> <span class='ocrx_word' id='word_1_133' title='bbox 597 2142 629 2186; x_wconf 93' lang='lat' dir='ltr'>n.</span> <span class='ocrx_word' id='word_1_134' title='bbox 653 2119 720 2210; x_wconf 83' lang='lat'>75.)</span> <span class='ocrx_word' id='word_1_135' title='bbox 740 2117 825 2188; x_wconf 88' lang='lat' dir='ltr'>Vide</span> <span class='ocrx_word' id='word_1_136' title='bbox 843 2118 941 2189; x_wconf 86' lang='lat' dir='ltr'>etiam</span> <span class='ocrx_word' id='word_1_137' title='bbox 958 2120 1087 2191; x_wconf 82' lang='lat' dir='ltr'>Ameno</span> <span class='ocrx_word' id='word_1_138' title='bbox 1104 2126 1236 2215; x_wconf 70' lang='lat' dir='ltr'>(erana</span> 
     </span>
     <span class='ocr_line' id='line_1_17' title="bbox 90 2226 416 2317; baseline 0.006 -24"><span class='ocrx_word' id='word_1_139' title='bbox 90 2226 284 2311; x_wconf 80' lang='lat' dir='ltr'>criminalis,</span> <span class='ocrx_word' id='word_1_140' title='bbox 302 2226 349 2295; x_wconf 88' lang='lat' dir='ltr'>tit.</span> <span class='ocrx_word' id='word_1_141' title='bbox 370 2226 416 2317; x_wconf 72' lang='lat'>9).</span> 
     </span>
    </p>

    <p class='ocr_par' dir='ltr' id='par_1_4' title="bbox 18 2333 1236 3285">
     <span class='ocr_line' id='line_1_18' title="bbox 18 2333 1235 2430; baseline 0.012 -35"><span class='ocrx_word' id='word_1_142' title='bbox 18 2386 19 2395; x_wconf 73' lang='grc'>,</span> <span class='ocrx_word' id='word_1_143' title='bbox 131 2334 266 2403; x_wconf 74' lang='lat' dir='ltr'>Rasum</span> <span class='ocrx_word' id='word_1_144' title='bbox 280 2338 325 2403; x_wconf 67' lang='lat'>4⁸.</span> <span class='ocrx_word' id='word_1_145' title='bbox 340 2373 385 2387; x_wconf 95' lang='lat'>—</span> <span class='ocrx_word' id='word_1_146' title='bbox 397 2334 439 2402; x_wconf 89' lang='lat' dir='ltr'>Si</span> <span class='ocrx_word' id='word_1_147' title='bbox 448 2334 613 2415; x_wconf 85' lang='lat' dir='ltr'>delictum,</span> <span class='ocrx_word' id='word_1_148' title='bbox 629 2333 689 2402; x_wconf 88' lang='lat' dir='ltr'>etsi</span> <span class='ocrx_word' id='word_1_149' title='bbox 703 2333 878 2415; x_wconf 86' lang='lat' dir='ltr'>occultum,</span> <span class='ocrx_word' id='word_1_150' title='bbox 894 2347 1009 2426; x_wconf 79' lang='lat' dir='ltr'>verqat</span> <span class='ocrx_word' id='word_1_151' title='bbox 1024 2336 1059 2404; x_wconf 89' lang='lat' dir='ltr'>in</span> <span class='ocrx_word' id='word_1_152' title='bbox 1068 2339 1235 2430; x_wconf 72' lang='lat' dir='ltr'>prejudi-</span> 
     </span>
     <span class='ocr_line' id='line_1_19' title="bbox 91 2441 1236 2536; baseline 0.007 -27"><span class='ocrx_word' id='word_1_153' title='bbox 91 2442 178 2510; x_wconf 86' lang='lat' dir='ltr'>cium</span> <span class='ocrx_word' id='word_1_154' title='bbox 204 2442 451 2511; x_wconf 83' lang='lat' dir='ltr'>communitatis</span> <span class='ocrx_word' id='word_1_155' title='bbox 474 2442 527 2510; x_wconf 88' lang='lat' dir='ltr'>ael</span> <span class='ocrx_word' id='word_1_156' title='bbox 547 2441 648 2523; x_wconf 89' lang='lat' dir='ltr'>tertii,</span> <span class='ocrx_word' id='word_1_157' title='bbox 677 2464 744 2509; x_wconf 93' lang='lat' dir='ltr'>non</span> <span class='ocrx_word' id='word_1_158' title='bbox 769 2452 900 2508; x_wconf 86' lang='lat' dir='ltr'>tenetur</span> <span class='ocrx_word' id='word_1_159' title='bbox 918 2441 1029 2532; x_wconf 78' lang='lat' dir='ltr'>judea</span> <span class='ocrx_word' id='word_1_160' title='bbox 1055 2448 1236 2536; x_wconf 80' lang='lat' dir='ltr'>eeanqelice</span> 
     </span>
     <span class='ocr_line' id='line_1_20' title="bbox 92 2546 1234 2645; baseline 0.005 -27.635"><span class='ocrx_word' id='word_1_161' title='bbox 92 2549 302 2617; x_wconf 66' lang='lat' dir='ltr'>denuntianti</span> <span class='ocrx_word' id='word_1_162' title='bbox 321 2572 445 2617; x_wconf 88' lang='lat' dir='ltr'>morem</span> <span class='ocrx_word' id='word_1_163' title='bbox 466 2569 592 2639; x_wconf 84' lang='lat' dir='ltr'>qerere;</span> <span class='ocrx_word' id='word_1_164' title='bbox 607 2546 664 2623; x_wconf 73' lang='lat' dir='ltr'>sect</span> <span class='ocrx_word' id='word_1_165' title='bbox 682 2546 798 2617; x_wconf 88' lang='lat' dir='ltr'>statim</span> <span class='ocrx_word' id='word_1_166' title='bbox 812 2569 852 2615; x_wconf 80' lang='lat' dir='ltr'>ea</span> <span class='ocrx_word' id='word_1_167' title='bbox 871 2548 976 2639; x_wconf 80' lang='lat' dir='ltr'>officio</span> <span class='ocrx_word' id='word_1_168' title='bbox 994 2549 1156 2640; x_wconf 84' lang='lat' dir='ltr'>inquirere</span> <span class='ocrx_word' id='word_1_169' title='bbox 1171 2578 1234 2645; x_wconf 84' lang='lat' dir='ltr'>pa-</span> 
     </span>
     <span class='ocr_line' id='line_1_21' title="bbox 18 2653 1236 2746; baseline 0.006 -23"><span class='ocrx_word' id='word_1_170' title='bbox 18 2690 19 2733; x_wconf 64' lang='lat' dir='ltr'>t</span> <span class='ocrx_word' id='word_1_171' title='bbox 93 2669 162 2738; x_wconf 88' lang='lat' dir='ltr'>test,</span> <span class='ocrx_word' id='word_1_172' title='bbox 189 2670 220 2725; x_wconf 90' lang='lat' dir='ltr'>et</span> <span class='ocrx_word' id='word_1_173' title='bbox 241 2655 448 2725; x_wconf 78' lang='lat' dir='ltr'>dencnetianti</span> <span class='ocrx_word' id='word_1_174' title='bbox 462 2655 640 2746; x_wconf 74' lang='lat' dir='ltr'>precipere</span> <span class='ocrx_word' id='word_1_175' title='bbox 657 2668 694 2722; x_wconf 89' lang='lat' dir='ltr'>ut</span> <span class='ocrx_word' id='word_1_176' title='bbox 704 2654 915 2745; x_wconf 84' lang='lat' dir='ltr'>judicialiter</span> <span class='ocrx_word' id='word_1_177' title='bbox 933 2653 1113 2725; x_wconf 84' lang='lat' dir='ltr'>denuntiet.</span> <span class='ocrx_word' id='word_1_178' title='bbox 1129 2698 1174 2711; x_wconf 96' lang='lat'><strong>—</strong></span> <span class='ocrx_word' id='word_1_179' title='bbox 1188 2662 1236 2730; x_wconf 79' lang='lat' dir='ltr'>lu</span> 
     </span>
     <span class='ocr_line' id='line_1_22' title="bbox 18 2761 1233 2853; baseline -0.003 -14"><span class='ocrx_word' id='word_1_180' title='bbox 18 2834 19 2839; x_wconf 75' lang='grc'>,</span> <span class='ocrx_word' id='word_1_181' title='bbox 90 2764 237 2833; x_wconf 90' lang='lat' dir='ltr'>doctores</span> <span class='ocrx_word' id='word_1_182' title='bbox 252 2764 476 2831; x_wconf 87' lang='lat' dir='ltr'>communiter.</span> <span class='ocrx_word' id='word_1_183' title='bbox 498 2787 514 2825; x_wconf 82' lang='lat' dir='ltr'>a</span> <span class='ocrx_word' id='word_1_184' title='bbox 529 2762 624 2831; x_wconf 87' lang='lat' dir='ltr'>Ratio</span> <span class='ocrx_word' id='word_1_185' title='bbox 638 2769 724 2853; x_wconf 85' lang='lat' dir='ltr'>putet</span> <span class='ocrx_word' id='word_1_186' title='bbox 740 2788 746 2827; x_wconf 94' lang='lat'>:</span> <span class='ocrx_word' id='word_1_187' title='bbox 764 2761 841 2852; x_wconf 92' lang='lat' dir='ltr'>quia</span> <span class='ocrx_word' id='word_1_188' title='bbox 854 2783 929 2829; x_wconf 90' lang='lat' dir='ltr'>cum</span> <span class='ocrx_word' id='word_1_189' title='bbox 943 2762 978 2829; x_wconf 93' lang='lat' dir='ltr'>in</span> <span class='ocrx_word' id='word_1_190' title='bbox 994 2763 1050 2831; x_wconf 89' lang='lat' dir='ltr'>tali</span> <span class='ocrx_word' id='word_1_191' title='bbox 1063 2787 1140 2834; x_wconf 91' lang='lat' dir='ltr'>casu</span> <span class='ocrx_word' id='word_1_192' title='bbox 1155 2769 1233 2836; x_wconf 84' lang='lat' dir='ltr'>sub·</span> 
     </span>
     <span class='ocr_line' id='line_1_23' title="bbox 95 2868 1235 2965; baseline 0.004 -27"><span class='ocrx_word' id='word_1_193' title='bbox 95 2871 223 2941; x_wconf 75' lang='lat' dir='ltr'>aditus</span> <span class='ocrx_word' id='word_1_194' title='bbox 240 2869 438 2962; x_wconf 85' lang='lat' dir='ltr'>judicialiter</span> <span class='ocrx_word' id='word_1_195' title='bbox 463 2870 654 2937; x_wconf 83' lang='lat' dir='ltr'>denuntiare</span> <span class='ocrx_word' id='word_1_196' title='bbox 681 2876 842 2955; x_wconf 86' lang='lat' dir='ltr'>teneatur,</span> <span class='ocrx_word' id='word_1_197' title='bbox 867 2868 1132 2939; x_wconf 82' lang='lat' dir='ltr'>irrationabiliter</span> <span class='ocrx_word' id='word_1_198' title='bbox 1155 2876 1235 2965; x_wconf 85' lang='lat' dir='ltr'>petit</span> 
     </span>
     <span class='ocr_line' id='line_1_24' title="bbox 18 2974 1234 3068; baseline 0.006 -25"><span class='ocrx_word' id='word_1_199' title='bbox 18 2996 19 3063; x_wconf 53' lang='lat' dir='ltr'>t</span> <span class='ocrx_word' id='word_1_200' title='bbox 96 2974 1234 3068; x_wconf 71' lang='lat' dir='ltr'>asolnmdenuntiationisevangelieaeeffeetnm3eoumquenterexau·</span> 
     </span>
     <span class='ocr_line' id='line_1_25' title="bbox 97 3081 1233 3175; baseline 0.007 -23.48"><span class='ocrx_word' id='word_1_201' title='bbox 97 3113 114 3151; x_wconf 75' lang='lat' dir='ltr'>a</span> <span class='ocrx_word' id='word_1_202' title='bbox 135 3086 200 3153; x_wconf 89' lang='lat' dir='ltr'>diri</span> <span class='ocrx_word' id='word_1_203' title='bbox 216 3108 282 3153; x_wconf 92' lang='lat' dir='ltr'>non</span> <span class='ocrx_word' id='word_1_204' title='bbox 297 3084 403 3170; x_wconf 88' lang='lat' dir='ltr'>debet,</span> <span class='ocrx_word' id='word_1_205' title='bbox 425 3084 480 3152; x_wconf 92' lang='lat' dir='ltr'>sed</span> <span class='ocrx_word' id='word_1_206' title='bbox 497 3084 603 3175; x_wconf 89' lang='lat' dir='ltr'>potius</span> <span class='ocrx_word' id='word_1_207' title='bbox 618 3082 658 3151; x_wconf 87' lang='lat' dir='ltr'>ad</span> <span class='ocrx_word' id='word_1_208' title='bbox 680 3081 942 3151; x_wconf 80' lang='lat' dir='ltr'>satisfaciendum</span> <span class='ocrx_word' id='word_1_209' title='bbox 960 3084 1153 3174; x_wconf 82' lang='lat' dir='ltr'>obligationi</span> <span class='ocrx_word' id='word_1_210' title='bbox 1165 3113 1233 3158; x_wconf 84' lang='lat' dir='ltr'>snae</span> 
     </span>
     <span class='ocr_line' id='line_1_26' title="bbox 98 3188 901 3282; baseline -0.001 -26.091"><span class='ocrx_word' id='word_1_211' title='bbox 98 3223 112 3257; x_wconf 79' lang='grc' dir='ltr'>ι</span> <span class='ocrx_word' id='word_1_212' title='bbox 136 3192 295 3282; x_wconf 79' lang='lat' dir='ltr'>urgeri.»</span> <span class='ocrx_word' id='word_1_213' title='bbox 315 3188 547 3281; x_wconf 78' lang='lat' dir='ltr'>(Reiffenstuel,</span> <span class='ocrx_word' id='word_1_214' title='bbox 565 3189 660 3258; x_wconf 90' lang='lat' dir='ltr'>citato</span> <span class='ocrx_word' id='word_1_215' title='bbox 675 3188 758 3275; x_wconf 89' lang='lat' dir='ltr'>loco,</span> <span class='ocrx_word' id='word_1_216' title='bbox 775 3211 809 3257; x_wconf 91' lang='lat' dir='ltr'>n.</span> <span class='ocrx_word' id='word_1_217' title='bbox 833 3190 901 3279; x_wconf 78' lang='lat'>76.)</span> 
     </span>
    </p>

    <p class='ocr_par' dir='ltr' id='par_1_5' title="bbox 18 3294 1238 3818">
     <span class='ocr_line' id='line_1_27' title="bbox 18 3294 1235 3389; baseline 0.001 -20"><span class='ocrx_word' id='word_1_218' title='bbox 18 3316 19 3327; x_wconf 62' lang='lat'>¹</span> <span class='ocrx_word' id='word_1_219' title='bbox 134 3300 266 3369; x_wconf 78' lang='lat' dir='ltr'>Resona</span> <span class='ocrx_word' id='word_1_220' title='bbox 284 3304 328 3366; x_wconf 77' lang='lat'>5².</span> <span class='ocrx_word' id='word_1_221' title='bbox 347 3336 391 3351; x_wconf 89' lang='lat'><em>-</em></span> <span class='ocrx_word' id='word_1_222' title='bbox 404 3297 599 3389; x_wconf 77' lang='lat' dir='ltr'>annqelice</span> <span class='ocrx_word' id='word_1_223' title='bbox 613 3294 805 3365; x_wconf 86' lang='lat' dir='ltr'>denuntiare</span> <span class='ocrx_word' id='word_1_224' title='bbox 821 3308 957 3387; x_wconf 73' lang='lat' dir='ltr'>perstent</span> <span class='ocrx_word' id='word_1_225' title='bbox 977 3298 1111 3388; x_wconf 81' lang='lat' dir='ltr'>quilibet</span> <span class='ocrx_word' id='word_1_226' title='bbox 1126 3302 1235 3370; x_wconf 87' lang='lat' dir='ltr'>ratio-</span> 
     </span>
     <span class='ocr_line' id='line_1_28' title="bbox 96 3402 1234 3499; baseline 0.002 -24"><span class='ocrx_word' id='word_1_227' title='bbox 96 3410 142 3475; x_wconf 88' lang='lat' dir='ltr'>nis</span> <span class='ocrx_word' id='word_1_228' title='bbox 157 3428 303 3499; x_wconf 80' lang='lat' dir='ltr'>capaces,</span> <span class='ocrx_word' id='word_1_229' title='bbox 318 3405 379 3475; x_wconf 86' lang='lat' dir='ltr'>etsi</span> <span class='ocrx_word' id='word_1_230' title='bbox 392 3405 476 3473; x_wconf 84' lang='lat' dir='ltr'>alias</span> <span class='ocrx_word' id='word_1_231' title='bbox 491 3404 537 3473; x_wconf 88' lang='lat' dir='ltr'>ad</span> <span class='ocrx_word' id='word_1_232' title='bbox 549 3402 772 3472; x_wconf 70' lang='lat' dir='ltr'>mauruncium</span> <span class='ocrx_word' id='word_1_233' title='bbox 786 3402 946 3471; x_wconf 79' lang='lat' dir='ltr'>inhabiles</span> <span class='ocrx_word' id='word_1_234' title='bbox 957 3406 1078 3493; x_wconf 74' lang='lat' dir='ltr'>forent.</span> <span class='ocrx_word' id='word_1_235' title='bbox 1097 3408 1234 3477; x_wconf 89' lang='lat' dir='ltr'>—Cum</span> 
     </span>
     <span class='ocr_line' id='line_1_29' title="bbox 95 3509 1235 3604; baseline 0.001 -22"><span class='ocrx_word' id='word_1_236' title='bbox 95 3516 181 3583; x_wconf 89' lang='lat' dir='ltr'>euim</span> <span class='ocrx_word' id='word_1_237' title='bbox 202 3512 389 3604; x_wconf 81' lang='lat' dir='ltr'>evangelica</span> <span class='ocrx_word' id='word_1_238' title='bbox 410 3510 623 3597; x_wconf 87' lang='lat' dir='ltr'>denuntiatio,</span> <span class='ocrx_word' id='word_1_239' title='bbox 647 3533 713 3578; x_wconf 90' lang='lat' dir='ltr'>non</span> <span class='ocrx_word' id='word_1_240' title='bbox 732 3509 911 3578; x_wconf 84' lang='lat' dir='ltr'>vindictam</span> <span class='ocrx_word' id='word_1_241' title='bbox 931 3509 966 3577; x_wconf 92' lang='lat' dir='ltr'>in</span> <span class='ocrx_word' id='word_1_242' title='bbox 981 3510 1235 3604; x_wconf 82' lang='lat' dir='ltr'>delinquentem,</span> 
     </span>
     <span class='ocr_line' id='line_1_30' title="bbox 95 3615 1238 3712; baseline 0.001 -24"><span class='ocrx_word' id='word_1_243' title='bbox 95 3622 147 3689; x_wconf 87' lang='lat' dir='ltr'>sed</span> <span class='ocrx_word' id='word_1_244' title='bbox 169 3620 274 3712; x_wconf 86' lang='lat' dir='ltr'>ipsius</span> <span class='ocrx_word' id='word_1_245' title='bbox 293 3620 463 3689; x_wconf 80' lang='lat' dir='ltr'>dumtaxat</span> <span class='ocrx_word' id='word_1_246' title='bbox 482 3616 737 3687; x_wconf 87' lang='lat' dir='ltr'>emendationem</span> <span class='ocrx_word' id='word_1_247' title='bbox 757 3615 916 3705; x_wconf 86' lang='lat' dir='ltr'>intendat,</span> <span class='ocrx_word' id='word_1_248' title='bbox 940 3616 1022 3685; x_wconf 91' lang='lat' dir='ltr'>nihil</span> <span class='ocrx_word' id='word_1_249' title='bbox 1042 3618 1142 3687; x_wconf 79' lang='lat' dir='ltr'>refert</span> <span class='ocrx_word' id='word_1_250' title='bbox 1162 3622 1238 3712; x_wconf 90' lang='lat' dir='ltr'>quis</span> 
     </span>
     <span class='ocr_line' id='line_1_31' title="bbox 96 3725 834 3818; baseline -0.004 -23"><span class='ocrx_word' id='word_1_251' title='bbox 96 3728 274 3796; x_wconf 89' lang='lat' dir='ltr'>denuntiet.</span> <span class='ocrx_word' id='word_1_252' title='bbox 288 3729 326 3795; x_wconf 91' lang='lat' dir='ltr'>ln</span> <span class='ocrx_word' id='word_1_253' title='bbox 341 3750 407 3818; x_wconf 91' lang='lat' dir='ltr'>quo</span> <span class='ocrx_word' id='word_1_254' title='bbox 421 3734 453 3795; x_wconf 90' lang='lat' dir='ltr'>et</span> <span class='ocrx_word' id='word_1_255' title='bbox 464 3725 663 3795; x_wconf 89' lang='lat' dir='ltr'>concordant</span> <span class='ocrx_word' id='word_1_256' title='bbox 675 3725 834 3793; x_wconf 87' lang='lat' dir='ltr'>doctores.</span> 
     </span>
    </p>

    <p class='ocr_par' dir='ltr' id='par_1_6' title="bbox 95 3830 1238 4356">
     <span class='ocr_line' id='line_1_32' title="bbox 135 3830 1238 3925; baseline -0.001 -21"><span class='ocrx_word' id='word_1_257' title='bbox 135 3837 266 3904; x_wconf 71' lang='lat' dir='ltr'>Renum</span> <span class='ocrx_word' id='word_1_258' title='bbox 284 3838 329 3903; x_wconf 80' lang='lat'>6².</span> <span class='ocrx_word' id='word_1_259' title='bbox 351 3874 377 3883; x_wconf 80' lang='lat'>—</span> <span class='ocrx_word' id='word_1_260' title='bbox 403 3832 599 3925; x_wconf 78' lang='lat' dir='ltr'>Evcnqelicc</span> <span class='ocrx_word' id='word_1_261' title='bbox 620 3831 813 3901; x_wconf 74' lang='lat' dir='ltr'>denuntiari</span> <span class='ocrx_word' id='word_1_262' title='bbox 825 3842 934 3920; x_wconf 83' lang='lat' dir='ltr'>potest</span> <span class='ocrx_word' id='word_1_263' title='bbox 953 3830 1118 3921; x_wconf 82' lang='lat' dir='ltr'>quodlibet</span> <span class='ocrx_word' id='word_1_264' title='bbox 1138 3833 1238 3903; x_wconf 84' lang='lat' dir='ltr'>delic-</span> 
     </span>
     <span class='ocr_line' id='line_1_33' title="bbox 95 3936 1238 4029; baseline -0.001 -20"><span class='ocrx_word' id='word_1_265' title='bbox 95 3956 174 4026; x_wconf 87' lang='lat' dir='ltr'>tum,</span> <span class='ocrx_word' id='word_1_266' title='bbox 208 3940 268 4011; x_wconf 87' lang='lat' dir='ltr'>etsi</span> <span class='ocrx_word' id='word_1_267' title='bbox 294 3941 426 4009; x_wconf 88' lang='lat' dir='ltr'>omnino</span> <span class='ocrx_word' id='word_1_268' title='bbox 457 3940 630 4023; x_wconf 89' lang='lat' dir='ltr'>occultum,</span> <span class='ocrx_word' id='word_1_269' title='bbox 662 3952 693 4007; x_wconf 94' lang='lat' dir='ltr'>et</span> <span class='ocrx_word' id='word_1_270' title='bbox 728 3939 791 4007; x_wconf 89' lang='lat' dir='ltr'>soli</span> <span class='ocrx_word' id='word_1_271' title='bbox 818 3936 971 4029; x_wconf 83' lang='lat' dir='ltr'>peccanti</span> <span class='ocrx_word' id='word_1_272' title='bbox 998 3938 1161 4009; x_wconf 84' lang='lat' dir='ltr'>nocivum.</span> <span class='ocrx_word' id='word_1_273' title='bbox 1193 3980 1238 3994; x_wconf 90' lang='lat'><em>-</em></span> 
     </span>
     <span class='ocr_line' id='line_1_34' title="bbox 96 4045 1238 4142; baseline -0.003 -23"><span class='ocrx_word' id='word_1_274' title='bbox 96 4052 139 4119; x_wconf 84' lang='lat' dir='ltr'>De</span> <span class='ocrx_word' id='word_1_275' title='bbox 162 4072 230 4142; x_wconf 91' lang='lat' dir='ltr'>qno</span> <span class='ocrx_word' id='word_1_276' title='bbox 259 4048 380 4140; x_wconf 86' lang='lat' dir='ltr'>paritor</span> <span class='ocrx_word' id='word_1_277' title='bbox 404 4046 480 4116; x_wconf 88' lang='lat' dir='ltr'>satis</span> <span class='ocrx_word' id='word_1_278' title='bbox 508 4070 567 4140; x_wconf 91' lang='lat' dir='ltr'>per</span> <span class='ocrx_word' id='word_1_279' title='bbox 592 4070 627 4115; x_wconf 89' lang='lat' dir='ltr'>se</span> <span class='ocrx_word' id='word_1_280' title='bbox 651 4053 738 4138; x_wconf 87' lang='lat' dir='ltr'>patet</span> <span class='ocrx_word' id='word_1_281' title='bbox 765 4045 861 4132; x_wconf 86' lang='lat' dir='ltr'>ratio,</span> <span class='ocrx_word' id='word_1_282' title='bbox 888 4067 994 4137; x_wconf 87' lang='lat' dir='ltr'>neque</span> <span class='ocrx_word' id='word_1_283' title='bbox 1019 4046 1086 4113; x_wconf 87' lang='lat' dir='ltr'>ulla</span> <span class='ocrx_word' id='word_1_284' title='bbox 1111 4055 1159 4116; x_wconf 89' lang='lat' dir='ltr'>est</span> <span class='ocrx_word' id='word_1_285' title='bbox 1185 4048 1238 4116; x_wconf 89' lang='lat' dir='ltr'>in-</span> 
     </span>
     <span class='ocr_line' id='line_1_35' title="bbox 96 4151 1236 4245; baseline -0.002 -18"><span class='ocrx_word' id='word_1_286' title='bbox 96 4167 142 4227; x_wconf 88' lang='lat' dir='ltr'>ter</span> <span class='ocrx_word' id='word_1_287' title='bbox 175 4156 326 4225; x_wconf 81' lang='lat' dir='ltr'>doctores</span> <span class='ocrx_word' id='word_1_288' title='bbox 363 4155 591 4225; x_wconf 86' lang='lat' dir='ltr'>controversia.</span> <span class='ocrx_word' id='word_1_289' title='bbox 632 4152 728 4245; x_wconf 90' lang='lat' dir='ltr'>(Vide</span> <span class='ocrx_word' id='word_1_290' title='bbox 766 4151 988 4239; x_wconf 83' lang='lat' dir='ltr'>Reiffenstuel,</span> <span class='ocrx_word' id='word_1_291' title='bbox 1023 4152 1120 4225; x_wconf 85' lang='lat' dir='ltr'>citato</span> <span class='ocrx_word' id='word_1_292' title='bbox 1152 4153 1236 4244; x_wconf 81' lang='lat' dir='ltr'>toea,</span> 
     </span>
     <span class='ocr_line' id='line_1_36' title="bbox 96 4262 219 4356; baseline -0.008 -23"><span class='ocrx_word' id='word_1_293' title='bbox 96 4288 127 4335; x_wconf 89' lang='lat' dir='ltr'>u.</span> <span class='ocrx_word' id='word_1_294' title='bbox 148 4262 219 4356; x_wconf 87' lang='grc'>78.)</span> 
     </span>
    </p>
   </div>
   <div class='ocr_carea' id='block_1_3' title="bbox 0 0 1530 4984">
    <p class='ocr_par' dir='ltr' id='par_1_7' title="bbox 0 0 1530 4984">
     <span class='ocr_line' id='line_1_37' title="bbox 0 0 1530 4984; baseline 0 0"><span class='ocrx_word' id='word_1_295' title='bbox 0 0 1530 4984; x_wconf 95' lang='lat' dir='ltr'> </span> 
     </span>
    </p>
   </div>
  </div>
 </body>
</html>
