3050 4984
549 490 623 535 raas
646 488 791 535 sscuuua.
1174 468 1236 535 233

88 612 169 702 prio
180 611 680 704 orejudi'cuprouuutieturt-
691 610 920 701 Respondetur
929 609 1137 697 affirmative5
1149 611 1237 703 quod

95 720 270 811 probatum
282 719 360 813 vide
370 716 458 811 apud
472 718 639 788 laudatum
656 724 834 804 auctorem,
853 719 949 788 citato
962 718 1045 805 loco,
1060 742 1095 787 n.
1115 722 1167 787 55.

140 826 284 909 Qomrro
297 828 365 893 1³².
382 864 426 879 -
443 827 517 910 Quo
531 826 600 895 loco
614 825 775 893 sententia
786 826 871 917 ferri
882 825 1068 894 debeott-
1080 826 1238 909 Quamvis

94 958 136 1003 ex
151 935 225 1025 jure
242 934 445 1003 Jusfiuiaueo
464 940 612 1003 teneatur
630 932 824 1021 regulariter
838 932 941 1025 judex
960 932 1158 1020 ordinarius,
1180 935 1238 1025 qui

92 1048 220 1110 certum
234 1041 378 1111 tribunal
392 1040 501 1126 babet,
516 1040 551 1109 iu
571 1062 610 1109 eo
627 1040 712 1108 ferre
732 1040 936 1126 seutentiam,
957 1049 989 1108 et
1008 1041 1088 1109 alias
1106 1048 1238 1109 senteu-

95 1148 139 1217 tia
154 1170 220 1217 uon
235 1148 357 1225 valeat;
376 1152 501 1217 comum
521 1156 627 1216 estex
644 1147 719 1239 jure
738 1147 893 1216 canonico
912 1168 1005 1238 posse
1023 1146 1235 1239 Episcopum,

93 1254 259 1323 decausis
279 1254 320 1323 ad
343 1255 451 1323 iorum
472 1276 569 1323 suum
588 1252 838 1345 pertinentibus,
860 1274 920 1345 per
934 1276 969 1321 se
984 1253 1037 1323 vel
1056 1275 1116 1346 por
1135 1254 1237 1323 abum

93 1364 267 1430 5555555155
278 1362 363 1431 terre
376 1360 411 1428 in
423 1360 568 1453 quolibet
578 1360 648 1429 loco
658 1382 724 1429 nou
734 1368 886 1451 exempto
900 1358 1047 1430 dioecesis
1057 1383 1139 1429 sum.
1151 1361 1238 1431 Con-

92 1478 155 1537 stat
170 1492 212 1538 ex
228 1469 332 1562 capite
348 1471 434 1539 Cum
447 1470 630 1561 Episcopus
649 1470 693 1557 (7,
711 1468 751 1537 de
768 1470 859 1560 Offic.
878 1468 964 1551 ord„
983 1469 1018 1537 iu
1033 1469 1078 1559 6).

136 1577 282 1658 Quosuo
294 1580 411 1644 tla-
420 1577 494 1660 Quo
505 1589 649 1667 tempore
659 1575 821 1643 sententie
829 1576 913 1665 ferri
919 1574 1133 1644 delecti-l.
1145 1576 1237 1643 Ferri

93 1686 187 1753 debet
219 1693 394 1774 antequam
433 1684 585 1752 instantia
618 1683 660 1749 sit
693 1692 871 1774 perempta.
905 1683 1082 1751 Perimitur
1112 1691 1234 1770 autem,

89 1794 186 1884 juxta
207 1792 450 1861 Justiuiaueum
461 1791 528 1883 jus,
552 1790 692 1859 triennio
708 1791 743 1857 iu
762 1790 869 1859 causis
882 1790 1044 1878 civilibus,
1060 1800 1091 1858 et
1104 1790 1235 1858 biennio

92 1902 125 1967 in
146 1898 384 1968 criminalibus.
408 1900 503 1981 Quod
521 1898 761 1967 Justinianeum
778 1898 844 1988 jus,
870 1906 981 1989 utpote
999 1898 1153 1967 canonico
1172 1921 1239 1965 non

93 2006 308 2092 contrarium,
333 2007 367 2073 in
384 2005 454 2074 toro
479 2006 574 2073 etiam
598 2004 811 2083 ecclesiastico
832 2004 942 2094 vigere
962 2002 1159 2071 censendum
1174 2012 1235 2089 est,

94 2114 154 2180 uisi
170 2112 289 2181 alicubi
305 2112 399 2181 aliter
409 2134 451 2181 ex
466 2110 700 2180 consuetudine
715 2111 937 2180 introductum
953 2112 1005 2178 sit.

135 2222 177 2288 ll.
204 2220 297 2289 Ferri
319 2219 414 2289 debet
434 2218 487 2287 die
509 2227 540 2286 et
560 2218 640 2287 hora
660 2218 696 2285 iu
715 2218 867 2286 citatione
884 2218 1075 2307 assignatis;
1091 2218 1235 2308 alioqmu

93 2353 158 2397 non
187 2330 283 2397 valet.
310 2328 347 2395 ln
376 2336 598 2396 contumacem
626 2332 736 2394 tamen
759 2333 863 2417 potest
887 2325 991 2417 judex
1012 2326 1145 2417 quarmo
1165 2326 1237 2393 vult

93 2446 164 2525 post
194 2436 369 2504 terminum
394 2434 585 2501 sententium
616 2433 840 2525 pronuntiare.
876 2432 972 2521 (Vide
1001 2432 1034 2501 id
1063 2435 1237 2525 probatum

92 2541 177 2632 apud
198 2541 499 2630 Scbmalzgrueber‚
518 2540 552 2607 iu
568 2540 606 2607 tit
639 2544 694 2624 27,
712 2538 736 2605 1.
752 2542 766 2605 1
784 2538 925 2625 Decret,
942 2561 976 2605 u.
998 2539 1064 2629 58.)

139 2649 194 2716 111.
215 2648 364 2717 Fereude
379 2656 427 2716 est
453 2646 506 2715 die
527 2668 593 2715 non
613 2646 742 2731 feriato,
761 2653 794 2712 55
817 2644 971 2732 interdiu,
993 2668 1058 2715 non
1074 2656 1181 2717 auum
1196 2648 1238 2718 de

91 2764 195 2824 nocte.
214 2755 312 2846 (Vide
327 2754 513 2846 probatum,
528 2752 625 2838 ibid.‚
643 2775 676 2821 u.
703 2752 771 2841 59.)

137 2866 280 2946 Qumrro
297 2867 364 2931 15³.
381 2900 425 2913 -·-
437 2863 485 2929 Au
500 2860 658 2930 sententia
673 2860 788 2928 debeat
801 2882 927 2951 semper
934 2861 1099 2929 continere
1107 2862 1199 2930 absol
1222 2902 1237 2915 -

96 2976 211 3041 tionem
232 2972 286 3039 vel
296 2968 611 3048 condemnamur,
630 2974 661 3035 ct
678 2990 813 3037 caccum
831 2990 871 3035 ee
884 2990 951 3058 quo
964 2970 1178 3059 proferatur?
1191 3008 1236 3021 -

98 3085 127 3144 1ο
158 3080 288 3148 Certum
317 3086 365 3147 est
398 3076 590 3145 sententiam
626 3096 754 3166 semper
785 3073 901 3143 debere
925 3083 981 3142 aut
1000 3076 1236 3145 absolutionem

96 3188 153 3271 rei,
181 3195 237 3255 eut
261 3187 331 3276 ejus
361 3184 663 3253 condemnationem
689 3183 866 3251 continere.
898 3182 1033 3250 Constet
1061 3206 1103 3251 ex
1131 3186 1237 3277 capite

95 3294 156 3361 Illo
175 3295 218 3385 (3,
235 3292 275 3361 de
288 3294 426 3380 Accae),
448 3299 479 3358 et
501 3290 628 3379 exlege
649 3292 710 3359 Res
719 3288 876 3380 judicata
894 3291 939 3380 (1,
957 3290 992 3357 ff.
1009 3290 1109 3360 delle
1122 3292 1234 3382 joci).

97 3400 136 3467 Et
153 3401 296 3493 sequitur
315 3422 356 3467 ex
377 3421 415 3466 eo
441 3396 528 3489 quod
552 3395 667 3466 debeat
690 3397 770 3465 ferri
788 3396 884 3487 juxte
907 3397 940 3464 id
963 3397 1051 3488 quod
1072 3398 1106 3464 iu
1128 3398 1237 3469 libello

98 3507 226 3595 petitur.
250 3508 287 3574 ln
304 3505 412 3573 libello
433 3513 542 3573 autem
567 3526 696 3595 semper
717 3505 841 3594 petitur
864 3512 977 3571 contra
998 3526 1092 3572 reum
1111 3506 1238 3598 aliquid

97 3614 307 3704 pronuntiari.
326 3611 421 3681 Unde
436 3612 489 3680 vel
503 3612 537 3679 id
558 3610 702 3679 concedit
712 3610 829 3702 judex,
854 3618 886 3679 ct
906 3612 1065 3680 sententia
1084 3621 1132 3681 est
1154 3635 1237 3682 cou-

98 3720 305 3804 demuatoria‚
322 3719 374 3787 vel
390 3719 540 3808 denegat,
554 3726 585 3786 55
601 3725 650 3783 555
663 3716 873 3786 absolutoria.

141 3830 171 3893 2ο
186 3828 259 3896 Non
277 3836 386 3893 umen
407 3825 587 3916 requiritur
608 3844 764 3914 expressa
779 3822 995 3893 absolutionis
1010 3826 1062 3893 vel
1081 3826 1238 3894 condem-

23 4012 24 4017 *
97 3934 231 4002 nationis
250 3935 372 4018 forma3
397 3932 452 4001 sed
475 3930 551 4000 satis
572 3941 619 3999 est
641 3930 881 3999 absolutionem
903 3931 977 4018 Rei,
997 3932 1050 4001 vel
1071 3933 1142 4023 ejus
1160 3956 1238 4002 con-

23 4112 26 4125 ,
97 4041 328 4111 demnatiouem
343 4040 485 4131 exprimi
504 4038 748 4130 aequivalenter.
774 4038 859 4106 Hinc
877 4038 905 4105 si
925 4038 1029 4130 judex
1050 4041 1239 4129 pronuntiet

97 4146 215 4215 Titium
230 4147 314 4215 nihil
328 4146 445 4214 debere
461 4146 553 4230 Ceio,
569 4144 747 4213 absolvisse
763 4153 924 4213 censetur.

143 4258 174 4318 3ο
195 4256 397 4345 Regulariter
420 4275 548 4323 necesse
568 4274 634 4321 non
658 4260 705 4319 est
732 4262 769 4325 ut
791 4252 895 4343 judex
918 4275 1048 4326 causam
1074 4254 1238 4347 exprimat
