3050 4984
538 563 612 609 unns
634 565 778 609 sacuuon.
1166 546 1225 610 145

92 703 202 773 nempe
217 682 291 773 quis
305 690 403 774 petat,
419 683 499 775 quid
513 692 652 775 petatur,
668 708 776 752 coram
792 682 985 775 ‹prejudice
1002 706 1042 753 ex
1056 708 1121 777 quo
1133 687 1227 754 titulo

90 790 181 877 juris,
198 798 231 856 et
245 814 265 857 a
279 812 345 881 qua
360 812 511 882 persona.

136 895 312 965 «Libellus
327 899 384 988 (ait
397 897 700 987 Schmalzgrneber‚
717 899 752 966 in
766 900 815 968 tit.
835 905 866 984 3,
877 900 900 967 l.
919 902 1058 987 2Decr.,
1069 900 1132 990 gi,
1148 922 1180 969 n.
1197 906 1224 990 l)

95 1029 111 1067 a
132 1005 347 1072 communiter
368 1006 475 1073 tribus
498 1005 645 1097 partibus
671 1008 899 1074 construitur:
927 1008 1110 1075 narratione
1136 1007 1226 1096 iacti,

95 1137 111 1173 α
133 1110 239 1179 medio
252 1112 480 1198 concludendi,
497 1121 528 1181 et
543 1114 613 1204 ipsa
627 1113 841 1181 conclusione.
861 1140 877 1177 n

132 1216 275 1297 Ounsuo
294 1221 338 1285 1⁸.
350 1258 395 1271 -
411 1219 527 1301 (incolis
538 1243 602 1287 esse
614 1220 727 1288 debeat
741 1220 868 1289 libellus
881 1221 993 1311 quood
1004 1223 1229 1289 novationem

88 1324 189 1413 sacti?
202 1364 248 1376 -
271 1326 496 1417 «Respondeo
510 1319 555 1395 ita
576 1327 843 1413 euristruendum,
867 1337 901 1396 ut
920 1332 952 1395 1⁰
977 1330 1179 1420 exprimatur
1195 1331 1229 1397 in

96 1460 111 1498 n
131 1456 169 1500 eo
183 1454 304 1501 nomen
314 1434 441 1523 judicis·
449 1456 558 1502 coram
574 1458 640 1526 quo
664 1434 791 1523 agenda
813 1444 861 1503 est
879 1458 986 1522 cansa,
1004 1446 1039 1503 ut
1053 1438 1173 1505 sciatur
1188 1461 1229 1505 an

95 1568 109 1602 n
131 1541 173 1607 sit
186 1550 373 1631 competens
388 1541 440 1608 vei
457 1563 533 1609 nou.
550 1541 623 1608 Non
637 1550 745 1608 tamen
760 1562 889 1608 necesse
911 1550 959 1608 est
979 1550 1013 1609 ut
1026 1542 1148 1632 judicis
1171 1566 1230 1609 no-

96 1677 109 1709 «
133 1670 208 1713 men
235 1650 407 1739 proprium
423 1656 575 1738 ponatur,
603 1647 658 1714 sed
675 1646 794 1715 sufficit
810 1657 841 1715 et
861 1648 940 1715 solet
956 1648 1059 1737 judex
1086 1650 1232 1740 compel-

94 1782 109 1817 α
131 1755 192 1822 lari
206 1754 249 1821 ab
263 1754 368 1821 officio
382 1764 413 1821 et
425 1755 665 1845 jurisdictione.
691 1758 724 1821 2ο
745 1755 959 1823 inserendum
975 1754 1083 1823 libello
1106 1764 1154 1823 est
1169 1778 1233 1823 uo-

95 1890 110 1927 «
132 1886 208 1930 men
225 1865 394 1954 proprium
410 1864 539 1947 actoris,
557 1872 594 1930 ut
604 1863 705 1952 judex
722 1864 801 1929 sciat
812 1862 885 1953 quis
897 1871 983 1952 agat,
997 1872 1028 1927 et
1044 1886 1119 1931 reus
1133 1888 1152 1931 n
1167 1886 1232 1955 quo

94 1999 110 2033 n
132 1972 356 2039 conveniatur.
377 1974 408 2037 3⁰
424 1970 669 2058 Designandum
682 1980 730 2037 cst
744 1992 863 2037 nomeu
876 1970 948 2057 uei,
965 1978 1000 2037 nt
1014 1972 1172 2060 intelligat
1186 1994 1232 2055 se,

94 2104 110 2139 c
132 2100 198 2144 non
214 2078 332 2163 alium,
349 2078 475 2145 actione
492 2078 615 2168 impeti.
635 2082 668 2143 4⁰
684 2076 913 2145 Subnectenda
930 2080 1001 2167 ipsa
1011 2080 1165 2164 narratio,
1178 2080 1235 2146 ubi

94 2185 353 2252 «recensebitur
375 2186 495 2251 factum
521 2207 596 2251 cum
625 2184 815 2251 necessariis
840 2185 1103 2252 circumstantiis.
1132 2186 1172 2253 Et
1200 2188 1234 2254 in

94 2319 110 2356 c
132 2292 222 2358 civili
236 2291 369 2381 quidem
393 2292 503 2359 libello
525 2291 761 2377 exhibendum,
788 2292 880 2381 qnid,
898 2290 1004 2381 quale,
1030 2302 1060 2358 ct
1075 2302 1233 2382 quantum

93 2428 109 2465 ι(
131 2400 300 2469 debeatur.
335 2405 367 2465 5⁰
389 2400 427 2465 ln
448 2398 611 2466 criminali
627 2398 748 2482 libello,
776 2407 894 2489 praeter
908 2397 992 2465 dieta
1006 2400 1125 2489 opponi
1140 2400 1235 2467 debet

16 2545 17 2550 κ
94 2507 242 2574 «delicti
269 2507 372 2586 loeus,
389 2528 507 2589 annus,
540 2505 680 2583 mensis;
709 2505 789 2572 adeo
817 2504 926 2571 uthis
952 2505 1080 2572 omissis
1106 2504 1233 2573 libellus

95 2617 205 2705 «ipso
226 2615 301 2705 jure
324 2614 365 2681 sit
389 2614 511 2696 nulius,
540 2614 638 2680 ctiam
668 2623 758 2703 porte
786 2634 851 2679 non
876 2622 1057 2703 opponente
1086 2614 1136 2701 (ex
1164 2614 1234 2703 lege

16 2767 17 2770 ,
94 2747 111 2783 c
133 2721 335 2789 Libellomm
347 2724 378 2806 3,
398 2720 433 2786 ff.
449 2719 771 2800 deAccusatiouiduc,
788 2728 820 2786 et
834 2719 979 2787 doctores
991 2720 1230 2811 communiter).

95 2856 111 2892 c
134 2828 210 2895 Dies
224 2827 388 2895 commissi
403 2826 550 2893 criminis
566 2826 666 2893 tutius
680 2826 842 2893 omittitur
863 2826 904 2892 ob
920 2825 1140 2894 difficultatem
1157 2851 1235 2919 pro-

96 2962 111 2998 «
133 2934 246 3018 bandi,
270 2936 383 3025 excipe
407 2935 469 3001 nisi
493 2943 662 3001 accusatus
688 2942 774 3023 petat
798 2933 860 2999 sibi
885 2933 972 3000 diem
995 2942 1025 3001 et
1040 2934 1154 3001 horam
1170 2958 1233 3002 no-

16 3059 17 3076 *
98 3041 273 3126 aminari3
308 3052 385 3108 tuuc
422 3040 509 3105 euim
541 3041 649 3105 verius
679 3048 726 3105 est
756 3048 975 3105 accusatorem
1006 3039 1046 3107 ad
1076 3040 1136 3107 hoc
1163 3045 1235 3130 cogi

16 3141 17 3168 ³
97 3174 113 3209 c
135 3172 229 3239 posse
303 3148 474 3215 :Maranta
500 3157 606 3214 tamen
627 3154 657 3213 et
679 3147 733 3213 alii
756 3148 943 3235 negativam
969 3148 1139 3233 sustinent,
1164 3149 1234 3216 dixi

98 3283 115 3316 c
138 3258 173 3322 iu
195 3255 362 3323 criminali
383 3254 511 3335 libella·
537 3276 613 3321 unm
628 3256 661 3321 iu
678 3253 766 3320 civili
784 3254 947 3321 ordinarie
965 3277 1029 3321 non
1057 3257 1235 3346 requiritur

16 3391 17 3448 ;
99 3390 115 3425 n
137 3364 315 3451 designatio
331 3362 483 3452 temporis
498 3370 530 3427 et
545 3360 606 3428 loci
631 3388 638 3426 ε
656 3362 768 3450 excipe
793 3360 938 3427 libellum
964 3362 1162 3451 injuriarum
1178 3394 1230 3443 ...;

16 3451 17 3472 ³
101 3498 116 3533 a
137 3473 213 3562 quia
223 3471 411 3561 hujusmodi
425 3471 558 3537 famose
569 3469 709 3536 actiones
725 3468 948 3535 criminalibus
958 3480 1198 3559 comparantur.
1215 3501 1230 3537 n

16 3561 17 3586 ³
100 3576 409 3666 tsehmaugrueber,
427 3578 497 3645 loco
512 3576 633 3663 citato.)

139 3685 280 3765 ansuo
297 3689 342 3751 2³.
358 3722 404 3735 -
417 3686 467 3751 An
478 3706 599 3750 necesse
611 3683 654 3748 sit
670 3681 812 3772 exprimi
825 3681 860 3747 io
875 3682 982 3773 libello
998 3706 1115 3751 izomco
1132 3686 1234 3753 octio-

100 3794 157 3873 nis,
174 3818 238 3884 qao
254 3806 347 3861 actor
368 3816 463 3883 aym
487 3789 646 3859 intendit?
660 3828 705 3841 -
718 3791 903 3880 Antequam
920 3791 960 3856 ud
977 3793 1150 3882 qnaesitnm
1168 3816 1236 3861 res-

101 3900 308 3986 pondeamus,
333 3897 601 3989 praemittendum
627 3906 674 3963 est
697 3894 776 3987 quid
792 3896 958 3963 actionum
974 3900 1132 3966 vocabulo
1148 3901 1235 3991 opud

100 4002 683 4096 jurisperitosiutelligendumveniat.
705 4002 1235 4094 «Actioiugenere(aitScbmier‚

106 4137 121 4172 a
141 4112 223 4180 libro
241 4117 272 4197 1,
290 4115 475 4197 tractatui,
492 4111 596 4200 capite
623 4114 654 4194 5,
671 4110 811 4176 sectione
829 4115 861 4194 4,
885 4111 905 4199 ξ
929 4114 956 4198 5)
986 4121 1033 4177 est
1057 4112 1111 4201 jus
1128 4135 1237 4202 perse-

105 4240 120 4277 a
141 4217 261 4307 quendi
275 4217 309 4283 iu
322 4216 447 4306 judicio
462 4215 548 4305 quod
571 4216 633 4282 sibi
648 4214 795 4282 debetur.
825 4215 991 4284 iiividitur
1014 4216 1190 4285 incivilem
1207 4230 1238 4287 et

107 4346 122 4382 a
143 4324 337 4412 praetoriam.
359 4322 471 4389 Civilis
482 4333 542 4408 est,
559 4344 633 4412 quae
645 4321 714 4411 juri
726 4323 812 4389 civili
829 4324 863 4388 in
879 4323 981 4413 specie
999 4324 1087 4413 (puta
1100 4324 1239 4416 legibus,

261 4450 292 4494 u.
1047 4438 1082 4493 w
