3050 4984
639 448 812 496 tracturus
834 449 873 496 DE
894 447 1027 496 inntens.

822 738 849 805 l.

414 902 492 955 (tosus
508 905 682 970 inquisitionis
693 905 837 970 judicialis
851 906 971 969 speciutis
985 909 1012 956 et
1025 920 1057 956 en
1072 919 1141 956 mero
1155 905 1252 969 officio.

309 1103 459 1193 Figurari
476 1111 578 1194 potest
593 1125 686 1171 casus
702 1103 762 1171 hoc
778 1103 873 1173 modu
891 1132 899 1172 ε
917 1104 1023 1173 Titius
1036 1104 1170 1172 clericus
1185 1125 1285 1194 grave
1300 1102 1404 1170 delio-

266 1220 334 1280 tum
359 1213 509 1303 patravit,
532 1211 619 1302 quod
649 1211 886 1279 sufficientibus
911 1212 1044 1279 testibus
1065 1212 1176 1278 aliisve
1199 1211 1410 1279 documentis

264 1320 298 1387 in
313 1319 435 1411 judicio
448 1319 578 1410 probari
594 1326 708 1408 potest.
720 1318 821 1386 Fama
834 1326 939 1386 tamen
952 1318 1023 1410 ejus
1034 1318 1137 1386 illaesa
1148 1317 1314 1403 remansit,
1327 1339 1404 1385 cnm

265 1426 300 1492 in
316 1425 483 1517 publicum
500 1446 552 1491 res
567 1423 673 1492 adhuc
696 1446 808 1514 sparsa
826 1446 891 1492 non
914 1424 967 1509 sit,
985 1423 1041 1490 sed
1062 1448 1083 1491 a
1102 1424 1213 1514 paucis
1232 1423 1404 1490 dumtaxat

265 1540 427 1601 noscatur.
450 1531 627 1616 Quaeritur,
649 1553 689 1598 an
716 1531 893 1622 Episcopus
918 1530 978 1598 hoe
1005 1531 1156 1616 resciens,
1178 1530 1290 1620 possit,
1311 1528 1403 1598 nullo

264 1648 432 1708 accusante
445 1638 496 1705 vel
511 1637 736 1723 denuntiante,
752 1647 865 1706 contra
878 1638 1001 1705 Titium
1013 1637 1207 1728 judicialiter
1220 1660 1279 1730 per
1292 1637 1404 1728 inqui·

264 1747 389 1815 sitionis
402 1745 489 1813 viam
506 1743 690 1837 procedere.
708 1745 760 1812 Ad
776 1744 866 1836 quod
882 1743 1131 1830 enucleandum,
1147 1745 1200 1813 sit.

308 1855 491 1923 Pnorosrno
506 1854 546 1921 1².
561 1891 605 1906 -
620 1856 680 1921 Est
700 1866 788 1921 certa
801 1852 895 1942 juris
913 1853 1060 1922 cunonisi
1080 1853 1206 1943 requio,
1221 1875 1287 1920 non
1306 1873 1404 1943 posse

263 1961 461 2052 superiorem
480 1959 687 2050 judicialiter
707 1972 822 2028 contra
845 1982 1055 2051 quemquam,
1077 1959 1225 2028 nondum
1246 1958 1403 2050 diffuma-

266 2081 348 2150 tum,
373 2090 433 2156 per
452 2067 542 2135 uiam
562 2067 709 2158 speciolis
731 2066 950 2158 inpendionis
970 2065 1152 2158 procedere.
1175 2105 1220 2118 -
1241 2065 1401 2154 Dicimus,

265 2173 426 2264 perviam
449 2173 667 2264 inquisitionis
689 2173 847 2265 peciolis,
866 2173 901 2240 id
917 2181 964 2242 est
986 2175 1013 2242 si
1036 2181 1152 2263 agatur
1165 2174 1205 2241 de
1222 2173 1277 2241 tali
1296 2173 1404 2240 deter-

264 2282 388 2348 minata
402 2303 551 2371 persona,
568 2280 653 2349 etde
669 2281 724 2348 tali
748 2281 960 2349 determinato
980 2281 1082 2372 ipsius
1097 2280 1223 2348 delicto.
1242 2281 1294 2347 An
1314 2279 1402 2348 idem

265 2387 520 2455 concludendum
536 2386 643 2479 quoad
659 2388 842 2477 generalem
854 2396 885 2455 et
901 2387 1037 2455 mixtam
1053 2387 1306 2479 inquisitionem,
1316 2387 1404 2453 infra

265 2495 470 2588 expenditur.
492 2495 637 2563 Dicimus
660 2519 728 2564 esse
750 2495 919 2585 requiam·
940 2495 1084 2585 intellige
1108 2495 1311 2586 generalem3
1325 2515 1401 2584 quae

265 2625 306 2670 an
332 2601 536 2692 exceptiones
559 2602 683 2694 aliquas
710 2600 870 2689 admittat,
896 2600 982 2668 infra
1005 2601 1190 2692 exponitur.
1213 2600 1285 2681 Quo
1313 2621 1403 2690 prae·

265 2717 385 2797 notato,
411 2708 495 2776 hanc
518 2709 628 2797 magni
656 2708 809 2776 momenti
835 2709 1089 2800 propositionem
1118 2708 1319 2798 argumentis
1343 2706 1403 2774 fir-

266 2839 404 2886 memus.

308 2923 472 2992 Probatur
488 2926 533 3010 10,
544 2922 636 3014 juris
652 2922 803 3016 tentibus.
819 2961 862 2974 -
875 2921 958 2990 llem
973 2923 1106 2990 omnino
1121 2921 1243 2989 evincit
1261 2920 1403 3011 percele-

265 3029 323 3098 bre
337 3031 440 3098 inhac
455 3030 586 3098 materia
599 3035 694 3120 caput
706 3028 928 3120 inquisitionis
940 3029 1007 3119 (21,
1019 3028 1067 3095 tit.
1084 3031 1115 3113 1,
1128 3027 1204 3095 libri
1218 3032 1236 3093 5
1249 3028 1401 3117 Deerat),

265 3138 299 3205 in
312 3160 377 3228 spuo
389 3137 597 3205 Innocentius
611 3137 668 3220 lll,
679 3158 698 3201 a
711 3134 878 3203 nonnullis
890 3134 1058 3224 Episcopis
1070 3132 1251 3224 propositas
1261 3133 1405 3201 difficul-

265 3253 345 3312 tates
360 3243 467 3330 diluit,
478 3251 509 3310 et
522 3241 685 3334 quomodo
697 3242 731 3310 in
743 3242 789 3309 eis
804 3239 1042 3332 procedendum
1059 3240 1212 3308 decernit.
1223 3239 1325 3308 Porro
1337 3262 1403 3308 una

265 3373 305 3417 ex
322 3350 390 3417 istis
406 3347 645 3417 difficultatibus
658 3347 698 3414 ab
711 3347 782 3438 ipso
797 3345 952 3414 Pontifice
964 3347 1009 3414 sic
1022 3355 1238 3414 memoratur:
1255 3346 1401 3414 «Tertiae

270 3483 286 3520 a
308 3455 519 3524 dubitationis
534 3453 692 3522 articulus
707 3453 902 3537 continebat,
918 3460 1042 3538 utrum,
1060 3474 1134 3520 cum
1149 3450 1214 3520 duo
1227 3453 1279 3520 vel
1293 3453 1404 3542 plures

269 3591 285 3629 u
306 3561 407 3654 jurati
426 3561 604 3639 affirmant,
622 3559 762 3651 aliquem
787 3558 909 3626 crimen
929 3558 1060 3648 aliquod
1084 3559 1202 3627 eisdem
1217 3558 1403 3627 videntibus

271 3696 286 3734 u
311 3667 522 3750 commisisse,
538 3665 657 3756 dequo
672 3663 931 3755 aliqnainiamia
953 3686 1019 3732 non
1040 3663 1175 3751 laboret,
1193 3664 1333 3756 aliquam
1354 3666 1402 3734 illi

271 3805 286 3844 u
311 3797 438 3867 poenam
463 3773 611 3861 infligere
635 3771 826 3840 debeatis‘ts
845 3771 969 3860 Deque
985 3794 1061 3840 casu
1080 3771 1284 3840 Innocentius
1297 3773 1342 3840 lll
1358 3773 1404 3841 sic

249 3883 317 3975 .jus
338 3881 511 3951 declaravit
531 3887 563 3946 et
585 3877 816 3946 determinavit
836 3877 993 3946 :Addam
1015 3879 1256 3970 respondemus,
1272 3880 1403 3948 nullmn

266 4013 329 4058 esse
346 4011 409 4082 pro
431 3987 575 4066 rumine,
593 4007 689 4076 snper
710 4007 774 4075 quo
797 3984 910 4075 aliquo
932 4007 997 4053 non
1023 3986 1153 4054 loborat
1176 3987 1329 4077 infamia,
1347 4011 1403 4055 seu

265 4099 408 4166 clamoso
430 4093 610 4162 insinuatio
631 4114 696 4159 non
719 4092 927 4182 precesserit,
942 4105 1079 4183 propter
1097 4092 1185 4162 dictu
1209 4093 1403 4184 hujusmodi

262 4201 463 4297 puniendum
482 4228 492 4268 :
508 4199 657 4291 quinimo
671 4221 767 4292 super
780 4199 840 4267 doc
852 4197 1065 4289 depositiones
1085 4214 1199 4268 contra
1214 4223 1288 4270 eum
1303 4203 1405 4296 recipi
