3050 4984
590 558 663 603 rens
686 556 830 604 SECUNDA.

622 894 765 965 CAPUT
787 894 848 963 Vl.

425 1088 463 1133 DE
487 1089 588 1136 DANDO
610 1088 746 1137 murteo
770 1088 994 1135 numerem.

185 1320 214 1386 t.
234 1318 310 1387 Post
324 1320 526 1411 publicatum
542 1342 729 1412 processum
743 1319 953 1407 ostensivum,
968 1327 1001 1386 et
1013 1340 1197 1388 concessam
1223 1341 1277 1388 reo

136 1426 284 1518 ejusdem
300 1428 442 1520 copiam,
457 1452 547 1515 cum,
564 1437 621 1497 ant
633 1429 702 1499 sine
717 1429 906 1498 nominibus
924 1428 1072 1515 testium,
1088 1436 1125 1495 ut
1150 1428 1275 1496 dictum

137 1544 197 1622 est,
212 1536 308 1605 debet
317 1536 419 1628 judex
433 1536 490 1605 r'eo
503 1536 614 1628 (etiam
626 1559 691 1607 non
705 1536 836 1629 petenti)
851 1537 1100 1605 convenientem
1111 1537 1277 1625 assignare

137 1644 319 1712 terminum
334 1642 375 1712 ad
391 1643 553 1712 faciendas
568 1643 771 1713 defensiones
791 1666 878 1729 snas,
894 1642 928 1711 id
942 1652 991 1711 est
1005 1641 1046 1710 ad
1060 1641 1277 1733 porrigendos

137 1750 290 1819 articulos
303 1773 379 1819 snos
393 1750 604 1836 defensorios,
616 1774 675 1819 nec
684 1774 750 1819 non
761 1750 802 1819 ad
818 1749 1042 1842 producendos
1056 1756 1152 1817 testes
1163 1757 1194 1816 et
1206 1749 1278 1816 ins·

137 1866 303 1926 frumenta
317 1858 351 1925 in
366 1856 486 1927 horum
502 1858 716 1928 articulorum
732 1858 970 1949 probationem.
987 1856 1023 1925 Si
1038 1857 1157 1925 arctior
1168 1857 1210 1924 sit
1221 1878 1278 1925 as-

137 1964 285 2055 signatus
297 1964 472 2051 terminus,
488 1966 749 2057 prorogationem
764 1987 841 2034 reus
854 1974 962 2056 petere
972 1965 1103 2056 poterit,
1117 1973 1149 2032 et
1162 1965 1278 2056 appel-

136 2071 216 2157 lare,
232 2072 259 2139 si
276 2072 393 2164 injuste
409 2071 596 2161 denegetur.

181 2182 212 2245 t.
224 2178 286 2246 Hic
297 2188 408 2247 autem
422 2178 577 2247 solvenda
587 2180 675 2248 veuit
684 2181 835 2271 quaestio,
852 2202 895 2248 an
904 2177 1063 2247 terminus
1074 2176 1277 2247 defensorius

137 2284 186 2353 illi
195 2285 294 2353 etiam
303 2283 430 2353 dandus
442 2286 496 2373 sit,
506 2288 563 2377 qui
575 2294 750 2378 spontanee
756 2286 912 2355 delictum
925 2308 1023 2354 suum
1036 2294 1084 2353 est
1096 2285 1274 2354 confessus.

136 2392 242 2474 Quam
259 2392 473 2482 quaestionem
487 2390 683 2461 sufficienter
698 2393 824 2461 dirimit
834 2392 1038 2481 pellegrinus
1049 2394 1150 2483 (parte
1163 2396 1195 2479 t,
1207 2414 1277 2459 see-

136 2498 225 2567 tione
253 2501 306 2583 ft,
324 2520 358 2565 n.
378 2498 431 2589 21)
458 2499 520 2568 hoc
542 2499 640 2569 modo
663 2528 670 2567 :
695 2526 711 2563 c
738 2500 934 2569 Communis
955 2507 987 2567 et
1011 2508 1098 2568 certa
1112 2498 1277 2568 conclusio

140 2631 157 2669 c
182 2604 332 2673 omnium
355 2604 524 2675 doctorum
554 2606 696 2695 (nemine
717 2629 852 2698 prorsus
875 2606 1087 2698 discrepante)
1113 2615 1173 2692 est,
1189 2604 1278 2697 quod

140 2738 158 2777 u
183 2734 294 2799 nemo,
306 2712 585 2805 qualitercumque
594 2713 773 2800 confessus,
787 2714 821 2781 in
834 2712 1279 2782 criminalibuscondemnari

140 2845 158 2884 «
183 2827 297 2909 potest,
316 2818 379 2885 nisi
393 2818 488 2909 prius
501 2820 683 2910 assignetur
707 2820 758 2887 illi
774 2820 933 2889 terminos
949 2820 989 2889 ad
1004 2820 1188 2889 faciendum
1202 2840 1278 2887 snas

141 2951 159 2990 a
183 2924 424 2994 defensiones...
446 2925 487 2994 Et
501 2927 583 2995 ratio
596 2935 656 3012 est,
672 2927 862 3019 quinetiam
887 2935 999 2995 contra
1014 2928 1181 3018 propriam
1198 2949 1278 2994 con·

140 3060 157 3099 c
184 3034 358 3102 sessionem
383 3041 487 3125 potest
502 3056 577 3102 rens
592 3035 696 3102 multa
708 3033 868 3102 deducere
882 3033 923 3102 ad
939 3035 989 3104 sni
1005 3034 1238 3103 defensionem.
1256 3060 1273 3097 ε

135 3142 180 3210 Et
187 3142 236 3209 ibi
247 3148 418 3211 enumerat
424 3140 512 3208 idem
524 3140 728 3231 Pellegrinus
736 3139 847 3209 decem
860 3142 977 3233 capita,
986 3164 1027 3209 ex
1039 3142 1170 3233 quibus,
1180 3143 1275 3209 etiam

134 3256 210 3340 post
220 3248 391 3340 propriam
405 3247 513 3316 delicti
523 3269 542 3316 a
554 3270 588 3317 se
601 3248 718 3339 patrati
734 3248 985 3336 confessionem,
1003 3270 1072 3317 sese
1084 3256 1190 3339 potest
1202 3270 1277 3317 reus

135 3354 322 3423 defendere.

184 3468 214 3533 3.
228 3462 347 3554 Elapso
361 3470 471 3532 autem
485 3462 711 3533 defensionum
725 3464 877 3550 termino,
893 3464 922 3531 si
936 3485 1011 3533 reus
1020 3463 1078 3554 qni
1092 3462 1278 3531 sesedclicti

134 3577 316 3656 auctorem,
333 3578 507 3662 spontanee
522 3570 688 3640 confessus
696 3578 756 3657 est,
770 3570 1013 3640 defensionibus
1025 3571 1201 3657 renuntiet,
1217 3593 1277 3661 po-

135 3687 199 3747 test
220 3677 324 3769 judex
348 3677 456 3745 statim
482 3676 523 3745 ad
545 3678 738 3747 sententiam
766 3678 1065 3748 condemnatoriam
1090 3676 1273 3770 procedere.

134 3783 236 3876 (Vide
256 3783 425 3853 laudatum
448 3783 685 3875 Pellegrinum‚
709 3786 780 3854 loco
802 3785 872 3870 cit,
889 3807 923 3853 n.
949 3785 1016 3876 18.)
1034 3784 1172 3876 Propria
1186 3783 1276 3852 enim

136 3892 185 3960 rei
202 3891 360 3961 confessio
380 3900 430 3959 est
443 3890 674 3983 probationum
689 3892 823 3983 optima,
841 3892 888 3961 ita
900 3901 938 3962 ut
952 3893 1052 3962 etiam
1068 3892 1180 3982 regina
1194 3911 1276 3983 pro·

134 3998 307 4069 bationum
322 4022 342 4068 a
355 3998 565 4090 pragmaticis
578 3998 689 4068 vocari
700 3998 811 4069 soleat.
