3050 4984
273 495 336 559 tsn·
643 512 819 559 reimarus
842 512 880 559 nn
903 514 1036 559 runicus.

266 642 387 720 autem,
404 635 556 726 imposito
563 635 805 704 accusatoribus
819 643 885 703 tam
899 634 993 725 gravi
1006 656 1118 721 onere,
1134 634 1231 727 pauci
1247 633 1415 725 reperien-

270 753 324 810 tur
347 742 404 833 qui
429 764 471 809 ex
495 742 564 810 zelo
590 742 667 810 boni
695 742 816 833 publici
839 741 921 810 illud
937 742 1000 810 sibi
1018 763 1184 811 assumere
1198 740 1309 809 velint.
1330 739 1417 807 Hinc

269 850 372 918 multa
387 848 516 935 delicta,
532 870 606 940 quae
633 848 727 917 facile
743 850 777 917 in
792 848 917 940 judicio
933 850 1064 941 probari
1079 860 1222 942 possent,
1251 848 1343 916 nullo
1359 870 1417 915 ac-

270 958 401 1026 cedente
423 964 621 1042 accusatore,
634 957 797 1047 impunita
812 957 1039 1025 remanebunt.
1058 956 1131 1039 Quo
1151 963 1236 1025 certe
1250 964 1419 1023 consecta-

270 1066 320 1132 rio
333 1064 487 1132 vitiosum
501 1062 582 1154 quid
593 1063 627 1129 in
642 1063 704 1131 boc
715 1062 891 1131 reddendae
904 1062 1040 1154 justitiae
1056 1062 1345 1154 systemateargui,
1360 1084 1420 1129 ne-

270 1172 341 1262 gari
356 1192 423 1241 non
437 1180 551 1262 potest.

316 1281 360 1347 At
387 1300 465 1347 vero
492 1279 610 1346 vitium
639 1278 721 1345 illud
736 1292 804 1345 non
818 1278 902 1346 forte
922 1277 1003 1346 adeo
1017 1279 1153 1347 noxium
1168 1288 1216 1345 est
1231 1300 1328 1369 quam
1347 1300 1423 1345 mo-

270 1386 364 1455 derni
378 1383 512 1477 quidam
527 1385 747 1452 aestimarunt.
764 1384 849 1453 Nam
865 1394 977 1453 utrum
993 1387 1104 1454 omnia
1117 1386 1253 1453 omnino
1271 1384 1422 1453 facinora

270 1493 406 1584 inquiri,
434 1492 565 1583 probari
593 1500 625 1560 et
652 1493 763 1582 puniri
788 1492 959 1583 expediat;
988 1516 1030 1561 an
1057 1514 1137 1561 vero
1153 1494 1254 1560 satius
1270 1492 1323 1576 sit,
1342 1514 1421 1582 quae

270 1602 384 1692 paucis
409 1608 486 1666 nota
501 1610 591 1684 sunt,
619 1599 656 1665 in
684 1600 826 1667 tenebris
841 1598 1038 1690 relinquere,
1067 1600 1094 1667 si
1122 1599 1233 1667 nullus
1254 1606 1425 1667 accusator
1519 1616 1520 1645 t

270 1729 309 1775 ea
330 1705 528 1797 probaturus
547 1704 682 1791 deierat,
705 1707 740 1772 in
763 1706 979 1796 quaestionem
1001 1706 1109 1773 vocari
1125 1705 1328 1797 aliquatenus
1345 1728 1425 1796 pos-
1519 1742 1520 1763 r

272 1822 331 1901 set.
352 1812 525 1893 Quodlibet
551 1810 640 1878 enim
664 1810 769 1880 scelus
793 1812 921 1903 publice
937 1810 1132 1899 discussum,
1159 1812 1333 1880 commotio
1357 1819 1423 1898 est,

272 1930 304 1987 et
327 1919 471 1987 scandali
495 1928 592 2008 atque
620 1919 713 2009 pravi
731 1920 875 2010 exempli
891 1919 984 1987 virus
998 1920 1061 1987 late
1080 1918 1256 1998 diffundit;
1271 1941 1330 1987 nec
1345 1940 1427 2011 pes·
1519 1926 1520 2007 l

275 2028 406 2094 tiletum
428 2025 589 2116 ejusmodi
615 2024 764 2093 effectum
793 2028 872 2093 satis
899 2026 1033 2116 corrigit
1054 2035 1087 2094 et
1106 2034 1293 2117 compensat
1309 2048 1427 2094 severa
1519 2038 1520 2127 t

272 2134 409 2224 justitiae
434 2131 592 2201 vindicta.
621 2133 783 2201 Praeterea
809 2132 889 2202 dum
916 2134 1054 2224 singulis
1080 2134 1239 2202 societatis
1267 2133 1427 2203 membris
1519 2132 1520 2215 l

274 2264 352 2308 cura
379 2241 592 2308 committitur
614 2249 651 2307 nt
672 2239 866 2308 delictorum
890 2241 1117 2309 coercitionem
1143 2242 1325 2309 accusando
1346 2263 1428 2331 per-

274 2356 472 2439 sequantur;
498 2347 644 2438 alioquin
667 2357 775 2415 autern
805 2348 865 2414 sibi
894 2348 1058 2440 imputare
1082 2347 1220 2417 debeant
1244 2347 1363 2415 damna
1382 2370 1428 2415 ex

277 2454 448 2544 impunitis
465 2453 724 2521 malefactoribus
742 2454 930 2540 oboritura;
956 2455 1018 2539 eis,
1045 2456 1106 2522 bac
1127 2454 1198 2545 ipsa
1223 2453 1428 2521 institutione

277 2561 417 2653 publica,
446 2561 521 2627 boni
549 2561 733 2628 communis
760 2560 848 2631 zelus
865 2560 1009 2647 inditur3
1030 2572 1126 2653 atque
1154 2562 1201 2629 sic
1223 2561 1257 2627 in
1273 2560 1429 2650 generale

278 2667 442 2759 quoddam
458 2666 677 2733 ministerium
693 2667 860 2757 publicum
883 2690 997 2735 omnes
1013 2669 1221 2759 deputantur.
1240 2668 1331 2735 Tunc
1347 2688 1430 2735 vero

279 2774 449 2841 necessarii
475 2795 541 2840 uon
557 2782 634 2839 sunt
656 2780 701 2840 tot
726 2773 842 2840 armati
867 2774 1015 2842 custodes
1037 2784 1069 2842 et
1095 2775 1230 2861 milites,
1247 2797 1313 2865 quo
1328 2796 1430 2843 onere
1519 2792 1520 2861 ,

279 2883 461 2950 fatiscentes
485 2879 662 2948 hodiernos
689 2880 827 2971 populos
852 2882 1047 2973 quandoque
1071 2881 1232 2951 videmus.
1251 2882 1345 2963 Quod
1362 2882 1431 2949 ad-

281 2997 444 3074 notamus,
472 3009 538 3054 non
562 2986 695 3077 quidem
721 2996 758 3055 ut
786 2988 908 3055 dictum
934 2990 1147 3057 accusationis
1168 2998 1310 3080 systema
1326 2989 1431 3057 redu-
1519 3008 1520 3073 ξ

282 3096 421 3163 rendum
436 3094 643 3181 suadeamus,
662 3094 714 3162 vel
727 3095 823 3161 etiam
840 3095 1053 3164 intrinsecum
1070 3096 1140 3187 ejus
1155 3096 1274 3163 vitium
1291 3096 1431 3163 omnino

284 3225 457 3293 negemus;
487 3202 543 3269 sed
572 3201 744 3269 dumtaxat
771 3210 807 3268 ut
830 3201 1032 3291 intelligatur
1055 3203 1095 3269 iis
1121 3203 1156 3269 in
1184 3202 1432 3271 conditionibus

284 3308 408 3377 versari
423 3309 566 3399 potuisse
587 3306 761 3375 nonnullos
777 3308 979 3398 antiquitatis
1001 3309 1151 3400 populos,
1172 3330 1247 3400 quae
1268 3308 1434 3401 ejusmodi
1519 3350 1520 3401 3

282 3416 467 3507 judiciarie
506 3414 623 3481 formes
660 3414 921 3481 inconvenientia
956 3416 1096 3482 multum
1136 3421 1366 3507 temperarant,
1399 3422 1435 3482 et

287 3522 397 3591 multis
413 3519 610 3588 utilitatibus
624 3529 882 3611 compensarent.
902 3524 1011 3613 Atque
1024 3521 1057 3589 id
1073 3522 1178 3613 quoad
1192 3523 1359 3613 antiquam
1374 3542 1435 3589 ae·

287 3630 445 3700 cusatorie
465 3626 661 3719 procedendi
677 3626 828 3695 Ecclesia
843 3630 972 3718 praxim
988 3630 1170 3719 praesertim
1197 3628 1434 3698 attendendum

290 3740 376 3807 infra
392 3736 586 3803 videbimus.
1136 3743 1140 3768 ¹
1170 3748 1173 3757 “

296 3895 301 3902 -
334 3841 494 3913 Secundo.
522 3840 672 3907 Alterum
688 3841 764 3908 item
781 3841 1013 3911 inconveniens
1036 3842 1076 3912 de
1103 3844 1187 3913 odiis
1216 3864 1331 3934 nempe
1355 3864 1435 3933 quae

292 3949 491 4022 accusatoria
505 3949 611 4016 forma
624 3948 708 4015 inter
723 3950 867 4038 privatos
882 3949 1047 4039 foventur,
1072 3951 1176 4019 multo
1201 3952 1298 4019 etiam
1324 3950 1439 4019 minus

292 4057 507 4151 reputabitur,
526 4055 554 4121 si
569 4053 664 4122 modo
677 4053 830 4123 adnotata
845 4058 1098 4148 perpendantur.
1519 4140 1520 4155 ,

337 4164 434 4250 Hinc,
450 4170 487 4230 ut
497 4162 586 4253 justa
599 4160 690 4229 lance
703 4160 827 4230 dictum
835 4164 1038 4255 antiquitatis
1049 4172 1189 4255 systema
1200 4163 1436 4255 ponderemus,

294 4271 466 4341 dicendum
499 4266 642 4354 videtur,
678 4289 748 4336 esse
782 4269 914 4359 quidem
945 4280 1084 4361 systema
1114 4270 1196 4339 illud
1226 4270 1440 4362 inquisitoris
1519 4274 1520 4341 ἒ
