3050 4984
289 472 352 537 382
661 490 838 537 macram
861 488 899 535 oe
921 490 1056 537 moreris.

285 615 389 705 eapite
401 614 579 681 Statum
596 612 649 703 (de
661 612 840 693 anunm,
855 610 889 679 iu
900 610 948 701 6),
962 632 1004 679 ex
1015 608 1244 677 constitutione
1255 608 1424 699 capione
1505 572 1506 595 l

285 719 466 788 Alexandri
486 721 531 805 V,
550 729 584 788 et
610 720 842 788 constitutione
868 720 960 787 Licet
979 740 1022 785 a·
1046 716 1198 785 ormobru
1220 716 1346 785 Urbani
1363 715 1419 783 Ν.

283 827 442 909 Quanam
457 838 567 897 antem
582 828 625 895 sit
638 826 818 895 summarii
830 848 999 919 processus
1014 848 1143 910 norma,
1166 825 1422 916 jamsnpraex·

284 933 471 1023 pendimus.
488 961 507 998 ι
523 936 666 1003 Tametsi
680 944 790 1002 antem
803 933 865 1001 hoc
878 930 1075 1023 procedendi
1100 931 1198 998 modo
1212 931 1247 997 in
1260 931 1365 997 eaos'n
1379 932 1424 995 li-
1506 988 1507 993 ,

286 1065 306 1104 ι
327 1039 380 1107 dei
393 1042 443 1107 uti
454 1043 580 1132 possint
594 1042 744 1132 Episcopi
756 1051 788 1108 et
803 1039 1024 1131 inquisitores,
1037 1060 1103 1106 non
1115 1046 1223 1105 tamen
1234 1036 1274 1105 ad
1289 1036 1336 1103 sic
1350 1058 1423 1126 pro-
1506 1084 1507 1089 η

287 1173 305 1212 ι
326 1148 508 1215 werdoni
522 1148 723 1237 obligantur,
739 1170 818 1216 oum
832 1148 867 1214 in
880 1147 978 1215 citato
986 1146 1090 1237 rapite
1104 1147 1281 1213 Statutum
1295 1142 1423 1211 dicatur

290 1252 541 1321 «macedonas.
570 1280 587 1315 s
616 1253 823 1342 (lenrenins,
852 1255 885 1320 in
907 1252 1041 1320 titulum
1068 1256 1100 1337 7,
1128 1250 1208 1318 libri
1237 1254 1256 1315 5
1283 1250 1421 1333 Deerat,

285 1382 320 1451 q.
339 1362 426 1448 188.)
1507 1356 1508 1379 ¹

800 1502 821 1593 s
843 1502 916 1571 vu.

315 1662 733 1723 nummulamis
749 1662 1394 1727 dhscaudscriminalibnwrocedimmm

409 1741 451 1790 via
461 1742 644 1801 scammonia,
655 1748 709 1793 tom
722 1742 763 1793 via
777 1742 990 1806 denuntiationis,
1003 1748 1060 1793 tum
1071 1743 1113 1793 ria
1122 1742 1313 1807 inqmsitionist

329 1912 605 2003 Respondendum
620 1912 825 1998 affirmative,
835 1915 913 2005 quia
927 1912 1035 2005 quoad
1048 1914 1108 1982 hoc
1121 1914 1202 1981 nihil
1216 1913 1353 2005 speciale
1366 1934 1424 1979 seu

281 2022 350 2112 juri
365 2021 532 2088 communi
560 2023 722 2110 derogans
747 2022 848 2088 sancti
872 2019 969 2089 officii
985 2022 1203 2089 tribunalibus
1217 2020 1279 2087 fuit
1293 2020 1425 2111 injunc-

284 2135 377 2303 tmlle
389 2235 473 2303 iacto
488 2244 596 2302 tamen
610 2236 804 2325 procedendi
823 2236 939 2304 modus
954 2258 1012 2327 per
1026 2236 1115 2305 mam
1131 2236 1343 2304 accusationis
1359 2259 1424 2303 non

284 2342 364 2411 solet
384 2341 544 2428 adhiberi,
561 2363 600 2409 eo
627 2342 715 2433 quod
742 2352 909 2431 promotor
931 2342 1049 2410 fiscalis
1069 2344 1103 2409 in
1129 2342 1290 2433 ejusmodi
1319 2342 1427 2409 causis

283 2446 478 2515 amusatoris
496 2468 665 2536 personam
681 2456 785 2536 gerat.
805 2450 928 2517 Atvero
941 2448 969 2515 si
984 2450 1058 2539 quis
1085 2447 1299 2517 nibilominus
1324 2468 1426 2515 accu-

281 2572 421 2629 satorem
449 2584 546 2649 agere
575 2562 684 2647 vellet,
713 2562 934 2631 admittendus
962 2572 1066 2649 esset;
1098 2577 1129 2632 et
1159 2574 1235 2633 tunc
1263 2561 1426 2652 ejusmodi

281 2676 448 2736 accusator
472 2668 618 2736 libellum
646 2692 742 2737 suurn
770 2670 973 2739 subscribere
1001 2673 1036 2738 in
1061 2694 1191 2761 poenam
1214 2670 1343 2737 taliorus
1359 2691 1426 2737 non

282 2783 458 2860 teneretur,
486 2798 560 2843 cum
586 2776 717 2867 procedi
745 2780 845 2868 possit
871 2780 1046 2846 summarie
1075 2780 1122 2865 (ut
1141 2778 1300 2868 superiori
1328 2797 1426 2868 para-

283 2882 409 2973 grapho
430 2882 553 2950 dictum
577 2890 651 2971 est),
672 2891 704 2950 et
732 2885 767 2950 in
782 2884 964 2954 summario
980 2907 1130 2975 processu
1157 2906 1221 2951 oon
1236 2884 1427 2973 requiratur

283 2988 443 3078 ejusmodi
457 2988 646 3059 lorrnalitas.
664 2988 700 3057 Si
716 3000 825 3058 molen
837 2990 917 3059 lalso
931 3014 1096 3059 accusasse
1111 2990 1426 3081 deprehenderetur,

282 3094 469 3184 puniendus
482 3104 576 3164 esset.
594 3096 641 3163 De
655 3118 721 3186 qno
737 3098 812 3164 vide
826 3096 1024 3166 Leureuium
1047 3098 1093 3187 (in
1107 3098 1156 3163 tit.
1178 3100 1209 3181 7,
1225 3096 1303 3165 libri
1322 3100 1340 3163 5
1358 3095 1427 3163 lle-

282 3210 376 3288 oret,
391 3210 508 3291 quaest.
529 3204 604 3287 188,
624 3226 657 3271 n.
678 3203 723 3293 2).

326 3308 461 3377 Procedi
481 3331 560 3397 ergo
584 3309 664 3378 solet
688 3318 801 3378 contra
825 3311 1011 3380 hereticam
1038 3314 1243 3403 pravitatem,
1272 3312 1342 3379 sire
1365 3334 1428 3405 per

278 3417 368 3485 viani
392 3414 657 3502 denuntiationis,
681 3418 750 3485 sive
776 3439 833 3508 per
859 3420 948 3487 viam
977 3420 1198 3509 inquisitionis
1226 3441 1269 3486 ex
1300 3418 1424 3505 officio,

280 3520 412 3613 quando
427 3520 537 3589 nullus
546 3522 723 3589 intervenit
736 3522 955 3593 denuntiator.

789 3750 811 3841 s
833 3752 921 3821 vui.

282 3913 322 3964 De
343 3913 495 3963 nennium
509 3909 640 3961 annonis
659 3916 686 3962 et
704 3914 888 3976 probationum
902 3914 930 3965 in
945 3914 1108 3977 processibus
1122 3915 1203 3965 sancti
1217 3914 1307 3977 officii,
1319 3930 1425 3967 necnon

539 3992 715 4041 concedende
732 4006 777 4042 reo
787 4008 844 4043 sese
856 3993 1012 4043 defendendi
1026 3994 1159 4045 facilitatis.

328 4142 356 4203 l⁰
372 4138 463 4205 Siout
487 4138 524 4203 in
548 4136 673 4203 caretis
697 4137 921 4205 criminalibus
939 4140 1057 4223 causis,
1081 4139 1126 4206 ita
1150 4149 1182 4207 et
1205 4141 1240 4207 in
1267 4140 1424 4230 prooessi-

282 4244 344 4312 bus
358 4245 459 4312 sancti
486 4242 583 4311 officii
611 4246 788 4311 necessaria
803 4247 939 4313 omniuo
965 4254 1013 4313 est
1042 4246 1099 4313 llei
1123 4246 1244 4333 citatio,
1261 4262 1296 4314 ut
1320 4248 1423 4339 possit
