3050 4984
568 538 642 584 rurs
664 498 816 584 smenon,
1197 518 1258 584 fif

112 660 169 729 vin
183 659 301 751 injure
315 660 464 729 Romano
478 658 692 729 determinata
706 682 772 736 nou
788 660 981 751 reperiatur,
995 660 1114 729 mirum
1132 682 1197 731 non
1212 669 1260 728 est

10 809 11 812 =
114 768 236 837 multus
254 768 363 837 adbuc
381 776 468 837 ortes
486 765 586 837 fuisse
605 768 784 837 iunocentii
805 768 850 836 lII
870 776 1013 860 tempore
1030 767 1259 853 dubitationes,

114 875 213 944 etiam
234 874 350 965 sijum
373 874 416 944 ab
437 874 603 967 aliquanto
628 883 773 968 tempore
794 874 829 942 in
852 896 913 943 usu
939 874 1033 945 foret.
1055 872 1150 944 Unde
1174 874 1260 965 ejus·

115 981 206 1050 modi
226 980 455 1069 dubitationes,
478 982 538 1050 etsi
558 1004 624 1050 non
644 979 725 1050 adeo
747 981 915 1073 nunquam
937 980 1076 1051 innuant
1092 1002 1261 1073 processus

115 1090 314 1181 inquisitorii
329 1090 484 1175 formam,
501 1098 691 1158 nontamen
712 1089 851 1181 probant
868 1090 909 1157 ab
924 1089 995 1181 ipso
1008 1089 1197 1159 innocentio
1216 1090 1261 1158 llI

114 1194 295 1265 inductum.

163 1305 331 1387 Quartum
347 1315 581 1394 arqomentum
597 1329 608 1370 :
625 1301 712 1396 quod
727 1302 831 1395 cupite
842 1306 881 1370 17
898 1302 997 1393 (citati
1013 1304 1109 1397 tituli)
1126 1304 1166 1375 de
1180 1327 1259 1396 pro-

115 1434 206 1481 cessu
223 1410 430 1505 inquisitorio
446 1411 586 1498 dixerat,
604 1410 799 1480 confirmata
815 1409 921 1479 voluit
940 1410 1147 1481 Innocentius
1164 1412 1210 1481 ΙΙΙ
1224 1414 1258 1482 in

115 1518 252 1588 mucilio
265 1519 411 1610 generali
429 1519 507 1587 anni
524 1522 626 1605 1216,
644 1516 732 1610 quod
753 1517 875 1586 iudicat
894 1518 1142 1609 compescendus
1161 1520 1260 1588 fuisse

115 1631 229 1693 contro
253 1626 302 1694 rei
328 1625 506 1695 novitatem
528 1624 761 1695 oblocutiones.
784 1662 828 1676 -·
849 1624 1076 1716 Respondetur
1099 1653 1107 1693 :
1134 1627 1260 1695 etiamsi

116 1731 378 1801 unllaeorisutur
392 1732 624 1819 oblocutiones,
642 1737 746 1824 potest
766 1730 884 1823 uliquis
899 1731 1050 1801 Pontifex
1068 1732 1257 1803 decretalem

116 1836 272 1928 aliquam,
290 1838 326 1905 in
347 1838 483 1907 concilio
502 1835 659 1927 generali,
679 1835 721 1903 ad
739 1835 968 1903 solemniorem
991 1837 1094 1928 ipsius
1113 1838 1259 1930 publice·

116 1944 237 2012 tionem
252 1950 286 2013 et
299 1944 552 2035 nauigationem,
575 1940 801 2012 confirmatum
816 1942 916 2022 velle;
938 1942 1024 2011 unde
1043 1966 1083 2013 ex
1101 1946 1260 2036 ejusmodi

114 2051 200 2119 facto
210 2050 295 2119 nibil
308 2052 476 2145 probetur.

157 2161 404 2250 Arqumeotum
423 2160 579 2252 qrsintum
595 2185 606 2226 :
622 2161 656 2226 in
678 2158 782 2250 capite
801 2157 896 2226 unico
915 2160 956 2225 m
975 2159 1184 2229 ecclesiastiea
1207 2162 1259 2230 bc-

113 2266 231 2356 ueficic
254 2267 324 2335 sine
347 2266 427 2335 dien
453 2269 552 2357 cons,
577 2265 692 2334 debuit
715 2264 923 2334 innocentius
942 2264 986 2332 [ll
1007 2287 1100 2335 suam
1122 2268 1259 2360 inquisi-

115 2374 190 2442 torii
203 2395 375 2465 processus
387 2374 622 2443 institutionem
631 2380 743 2442 eontra
756 2371 1007 2440 mediolanensis
1017 2372 1259 2467 Archiepiscopi

114 2479 311 2571 objectiones
323 2481 441 2551 iterum
457 2480 642 2549 defendere.
660 2517 706 2529 -
725 2478 952 2569 Respondetur
968 2504 976 2547 ι
993 2479 1020 2545 si
1039 2480 1113 2571 quis
1131 2481 1260 2551 citatem

113 2588 308 2656 decretalem
324 2588 452 2677 legerit,
474 2587 597 2656 videbit
610 2586 657 2654 ibi
672 2588 727 2675 agi
741 2584 783 2653 de
798 2583 893 2653 velde
909 2586 1056 2654 intricate
1071 2586 1143 2667 lite;
1160 2614 1258 2681 quem

113 2694 325 2763 acutissimus
348 2694 500 2763 Pontifex
522 2693 616 2762 solitu
635 2692 809 2785 prudentia
828 2691 973 2779 dirimit3
1001 2716 1067 2763 uon
1089 2705 1196 2765 nutem
1217 2698 1259 2766 nd

112 2822 250 2891 scopum
265 2799 478 2869 aBubemero
493 2800 700 2892 suppositum
711 2820 784 2867 cem
800 2796 992 2866 decretalem
1010 2799 1122 2891 dirigi.

157 2908 235 2975 Non
251 2907 331 2976 alins
351 2930 412 2997 ego
431 2908 572 2976 rationes
594 2906 736 2997 reperire
754 2906 858 2997 potui,
880 2905 1002 2996 quibus
1019 2907 1260 2983 demonstretur

112 3015 323 3083 innocentius
346 3015 390 3082 lll
412 3013 627 3105 inquisitoris}
651 3013 766 3081 formae
794 3011 946 3081 inductor
968 3022 999 3081 et
1019 3036 1146 3105 parcns.
1174 3019 1258 3089 Cum

112 3145 195 3211 ergo
219 3144 267 3190 eae
293 3122 389 3212 plena
414 3122 447 3189 vi
470 3122 510 3189 nd
541 3120 747 3211 probandum
775 3118 896 3209 pollere
924 3142 988 3188 nou
1014 3121 1198 3213 videantur,
1223 3128 1258 3195 in

113 3230 236 3297 hancce
262 3230 370 3319 potius
392 3227 644 3312 conclusionem,
668 3226 759 3295 salvo
782 3226 963 3294 doctiorum
983 3227 1120 3317 judicio,
1145 3232 1259 3303 lubens

113 3354 260 3402 iverim:

162 3443 193 3506 l.
213 3439 437 3531 inquisitionis
456 3438 522 3526 vie,
546 3437 643 3507 etiem
664 3438 706 3505 nb
720 3437 1028 3528 nequeuntibus
1049 3439 1149 3510 fuisse
1170 3445 1259 3515 vide-

114 3560 190 3627 tur;
209 3556 278 3615 tum
288 3547 329 3615 iu
342 3545 448 3615 censis
468 3545 556 3631 fidei,
577 3554 648 3613 tum
663 3546 760 3614 etiem
775 3544 858 3613 forte
879 3546 912 3613 in
932 3546 1168 3618 visitationibus
1189 3555 1260 3643 epi·

10 3707 11 3746 ,
112 3654 314 3745 scopulibus,
339 3662 410 3723 tum
436 3653 570 3721 demum
593 3653 725 3743 quando
747 3650 870 3719 elamor
894 3652 1044 3743 publicus
1068 3654 1108 3724 de
1136 3670 1261 3748 patrato

10 3791 11 3802 ¹
113 3762 233 3831 delicto
247 3768 356 3829 tantm
371 3769 451 3847 eret,
464 3769 500 3828 ut
514 3782 583 3829 rem
594 3761 819 3829 notoriumaut
830 3760 923 3850 quusi
934 3762 1093 3831 notoriam
1106 3765 1254 3838 efficeret.

160 3873 193 3935 2.
210 3868 263 3937 Ab
278 3890 347 3936 uno
359 3867 487 3936 circiter
504 3877 579 3935 ante
601 3868 825 3935 innocentium
846 3867 890 3934 lll
906 3868 1039 3955 saeculo,
1059 3869 1260 3962 frequentior

112 3976 272 4067 paulatim
292 3983 437 4044 evaserat
456 3974 569 4046 eudem
585 3972 781 4064 procedendi
800 3973 917 4061 forme,
935 3984 967 4042 et
985 3975 1025 4043 ad
1043 3998 1139 4046 omne
1160 4004 1259 4070 gene-

112 4083 226 4151 raliter
249 4082 409 4151 delictum
438 4089 572 4152 extensa
598 4081 715 4165 fuerat,
749 4080 845 4149 modo
875 4083 1025 4150 notabilis
1053 4083 1093 4151 de
1123 4088 1258 4159 crimine

113 4190 333 4280 preessisssr
362 4187 551 4276 diffamatio,
583 4210 657 4279 quae
685 4188 878 4257 accusatoris
904 4187 1142 4279 quodammodo
1171 4194 1258 4266 vices

10 4299 11 4320 ¹
113 4305 236 4388 ageret.
