3050 4984
283 476 345 539 352
653 492 828 539 reserares
851 494 889 538 on
911 491 1046 537 ruorcus.

284 642 300 681 e
325 616 460 708 ideoque
471 615 570 683 intrat
584 636 734 683 recursus
750 614 802 681 vel
817 614 1004 706 appellatio.
1023 639 1039 677 o
1057 612 1204 681 Adnotat
1217 618 1334 703 postea
1343 607 1435 677 idem

280 732 402 807 auctor,
421 745 486 791 nou
501 721 622 790 intrare
631 722 767 812 precise
781 722 1057 813 Appellatiouem,
1074 720 1131 789 sed
1143 740 1318 788 recursum
1331 715 1436 785 dum-

280 837 386 914 taxat,
402 852 474 898 cum
490 828 670 921 Episcopus
682 830 795 919 vigore
806 829 922 919 eapitis
934 830 1021 897 Cum
1033 828 1202 895 honestius
1216 827 1264 917 (1,
1282 847 1364 892 sess.
1379 828 1433 909 rt,

281 936 426 1005 Trident.
443 936 586 1028 synodi),
600 936 704 1027 possit
719 958 761 1003 ex
776 935 953 1005 informata
966 935 1162 1004 conscientia
1171 932 1432 1015 ordinationem,

280 1044 375 1112 etiam
389 1047 531 1130 arctatis,
548 1041 721 1133 denegare.

322 1150 395 1219 Non
420 1151 566 1219 obstante
596 1158 703 1217 tamen
728 1149 902 1218 clarissimi
928 1149 1006 1234 viri,
1022 1159 1055 1217 et
1080 1136 1223 1217 aliorum
1251 1148 1315 1239 qui
1344 1145 1433 1214 idem

281 1265 451 1325 senserunt
476 1256 677 1341 auctoritate,
694 1263 848 1347 putamus
862 1256 997 1324 omniuo
1016 1253 1195 1323 tenendam
1210 1276 1283 1321 esse
1297 1253 1434 1322 conclu-

281 1363 404 1431 sionem
419 1370 576 1448 nostrum,
593 1384 711 1454 nempe
728 1388 735 1430 ε
752 1361 895 1430 recusari
911 1384 977 1431 non
994 1384 1099 1453 posse,
1117 1362 1216 1429 etiam
1237 1382 1308 1427 non
1322 1368 1433 1427 arcta-

282 1468 334 1553 tis,
351 1466 587 1535 ordinationem
602 1468 724 1557 absque
738 1467 825 1558 justa
834 1490 947 1547 causa;
965 1475 997 1535 et
1011 1490 1032 1534 a
1047 1466 1264 1557 denegatione
1274 1463 1431 1533 ordinum

282 1582 391 1665 patere
405 1596 533 1664 semper
547 1572 589 1641 ad
602 1573 724 1664 Papam
739 1596 919 1642 recursum.

327 1680 366 1747 Π.
384 1680 556 1747 Fimeotur
566 1680 677 1770 posite
690 1680 861 1748 conclusio.
877 1719 924 1732 -
937 1679 1076 1761 Quaado
1089 1680 1232 1769 quaestio
1246 1680 1337 1749 inter
1349 1679 1431 1747 doc-

282 1797 368 1856 tores
381 1795 600 1872 controversa,
619 1787 856 1855 interveniente
880 1787 975 1855 Sedis
989 1787 1184 1879 Apostolicae
1197 1787 1363 1856 decisione
1379 1785 1430 1853 vel

161 1894 163 1899 ’
280 1894 438 1964 constanti
451 1893 560 1962 Curiae
575 1894 731 1961 Romana
747 1894 854 1985 praxi,
872 1896 905 1961 in
928 1917 995 1962 uno
1009 1916 1108 1963 seusu
1122 1894 1186 1964 fuit
1199 1894 1322 1980 soluta,
1348 1915 1430 1960 con-

283 2001 439 2070 troversia
454 2023 515 2093 pro
532 2000 624 2068 finita
636 2002 784 2071 habenda
798 2011 858 2089 est,
876 2012 909 2069 et
921 2003 1095 2093 scriptores
1110 2002 1169 2093 qui
1177 2024 1313 2069 sensum
1328 2022 1429 2091 oppo-

282 2109 395 2195 situm,
425 2107 476 2175 vel
503 2116 597 2175 antea
620 2107 847 2194 defenderunt,
876 2109 928 2175 vel
950 2108 1049 2176 etiam
1078 2108 1242 2199 posterius
1273 2109 1425 2190 retinent,

283 2236 416 2305 prorsus
431 2211 600 2282 deserendi
619 2222 706 2282 sunt.
724 2216 826 2306 Atqui
840 2215 1005 2284 conclusio
1020 2224 1132 2285 nostra
1147 2215 1200 2284 his
1215 2215 1349 2283 duobus
1368 2215 1428 2281 riis

284 2319 495 2387 certaevasit.

325 2427 438 2493 Primo
452 2425 584 2517 quidem
601 2426 813 2495 intervenisse
827 2448 1015 2518 expressam
1031 2428 1231 2497 decisionem
1244 2428 1347 2495 refert
1361 2426 1427 2494 Fa-

282 2556 410 2624 gnauus
434 2532 494 2599 hoc
518 2531 638 2627 modo:
670 2558 687 2596 o
703 2534 786 2602 Cum
801 2533 879 2601 olim
906 2534 946 2602 de
962 2533 1024 2602 hoc
1039 2534 1109 2625 ipso
1132 2534 1319 2603 dubitatum
1348 2540 1427 2601 esset

287 2639 430 2731 «quoad
446 2638 620 2729 Episcopus
642 2640 781 2730 (nempe,
800 2662 846 2707 un
860 2640 912 2707 illi
938 2662 1036 2731 quem
1061 2642 1244 2732 Episcopus
1272 2640 1426 2709 ordinare

287 2772 305 2813 o
328 2758 467 2827 recuset,
482 2758 598 2835 pateat
614 2745 661 2814 ad
669 2745 789 2815 Sedem
804 2747 1024 2838 Apostolieum
1035 2749 1211 2835 recursus),
1225 2747 1329 2816 Sacra
1342 2747 1424 2816 Con·

287 2882 304 2919 o
327 2854 485 2943 gregatio,
513 2874 548 2920 re
562 2854 604 2921 ad
630 2852 827 2944 Gregorium
846 2854 922 2922 Xlll
944 2855 1060 2941 delata,
1088 2854 1191 2924 edidit
1212 2854 1422 2938 decisionem,

286 2987 304 3026 e
327 2982 402 3053 quae
425 2968 533 3051 postea
555 2970 711 3050 perpetuo
727 2961 868 3029 obtinuit
880 2962 916 3029 iu
930 2961 1067 3047 dataria,
1089 2960 1240 3029 videlicet
1259 2988 1266 3027 ε
1283 2960 1423 3051 quoties·

288 3089 468 3158 «cumque
483 3065 676 3136 Ordinarius
702 3072 899 3136 recusaverit
925 3090 1124 3160 quemquam
1153 3068 1319 3155 ordinare,
1338 3088 1423 3134 com·

288 3201 306 3240 «
330 3171 523 3241 mittendum
539 3196 608 3240 esse
633 3173 881 3265 Metropolitano
909 3175 961 3242 vel
977 3173 1126 3243 viciniori
1141 3173 1315 3264 Episcopo,
1333 3181 1369 3240 ut
1383 3172 1421 3239 ab

288 3308 305 3347 u
328 3280 440 3349 eodem
456 3278 628 3349 Ordinario
642 3280 734 3371 prius
749 3282 906 3373 requirat,
923 3304 983 3348 cur
1011 3280 1226 3360 recusaverit;
1254 3302 1322 3370 quo
1350 3300 1420 3346 con·

287 3414 305 3455 u
328 3410 397 3455 sam
425 3387 602 3475 legitimam
629 3410 693 3455 uon
709 3387 882 3478 allegante,
897 3389 991 3456 liceat
1007 3388 1055 3456 illi
1071 3386 1226 3455 eumdem
1242 3395 1418 3456 recusatum

288 3494 492 3563 «ordinare.
532 3520 548 3557 r>
589 3492 789 3584 (Fagnaous,
817 3495 852 3561 in
889 3519 960 3587 cap.
994 3494 1041 3562 cd
1076 3497 1190 3576 Aures,
1230 3493 1271 3561 de
1316 3496 1416 3582 Temp.

286 3602 406 3683 ordin„
434 3623 467 3668 n.
497 3599 565 3690 22.)
596 3600 755 3669 Notentur
780 3601 827 3670 ibi
856 3603 965 3688 verba,
997 3602 1263 3694 quotiescumque
1290 3599 1419 3668 ordioc-

284 3712 354 3780 rius
368 3706 561 3777 recusaverit
569 3731 582 3788 ,·
598 3718 707 3797 aperte
725 3709 813 3776 euim
838 3706 1009 3776 includunt
1024 3730 1135 3775 casum
1152 3706 1321 3795 denegata
1337 3704 1419 3774 ordi-

285 3817 439 3905 nationis,
455 3814 551 3881 etiam
568 3835 633 3881 non
649 3817 788 3882 arctatis.
807 3815 886 3883 Item
903 3824 1057 3884 notentur
1070 3814 1134 3881 alia
1146 3814 1217 3883 haec
1234 3814 1346 3899 verba,
1360 3835 1417 3903 quo

286 3946 421 3994 causam
456 3920 639 4011 lepitimum
673 3942 738 3988 nun
776 3922 950 4013 ellepuute,
988 3944 1064 4012 quae
1101 3921 1185 3988 clare
1224 3925 1416 4010 supponunt,

286 4034 407 4123 absque
422 4028 570 4119 legitima
593 4048 693 4094 causa
718 4050 784 4095 non
800 4051 893 4118 posse
915 4050 1059 4119 unquam
1074 4026 1312 4095 ordinationem
1327 4025 1417 4092 dene-

288 4161 371 4229 gan.

332 4246 378 4313 De
393 4246 547 4336 praedicta
561 4244 669 4313 Sacrae
682 4243 950 4334 Congregationis
965 4241 1126 4310 decisione
1141 4263 1161 4308 a
1174 4239 1334 4329 Gregorio
1348 4236 1415 4304 Xlss
