3050 4984
287 484 327 548 il
662 499 838 549 rmcrsrus
859 501 899 546 aa
919 499 1053 548 amicus.

287 624 406 693 scilicet
426 623 482 693 via
500 623 632 716 procedi
653 623 912 709 existimabatur,
935 620 1067 714 quando
1091 620 1300 690 denuntiator
1320 622 1433 692 inten-

285 733 380 801 debat
394 741 424 801 et
438 733 565 824 petebat
577 731 805 800 correctionem
819 729 1025 799 solummodo
1039 750 1097 797 seu
1108 728 1333 820 punitentiam
1352 728 1430 799 Rei.

286 841 327 908 Et
351 839 423 909 ideo
448 840 670 932 opponebatur
692 837 887 907 accusationi
910 836 1018 928 (atque
1035 835 1131 903 etiam
1156 834 1360 927 inquisitioni
1381 845 1433 923 ut,

285 947 371 1015 inira
382 946 587 1037 ostenditur),
605 946 682 1038 quia
696 947 769 1013 istra
784 944 825 1015 ad
835 966 973 1037 poenom
991 965 1047 1011 seu
1068 941 1243 1012 vindictam
1266 941 1435 1034 publicam

284 1055 512 1124 instituuntur.
532 1055 616 1123 Hinc
628 1054 658 1121 si
671 1052 803 1144 quando
815 1051 1021 1120 denuntiator
1034 1072 1165 1142 poenam
1180 1071 1239 1118 seu
1253 1049 1434 1119 vindictam

285 1161 447 1254 publicam
459 1161 648 1254 postularet,
665 1167 696 1227 et
714 1159 818 1252 judex
839 1159 880 1226 ad
900 1157 974 1226 talis
991 1156 1226 1226 denuntiatoris
1247 1156 1436 1225 instantiam

284 1269 474 1362 inquireret,
491 1268 524 1336 id
539 1290 604 1336 non
620 1277 690 1336 erat
701 1289 760 1336 nec
775 1267 941 1336 dicebatur
957 1264 1213 1334 denuntiationis
1222 1265 1292 1346 uic}
1302 1264 1359 1333 sed
1370 1265 1437 1333 cire

284 1373 504 1468 inquisitionis
528 1395 646 1443 nomen
666 1372 843 1452 retinebat;
867 1374 913 1441 ita
934 1380 971 1441 ut
988 1371 1112 1464 praevia
1135 1371 1272 1440 inlamia
1293 1393 1368 1464 quas
1391 1370 1436 1439 ad

285 1505 469 1574 processum
495 1481 737 1572 inquisitorium
760 1479 1000 1572 requirebatur,
1028 1478 1207 1548 necessaria
1233 1487 1436 1566 censeretur,

285 1589 354 1657 sive
368 1587 471 1680 judex
493 1611 534 1656 ex
560 1609 649 1656 mero
672 1587 790 1672 officio,
814 1586 884 1654 siva
908 1584 949 1654 ad
971 1585 1161 1654 instantiam
1182 1583 1435 1672 denuntiatoris,

284 1717 414 1786 poenam
430 1695 471 1784 (et
485 1717 551 1764 non
567 1693 797 1764 correctionem
812 1692 994 1783 dumtaxat}
1018 1691 1214 1783 postulantis
1232 1690 1435 1782 procederet.

284 1802 372 1891 Ergo
389 1823 502 1869 revera
516 1801 579 1869 alia
593 1808 661 1869 erat
676 1801 878 1869 denuntiatio
892 1800 934 1868 ad
948 1799 1176 1868 correctionem
1195 1821 1252 1867 seu
1271 1800 1440 1890 poeniten-

288 1908 378 1996 tiam,
393 1915 425 1974 et
441 1907 504 1975 alia
517 1908 722 1977 denuntiatio
738 1907 779 1975 ad
789 1930 942 1998 poenom.

333 2019 367 2082 2⁰
390 2013 481 2083 Idem
503 2016 574 2084 arui
598 2023 702 2108 potest
729 2038 769 2083 ex
801 2014 905 2106 capite
932 2015 1019 2082 Cum
1044 2027 1193 2106 oporteat
1224 2016 1293 2107 (19,
1316 2015 1365 2083 tit.
1402 2018 1436 2100 l,

286 2122 344 2191 lib.
364 2122 537 2212 5Decret.)
557 2150 564 2190 ι
586 2123 834 2193 «Venientibus
845 2120 886 2189 ad
902 2120 1122 2212 Apostolicam
1143 2121 1259 2190 sedem
1280 2122 1320 2191 G.
1343 2131 1374 2190 et
1389 2122 1437 2204 fl,

291 2255 308 2294 a
331 2229 496 2297 canonicis
514 2229 807 2316 Vincennensibus,
821 2236 854 2296 et
868 2227 970 2295 multa
990 2227 1137 2296 enormia
1154 2235 1267 2298 contra
1286 2229 1439 2299 Vincen-

290 2362 308 2400 n
332 2342 464 2403 oensem
479 2336 675 2428 Episcopum
692 2335 948 2428 proponentibus
961 2349 1070 2404 coram
1084 2335 1187 2405 Nobis
1204 2387 1257 2422 ...,
1276 2335 1441 2404 vobisin-

292 2443 540 2535 aquisitionem
564 2444 695 2512 illorum
724 2443 881 2512 duximus
910 2442 1215 2511 committendam...
1241 2443 1439 2512 Discretioni

291 2575 308 2613 c
333 2557 447 2618 vestras
464 2550 669 2635 mandamus,
683 2551 784 2641 quod,
801 2550 864 2618 nisi
881 2571 979 2641 super
1000 2546 1165 2640 predictis
1187 2549 1308 2618 faniam
1332 2549 1440 2640 ipsius

289 2686 307 2724 a
330 2658 441 2726 laesam
464 2680 533 2725 esse
546 2657 714 2742 noveritis,
730 2680 789 2725 vos
804 2656 845 2724 ad
859 2657 1105 2749 inquisitionem
1131 2657 1264 2726 illorum
1285 2681 1352 2726 non
1375 2681 1441 2726 su-

292 2791 308 2830 «
330 2765 398 2833 bito
412 2764 602 2856 procedatis.
622 2789 638 2828 a
658 2765 780 2834 Contra
804 2763 1030 2832 denuntiatum
1055 2763 1143 2832 bunc
1161 2765 1357 2857 Episcopum
1382 2788 1440 2834 ac·

288 2880 357 2940 tum
373 2872 471 2940 fuisse
485 2871 688 2963 adpoennm,
707 2882 739 2940 et
761 2894 827 2939 nou
848 2872 888 2939 ad
915 2864 1147 2941 correctionem
1170 2882 1338 2963 paternam
1358 2882 1439 2942 tau-

292 2989 374 3066 tum,
387 2987 474 3048 totus
487 2986 657 3050 contextus
679 2981 756 3049 satis
781 2980 912 3049 indicat.
935 2981 976 3048 Et
999 2988 1107 3048 umen
1127 2979 1359 3071 procedebatur
1379 3004 1442 3071 per

290 3088 533 3178 inquisitionem
561 3097 592 3154 et
618 3088 658 3156 ad
682 3087 869 3155 instantiam
900 3087 1178 3155 denuntiatorum.
1211 3086 1297 3175 Ergo
1323 3109 1444 3155 revera

289 3193 491 3263 denuntiatio
504 3194 545 3262 ad
560 3195 798 3277 revectionem,
819 3216 885 3284 qua
908 3193 1113 3284 aperiebatur
1136 3193 1191 3260 oio
1212 3192 1444 3262 denuntiatio-

294 3301 355 3383 nis,
374 3301 502 3369 diversa
513 3309 581 3369 erat
596 3300 870 3369 adenuntiatione
882 3298 1082 3392 odpoenom,
1097 3323 1163 3392 qua
1170 3300 1375 3390 aperiebatur
1384 3301 1444 3369 oin

295 3407 523 3500 inquisitionis.

341 3519 374 3581 3ο
394 3516 483 3583 ldem
503 3523 625 3584 constat
649 3537 689 3583 ex
713 3513 831 3582 celebri
852 3515 955 3607 capite
984 3513 1132 3598 Qualiter
1155 3526 1187 3583 et
1210 3513 1342 3605 quando
1369 3515 1444 3606 (24,

296 3622 344 3688 tit.
368 3626 397 3709 l,
413 3621 470 3690 lib.
491 3627 507 3689 5
524 3622 679 3712 Decretl,
696 3623 731 3690 in
747 3645 813 3714 quo
825 3622 873 3690 sic
892 3621 1101 3690 Innocentius
1120 3621 1190 3689 lll:
1221 3647 1239 3687 u
1261 3620 1315 3688 Ad
1334 3623 1447 3691 corri-

298 3753 315 3792 α
337 3728 462 3818 gendos
482 3728 588 3821 itaque
615 3729 820 3798 subditorum
842 3751 994 3797 excessus
1019 3737 1107 3797 tanto
1134 3727 1324 3818 diligentius
1347 3727 1448 3798 debet

301 3862 318 3902 a
341 3835 502 3904 Praelatus
516 3859 698 3926 assurgere,
714 3845 837 3928 quanto
851 3835 1068 3906 damnabilius
1092 3859 1206 3907 eorum
1222 3836 1360 3905 offensas
1380 3837 1446 3906 de·
1507 3924 1508 3931 ἵ

300 3970 317 4008 a
341 3951 463 4012 sereret
484 3944 688 4012 incorrectae.
717 3945 839 4013 Contra
859 3967 954 4036 quos,
978 3950 1016 4012 ut
1039 3943 1078 4012 de
1102 3943 1236 4013 notoriis
1257 3943 1450 4013 excessibus

299 4077 316 4116 a
339 4060 494 4138 taceatur,
511 4051 571 4118 etsi
589 4049 693 4120 tribus
707 4051 813 4120 modis
835 4051 935 4144 possit
958 4050 1100 4143 procedi,
1126 4073 1185 4143 per
1207 4051 1451 4120 sarmationem

301 4183 318 4222 a
341 4157 503 4244 videlicet,
518 4157 807 4248 denuntiationem,
824 4167 856 4226 et
870 4158 1116 4250 inquisitionem
1138 4159 1306 4250 ipsorum3
1331 4169 1368 4227 ut
1392 4173 1450 4227 ta-

302 4290 318 4332 u
344 4287 417 4336 men
434 4267 469 4338 in
483 4266 634 4341 ornuibus
648 4264 786 4364 diligens
800 4265 993 4336 adhibeatur
1008 4265 1144 4357 canule,
1165 4267 1249 4337 sicut
1266 4267 1452 4338 aoeusuio-
1507 4324 1508 4335 .
