<?xml version="1.0" encoding="UTF-8"?>
<!DOCTYPE html PUBLIC "-//W3C//DTD XHTML 1.0 Transitional//EN"
    "http://www.w3.org/TR/xhtml1/DTD/xhtml1-transitional.dtd">
<html xmlns="http://www.w3.org/1999/xhtml" xml:lang="en" lang="en">
 <head>
  <title>
</title>
<meta http-equiv="Content-Type" content="text/html;charset=utf-8" />
  <meta name='ocr-system' content='tesseract 3.04.00' />
  <meta name='ocr-capabilities' content='ocr_page ocr_carea ocr_par ocr_line ocrx_word'/>
</head>
<body>
  <div class='ocr_page' id='page_1' title='image "./tractatusdejudi00goog_0473.png"; bbox 0 0 3050 4984; ppageno 0'>
   <div class='ocr_carea' id='block_1_1' title="bbox 545 463 1231 530">
    <p class='ocr_par' dir='ltr' id='par_1_1' title="bbox 545 463 1231 530">
     <span class='ocr_line' id='line_1_1' title="bbox 545 463 1231 530; baseline -0.004 -1"><span class='ocrx_word' id='word_1_1' title='bbox 545 483 618 530; x_wconf 76' lang='lat' dir='ltr'><strong>eras</strong></span> <span class='ocrx_word' id='word_1_2' title='bbox 641 482 784 528; x_wconf 73' lang='lat' dir='ltr'><strong>sumna.</strong></span> <span class='ocrx_word' id='word_1_3' title='bbox 1170 463 1231 528; x_wconf 75' lang='lat'><strong>465</strong></span> 
     </span>
    </p>
   </div>
   <div class='ocr_carea' id='block_1_2' title="bbox 94 603 1332 4216">
    <p class='ocr_par' dir='ltr' id='par_1_2' title="bbox 101 603 1234 1120">
     <span class='ocr_line' id='line_1_2' title="bbox 103 603 1234 696; baseline 0.001 -27"><span class='ocrx_word' id='word_1_4' title='bbox 103 629 119 668; x_wconf 89' lang='lat'>«</span> <span class='ocrx_word' id='word_1_5' title='bbox 143 604 203 671; x_wconf 86' lang='lat' dir='ltr'><strong>trio</strong></span> <span class='ocrx_word' id='word_1_6' title='bbox 216 603 396 694; x_wconf 84' lang='lat' dir='ltr'><strong>regulatoa</strong></span> <span class='ocrx_word' id='word_1_7' title='bbox 412 603 566 696; x_wconf 87' lang='lat' dir='ltr'><strong>qualitate</strong></span> <span class='ocrx_word' id='word_1_8' title='bbox 580 625 738 696; x_wconf 76' lang='lat' dir='ltr'><strong>personae,</strong></span> <span class='ocrx_word' id='word_1_9' title='bbox 757 603 967 672; x_wconf 88' lang='lat' dir='ltr'><strong>diuturnitate</strong></span> <span class='ocrx_word' id='word_1_10' title='bbox 987 603 1185 694; x_wconf 76' lang='lat' dir='ltr'><strong>vagationis,</strong></span> <span class='ocrx_word' id='word_1_11' title='bbox 1202 611 1234 670; x_wconf 94' lang='lat' dir='ltr'><strong>et</strong></span> 
     </span>
     <span class='ocr_line' id='line_1_3' title="bbox 102 710 1234 800; baseline 0.003 -25"><span class='ocrx_word' id='word_1_12' title='bbox 102 736 120 774; x_wconf 80' lang='lat' dir='ltr'><strong>c</strong></span> <span class='ocrx_word' id='word_1_13' title='bbox 141 711 212 778; x_wconf 90' lang='lat' dir='ltr'><strong>aliis</strong></span> <span class='ocrx_word' id='word_1_14' title='bbox 227 710 302 779; x_wconf 86' lang='lat' dir='ltr'><strong>laeti</strong></span> <span class='ocrx_word' id='word_1_15' title='bbox 327 711 590 796; x_wconf 76' lang='lat' dir='ltr'><strong>circumstantiis,</strong></span> <span class='ocrx_word' id='word_1_16' title='bbox 613 711 665 778; x_wconf 86' lang='lat' dir='ltr'><strong>vel</strong></span> <span class='ocrx_word' id='word_1_17' title='bbox 686 710 851 800; x_wconf 79' lang='lat' dir='ltr'><strong>indulget,</strong></span> <span class='ocrx_word' id='word_1_18' title='bbox 872 710 922 777; x_wconf 87' lang='lat' dir='ltr'><strong>vel</strong></span> <span class='ocrx_word' id='word_1_19' title='bbox 943 711 1091 800; x_wconf 88' lang='lat' dir='ltr'><strong>denegat,</strong></span> <span class='ocrx_word' id='word_1_20' title='bbox 1113 710 1165 779; x_wconf 85' lang='lat' dir='ltr'><strong>vel</strong></span> <span class='ocrx_word' id='word_1_21' title='bbox 1181 732 1234 779; x_wconf 89' lang='lat' dir='ltr'><strong>re-</strong></span> 
     </span>
     <span class='ocr_line' id='line_1_4' title="bbox 102 817 1234 910; baseline 0.004 -29"><span class='ocrx_word' id='word_1_22' title='bbox 102 843 118 881; x_wconf 78' lang='lat' dir='ltr'><strong>a</strong></span> <span class='ocrx_word' id='word_1_23' title='bbox 141 818 251 887; x_wconf 88' lang='lat' dir='ltr'><strong>scribit</strong></span> <span class='ocrx_word' id='word_1_24' title='bbox 268 819 356 910; x_wconf 81' lang='lat' dir='ltr'><strong>quod</strong></span> <span class='ocrx_word' id='word_1_25' title='bbox 376 819 513 910; x_wconf 79' lang='lat' dir='ltr'>probent</span> <span class='ocrx_word' id='word_1_26' title='bbox 536 827 655 886; x_wconf 88' lang='lat' dir='ltr'><strong>etatum</strong></span> <span class='ocrx_word' id='word_1_27' title='bbox 674 818 814 886; x_wconf 89' lang='lat' dir='ltr'><strong>liberum</strong></span> <span class='ocrx_word' id='word_1_28' title='bbox 839 840 877 886; x_wconf 93' lang='lat' dir='ltr'><strong>eo</strong></span> <span class='ocrx_word' id='word_1_29' title='bbox 901 817 997 886; x_wconf 92' lang='lat' dir='ltr'><strong>modo</strong></span> <span class='ocrx_word' id='word_1_30' title='bbox 1021 839 1086 909; x_wconf 92' lang='lat' dir='ltr'><strong>quo</strong></span> <span class='ocrx_word' id='word_1_31' title='bbox 1108 817 1234 886; x_wconf 86' lang='lat' dir='ltr'><strong>meliori</strong></span> 
     </span>
     <span class='ocr_line' id='line_1_5' title="bbox 102 923 1232 1016; baseline 0 -24"><span class='ocrx_word' id='word_1_32' title='bbox 102 950 119 986; x_wconf 82' lang='lat' dir='ltr'><strong>s</strong></span> <span class='ocrx_word' id='word_1_33' title='bbox 142 932 242 1014; x_wconf 91' lang='lat' dir='ltr'><strong>potest</strong></span> <span class='ocrx_word' id='word_1_34' title='bbox 263 924 403 1016; x_wconf 87' lang='lat' dir='ltr'><strong>probari.</strong></span> <span class='ocrx_word' id='word_1_35' title='bbox 427 952 444 990; x_wconf 79' lang='lat' dir='ltr'><strong>s</strong></span> <span class='ocrx_word' id='word_1_36' title='bbox 468 925 576 1012; x_wconf 86' lang='lat' dir='ltr'><strong>(Parte</strong></span> <span class='ocrx_word' id='word_1_37' title='bbox 599 928 630 1010; x_wconf 91' lang='lat' dir='ltr'><strong>l,</strong></span> <span class='ocrx_word' id='word_1_38' title='bbox 651 925 745 993; x_wconf 89' lang='lat' dir='ltr'><strong>titulo</strong></span> <span class='ocrx_word' id='word_1_39' title='bbox 762 928 794 1011; x_wconf 89' lang='lat'><strong>8,</strong></span> <span class='ocrx_word' id='word_1_40' title='bbox 814 923 956 994; x_wconf 82' lang='lat' dir='ltr'><strong>formula</strong></span> <span class='ocrx_word' id='word_1_41' title='bbox 978 926 1008 1009; x_wconf 90' lang='lat'><strong>1,</strong></span> <span class='ocrx_word' id='word_1_42' title='bbox 1032 923 1195 992; x_wconf 88' lang='lat' dir='ltr'><strong>adnotatio</strong></span> <span class='ocrx_word' id='word_1_43' title='bbox 1215 928 1232 992; x_wconf 86' lang='grc'>3</span> 
     </span>
     <span class='ocr_line' id='line_1_6' title="bbox 101 1030 193 1120; baseline 0.011 -24"><span class='ocrx_word' id='word_1_44' title='bbox 101 1030 193 1120; x_wconf 83' lang='lat' dir='ltr'><strong>etl.)</strong></span> 
     </span>
    </p>

    <p class='ocr_par' dir='ltr' id='par_1_3' title="bbox 96 1137 1332 2082">
     <span class='ocr_line' id='line_1_7' title="bbox 143 1137 1236 1230; baseline -0.001 -24"><span class='ocrx_word' id='word_1_45' title='bbox 143 1138 288 1208; x_wconf 82' lang='lat' dir='ltr'><strong>Puncrnrr</strong></span> <span class='ocrx_word' id='word_1_46' title='bbox 310 1140 367 1207; x_wconf 85' lang='lat'>111.</span> <span class='ocrx_word' id='word_1_47' title='bbox 388 1179 433 1194; x_wconf 91' lang='lat'><em>-</em></span> <span class='ocrx_word' id='word_1_48' title='bbox 455 1143 506 1208; x_wconf 77' lang='lat' dir='ltr'><strong>Aa</strong></span> <span class='ocrx_word' id='word_1_49' title='bbox 533 1152 564 1207; x_wconf 85' lang='lat' dir='ltr'><strong>et</strong></span> <span class='ocrx_word' id='word_1_50' title='bbox 593 1151 754 1230; x_wconf 81' lang='lat' dir='ltr'><strong>quotenus</strong></span> <span class='ocrx_word' id='word_1_51' title='bbox 780 1137 962 1229; x_wconf 75' lang='lat' dir='ltr'><strong>sepositum</strong></span> <span class='ocrx_word' id='word_1_52' title='bbox 980 1137 1041 1228; x_wconf 84' lang='lat' dir='ltr'><strong>jus</strong></span> <span class='ocrx_word' id='word_1_53' title='bbox 1066 1159 1236 1206; x_wconf 80' lang='lat' dir='ltr'><strong>commune</strong></span> 
     </span>
     <span class='ocr_line' id='line_1_8' title="bbox 99 1243 1235 1335; baseline 0.001 -23"><span class='ocrx_word' id='word_1_54' title='bbox 99 1243 274 1312; x_wconf 78' lang='lat' dir='ltr'><strong>hodiedum</strong></span> <span class='ocrx_word' id='word_1_55' title='bbox 296 1246 403 1335; x_wconf 75' lang='lat' dir='ltr'><strong>oiqere</strong></span> <span class='ocrx_word' id='word_1_56' title='bbox 424 1243 618 1314; x_wconf 74' lang='lat' dir='ltr'><strong>comendam</strong></span> <span class='ocrx_word' id='word_1_57' title='bbox 638 1246 701 1312; x_wconf 82' lang='lat' dir='ltr'><strong>sit?</strong></span> <span class='ocrx_word' id='word_1_58' title='bbox 714 1283 759 1298; x_wconf 90' lang='lat'><strong>--</strong></span> <span class='ocrx_word' id='word_1_59' title='bbox 774 1245 800 1312; x_wconf 89' lang='lat' dir='ltr'><strong>l.</strong></span> <span class='ocrx_word' id='word_1_60' title='bbox 823 1245 956 1314; x_wconf 84' lang='lat' dir='ltr'><strong>Certum</strong></span> <span class='ocrx_word' id='word_1_61' title='bbox 976 1253 1024 1312; x_wconf 87' lang='lat' dir='ltr'><strong>est</strong></span> <span class='ocrx_word' id='word_1_62' title='bbox 1043 1266 1109 1313; x_wconf 92' lang='lat' dir='ltr'><strong>nou</strong></span> <span class='ocrx_word' id='word_1_63' title='bbox 1125 1247 1235 1335; x_wconf 87' lang='lat' dir='ltr'><strong>vigere</strong></span> 
     </span>
     <span class='ocr_line' id='line_1_9' title="bbox 100 1351 1236 1444; baseline 0.002 -25"><span class='ocrx_word' id='word_1_64' title='bbox 100 1352 193 1420; x_wconf 91' lang='lat' dir='ltr'><strong>bodie</strong></span> <span class='ocrx_word' id='word_1_65' title='bbox 211 1375 266 1421; x_wconf 88' lang='lat' dir='ltr'><strong>eus</strong></span> <span class='ocrx_word' id='word_1_66' title='bbox 284 1353 429 1444; x_wconf 81' lang='lat' dir='ltr'><strong>praelatae</strong></span> <span class='ocrx_word' id='word_1_67' title='bbox 444 1353 666 1421; x_wconf 79' lang='lat' dir='ltr'><strong>instructionis</strong></span> <span class='ocrx_word' id='word_1_68' title='bbox 679 1351 916 1443; x_wconf 89' lang='lat' dir='ltr'><strong>dispositiones,</strong></span> <span class='ocrx_word' id='word_1_69' title='bbox 932 1372 1071 1442; x_wconf 91' lang='lat' dir='ltr'><strong>quarum</strong></span> <span class='ocrx_word' id='word_1_70' title='bbox 1088 1353 1236 1422; x_wconf 86' lang='lat' dir='ltr'><strong>executio</strong></span> 
     </span>
     <span class='ocr_line' id='line_1_10' title="bbox 97 1456 1236 1550; baseline 0.001 -25"><span class='ocrx_word' id='word_1_71' title='bbox 97 1458 198 1526; x_wconf 78' lang='lat' dir='ltr'><strong>evasit</strong></span> <span class='ocrx_word' id='word_1_72' title='bbox 213 1458 433 1550; x_wconf 87' lang='lat' dir='ltr'><strong>impossibilis.</strong></span> <span class='ocrx_word' id='word_1_73' title='bbox 450 1459 552 1527; x_wconf 90' lang='lat' dir='ltr'><strong>Porro</strong></span> <span class='ocrx_word' id='word_1_74' title='bbox 568 1479 683 1527; x_wconf 86' lang='lat' dir='ltr'><strong>revera</strong></span> <span class='ocrx_word' id='word_1_75' title='bbox 696 1456 792 1526; x_wconf 91' lang='lat' dir='ltr'><strong>bodie</strong></span> <span class='ocrx_word' id='word_1_76' title='bbox 807 1457 842 1524; x_wconf 91' lang='lat' dir='ltr'><strong>in</strong></span> <span class='ocrx_word' id='word_1_77' title='bbox 865 1456 978 1526; x_wconf 89' lang='lat' dir='ltr'><strong>multis</strong></span> <span class='ocrx_word' id='word_1_78' title='bbox 992 1457 1179 1546; x_wconf 82' lang='lat' dir='ltr'><strong>regionibus</strong></span> <span class='ocrx_word' id='word_1_79' title='bbox 1194 1459 1236 1526; x_wconf 90' lang='lat' dir='ltr'><strong>ad</strong></span> 
     </span>
     <span class='ocr_line' id='line_1_11' title="bbox 97 1563 1235 1655; baseline 0.001 -24"><span class='ocrx_word' id='word_1_80' title='bbox 97 1566 318 1634; x_wconf 87' lang='lat' dir='ltr'><strong>executionem</strong></span> <span class='ocrx_word' id='word_1_81' title='bbox 341 1565 457 1634; x_wconf 90' lang='lat' dir='ltr'><strong>deduci</strong></span> <span class='ocrx_word' id='word_1_82' title='bbox 478 1564 590 1655; x_wconf 84' lang='lat' dir='ltr'><strong>nequit</strong></span> <span class='ocrx_word' id='word_1_83' title='bbox 608 1564 798 1632; x_wconf 88' lang='lat' dir='ltr'><strong>auctoritate</strong></span> <span class='ocrx_word' id='word_1_84' title='bbox 819 1563 1030 1632; x_wconf 85' lang='lat' dir='ltr'><strong>ecclesiastica</strong></span> <span class='ocrx_word' id='word_1_85' title='bbox 1051 1564 1235 1633; x_wconf 87' lang='lat' dir='ltr'><strong>triremium</strong></span> 
     </span>
     <span class='ocr_line' id='line_1_12' title="bbox 98 1669 1237 1764; baseline 0.002 -26"><span class='ocrx_word' id='word_1_86' title='bbox 98 1670 359 1760; x_wconf 80' lang='lat' dir='ltr'><strong>lustigationisve</strong></span> <span class='ocrx_word' id='word_1_87' title='bbox 382 1694 493 1764; x_wconf 85' lang='lat' dir='ltr'><strong>pmua,</strong></span> <span class='ocrx_word' id='word_1_88' title='bbox 519 1694 594 1762; x_wconf 84' lang='lat' dir='ltr'><strong>quae</strong></span> <span class='ocrx_word' id='word_1_89' title='bbox 616 1671 651 1738; x_wconf 91' lang='lat' dir='ltr'><strong>in</strong></span> <span class='ocrx_word' id='word_1_90' title='bbox 674 1670 760 1738; x_wconf 91' lang='lat' dir='ltr'><strong>dicta</strong></span> <span class='ocrx_word' id='word_1_91' title='bbox 780 1671 881 1738; x_wconf 91' lang='lat' dir='ltr'><strong>sancti</strong></span> <span class='ocrx_word' id='word_1_92' title='bbox 903 1669 1001 1738; x_wconf 91' lang='lat' dir='ltr'><strong>officii</strong></span> <span class='ocrx_word' id='word_1_93' title='bbox 1028 1672 1237 1740; x_wconf 87' lang='lat' dir='ltr'><strong>instructione</strong></span> 
     </span>
     <span class='ocr_line' id='line_1_13' title="bbox 98 1776 1235 1870; baseline 0 -24"><span class='ocrx_word' id='word_1_94' title='bbox 98 1779 324 1847; x_wconf 85' lang='lat' dir='ltr'><strong>comminanda</strong></span> <span class='ocrx_word' id='word_1_95' title='bbox 340 1779 527 1870; x_wconf 78' lang='lat' dir='ltr'><strong>praecipitur</strong></span> <span class='ocrx_word' id='word_1_96' title='bbox 550 1777 601 1862; x_wconf 93' lang='lat' dir='ltr'><strong>iis,</strong></span> <span class='ocrx_word' id='word_1_97' title='bbox 619 1778 676 1868; x_wconf 92' lang='lat' dir='ltr'><strong>qui</strong></span> <span class='ocrx_word' id='word_1_98' title='bbox 694 1776 734 1844; x_wconf 92' lang='lat' dir='ltr'><strong>de</strong></span> <span class='ocrx_word' id='word_1_99' title='bbox 753 1784 838 1844; x_wconf 87' lang='lat' dir='ltr'><strong>statu</strong></span> <span class='ocrx_word' id='word_1_100' title='bbox 858 1776 959 1847; x_wconf 87' lang='lat' dir='ltr'><strong>libero</strong></span> <span class='ocrx_word' id='word_1_101' title='bbox 977 1776 1165 1846; x_wconf 79' lang='lat' dir='ltr'><strong>contrahere</strong></span> <span class='ocrx_word' id='word_1_102' title='bbox 1179 1801 1235 1847; x_wconf 91' lang='lat' dir='ltr'><strong>vo-</strong></span> 
     </span>
     <span class='ocr_line' id='line_1_14' title="bbox 96 1880 1332 1976; baseline 0 -25"><span class='ocrx_word' id='word_1_103' title='bbox 96 1883 231 1952; x_wconf 88' lang='lat' dir='ltr'><strong>lentium</strong></span> <span class='ocrx_word' id='word_1_104' title='bbox 252 1882 370 1952; x_wconf 85' lang='lat' dir='ltr'><strong>falsum</strong></span> <span class='ocrx_word' id='word_1_105' title='bbox 391 1884 599 1976; x_wconf 88' lang='lat' dir='ltr'><strong>deponerent.</strong></span> <span class='ocrx_word' id='word_1_106' title='bbox 621 1880 717 1952; x_wconf 86' lang='lat' dir='ltr'><strong>Unde</strong></span> <span class='ocrx_word' id='word_1_107' title='bbox 736 1883 772 1950; x_wconf 91' lang='lat' dir='ltr'><strong>in</strong></span> <span class='ocrx_word' id='word_1_108' title='bbox 791 1882 833 1950; x_wconf 87' lang='lat' dir='ltr'><strong>iis</strong></span> <span class='ocrx_word' id='word_1_109' title='bbox 852 1883 1039 1972; x_wconf 88' lang='lat' dir='ltr'><strong>regionibus</strong></span> <span class='ocrx_word' id='word_1_110' title='bbox 1060 1884 1239 1953; x_wconf 88' lang='lat' dir='ltr'><strong>omittenda</strong></span> <span class='ocrx_word' id='word_1_111' title='bbox 1329 1963 1332 1968; x_wconf 63' lang='lat'><strong>,</strong></span> 
     </span>
     <span class='ocr_line' id='line_1_15' title="bbox 97 1991 557 2082; baseline 0.002 -25"><span class='ocrx_word' id='word_1_112' title='bbox 97 2000 145 2057; x_wconf 89' lang='lat' dir='ltr'><strong>est</strong></span> <span class='ocrx_word' id='word_1_113' title='bbox 158 1991 320 2082; x_wconf 88' lang='lat' dir='ltr'><strong>ejusmodi</strong></span> <span class='ocrx_word' id='word_1_114' title='bbox 333 1991 557 2059; x_wconf 90' lang='lat' dir='ltr'><strong>comminatio.</strong></span> 
     </span>
    </p>

    <p class='ocr_par' dir='ltr' id='par_1_4' title="bbox 96 2095 1239 2723">
     <span class='ocr_line' id='line_1_16' title="bbox 142 2095 1239 2188; baseline 0.002 -24"><span class='ocrx_word' id='word_1_115' title='bbox 142 2097 183 2166; x_wconf 88' lang='lat' dir='ltr'><strong>ll.</strong></span> <span class='ocrx_word' id='word_1_116' title='bbox 206 2098 341 2166; x_wconf 80' lang='lat' dir='ltr'><strong>Cmteroe</strong></span> <span class='ocrx_word' id='word_1_117' title='bbox 366 2097 484 2166; x_wconf 87' lang='lat' dir='ltr'><strong>decreti</strong></span> <span class='ocrx_word' id='word_1_118' title='bbox 505 2097 733 2188; x_wconf 90' lang='lat' dir='ltr'><strong>dispositiones</strong></span> <span class='ocrx_word' id='word_1_119' title='bbox 756 2118 824 2165; x_wconf 91' lang='lat' dir='ltr'><strong>uon</strong></span> <span class='ocrx_word' id='word_1_120' title='bbox 848 2095 1017 2166; x_wconf 76' lang='lat' dir='ltr'><strong>censendae</strong></span> <span class='ocrx_word' id='word_1_121' title='bbox 1039 2107 1115 2167; x_wconf 88' lang='lat' dir='ltr'><strong>sunt</strong></span> <span class='ocrx_word' id='word_1_122' title='bbox 1138 2098 1239 2167; x_wconf 89' lang='lat' dir='ltr'><strong>abro-</strong></span> 
     </span>
     <span class='ocr_line' id='line_1_17' title="bbox 96 2205 1236 2296; baseline 0.003 -25"><span class='ocrx_word' id='word_1_123' title='bbox 96 2211 181 2292; x_wconf 78' lang='lat' dir='ltr'><strong>gatae</strong></span> <span class='ocrx_word' id='word_1_124' title='bbox 212 2227 271 2296; x_wconf 91' lang='lat' dir='ltr'><strong>per</strong></span> <span class='ocrx_word' id='word_1_125' title='bbox 299 2205 441 2294; x_wconf 85' lang='lat' dir='ltr'><strong>legitime</strong></span> <span class='ocrx_word' id='word_1_126' title='bbox 477 2205 701 2296; x_wconf 75' lang='lat' dir='ltr'><strong>prescriptam</strong></span> <span class='ocrx_word' id='word_1_127' title='bbox 730 2205 925 2272; x_wconf 86' lang='lat' dir='ltr'><strong>contrariam</strong></span> <span class='ocrx_word' id='word_1_128' title='bbox 959 2205 1236 2274; x_wconf 88' lang='lat' dir='ltr'><strong>consuetudinem.</strong></span> 
     </span>
     <span class='ocr_line' id='line_1_18' title="bbox 96 2309 1238 2382; baseline 0.004 -5"><span class='ocrx_word' id='word_1_129' title='bbox 96 2309 181 2377; x_wconf 88' lang='lat' dir='ltr'><strong>Nam</strong></span> <span class='ocrx_word' id='word_1_130' title='bbox 199 2311 300 2380; x_wconf 88' lang='lat' dir='ltr'><strong>relata</strong></span> <span class='ocrx_word' id='word_1_131' title='bbox 314 2311 415 2378; x_wconf 88' lang='lat' dir='ltr'><strong>sancti</strong></span> <span class='ocrx_word' id='word_1_132' title='bbox 429 2309 526 2379; x_wconf 89' lang='lat' dir='ltr'><strong>officii</strong></span> <span class='ocrx_word' id='word_1_133' title='bbox 543 2310 710 2378; x_wconf 86' lang='lat' dir='ltr'><strong>instructio</strong></span> <span class='ocrx_word' id='word_1_134' title='bbox 726 2311 843 2378; x_wconf 88' lang='lat' dir='ltr'><strong>iterum</strong></span> <span class='ocrx_word' id='word_1_135' title='bbox 863 2310 924 2378; x_wconf 89' lang='lat' dir='ltr'><strong>sub</strong></span> <span class='ocrx_word' id='word_1_136' title='bbox 938 2310 1044 2380; x_wconf 90' lang='lat' dir='ltr'><strong>Leone</strong></span> <span class='ocrx_word' id='word_1_137' title='bbox 1061 2310 1123 2379; x_wconf 86' lang='lat' dir='ltr'><strong>XII</strong></span> <span class='ocrx_word' id='word_1_138' title='bbox 1142 2334 1238 2382; x_wconf 86' lang='lat' dir='ltr'><strong>reuo-</strong></span> 
     </span>
     <span class='ocr_line' id='line_1_19' title="bbox 97 2416 1238 2510; baseline 0.003 -26"><span class='ocrx_word' id='word_1_139' title='bbox 97 2426 172 2485; x_wconf 86' lang='lat' dir='ltr'><strong>vata</strong></span> <span class='ocrx_word' id='word_1_140' title='bbox 184 2429 215 2485; x_wconf 90' lang='lat' dir='ltr'><strong>et</strong></span> <span class='ocrx_word' id='word_1_141' title='bbox 226 2420 418 2488; x_wconf 86' lang='lat' dir='ltr'><strong>confirmata</strong></span> <span class='ocrx_word' id='word_1_142' title='bbox 430 2428 494 2503; x_wconf 74' lang='lat' dir='ltr'><strong>est,</strong></span> <span class='ocrx_word' id='word_1_143' title='bbox 514 2439 612 2509; x_wconf 90' lang='lat' dir='ltr'><strong>porro</strong></span> <span class='ocrx_word' id='word_1_144' title='bbox 625 2417 666 2484; x_wconf 88' lang='lat' dir='ltr'><strong>ab</strong></span> <span class='ocrx_word' id='word_1_145' title='bbox 683 2417 782 2508; x_wconf 85' lang='lat' dir='ltr'><strong>hujus</strong></span> <span class='ocrx_word' id='word_1_146' title='bbox 796 2416 961 2484; x_wconf 87' lang='lat' dir='ltr'><strong>Pontificis</strong></span> <span class='ocrx_word' id='word_1_147' title='bbox 976 2427 1119 2509; x_wconf 88' lang='lat' dir='ltr'><strong>tempore</strong></span> <span class='ocrx_word' id='word_1_148' title='bbox 1135 2442 1238 2510; x_wconf 89' lang='lat' dir='ltr'><strong>usque</strong></span> 
     </span>
     <span class='ocr_line' id='line_1_20' title="bbox 97 2524 1238 2615; baseline 0.001 -23"><span class='ocrx_word' id='word_1_149' title='bbox 97 2547 199 2613; x_wconf 91' lang='lat' dir='ltr'><strong>nunc,</strong></span> <span class='ocrx_word' id='word_1_150' title='bbox 212 2549 278 2594; x_wconf 90' lang='lat' dir='ltr'><strong>uon</strong></span> <span class='ocrx_word' id='word_1_151' title='bbox 289 2548 328 2594; x_wconf 89' lang='lat' dir='ltr'><strong>ea</strong></span> <span class='ocrx_word' id='word_1_152' title='bbox 342 2525 469 2594; x_wconf 85' lang='lat' dir='ltr'><strong>effluxit</strong></span> <span class='ocrx_word' id='word_1_153' title='bbox 483 2525 681 2593; x_wconf 87' lang='lat' dir='ltr'><strong>diuturnitas</strong></span> <span class='ocrx_word' id='word_1_154' title='bbox 695 2547 771 2615; x_wconf 79' lang='lat' dir='ltr'><strong>qum</strong></span> <span class='ocrx_word' id='word_1_155' title='bbox 786 2524 975 2614; x_wconf 89' lang='lat' dir='ltr'><strong>requiritur,</strong></span> <span class='ocrx_word' id='word_1_156' title='bbox 990 2535 1027 2594; x_wconf 88' lang='lat' dir='ltr'><strong>ut</strong></span> <span class='ocrx_word' id='word_1_157' title='bbox 1039 2526 1238 2596; x_wconf 82' lang='lat' dir='ltr'><strong>consuetudo</strong></span> 
     </span>
     <span class='ocr_line' id='line_1_21' title="bbox 96 2629 897 2723; baseline -0.004 -22"><span class='ocrx_word' id='word_1_158' title='bbox 96 2641 210 2701; x_wconf 85' lang='lat' dir='ltr'><strong>eontra</strong></span> <span class='ocrx_word' id='word_1_159' title='bbox 222 2631 404 2723; x_wconf 79' lang='lat' dir='ltr'><strong>generalem</strong></span> <span class='ocrx_word' id='word_1_160' title='bbox 418 2631 570 2698; x_wconf 75' lang='lat' dir='ltr'><strong>Ecclesiae</strong></span> <span class='ocrx_word' id='word_1_161' title='bbox 585 2631 690 2720; x_wconf 84' lang='lat' dir='ltr'><strong>legem</strong></span> <span class='ocrx_word' id='word_1_162' title='bbox 708 2629 897 2720; x_wconf 70' lang='lat' dir='ltr'><strong>prevaleat.</strong></span> 
     </span>
    </p>

    <p class='ocr_par' dir='ltr' id='par_1_5' title="bbox 96 2736 1239 2940">
     <span class='ocr_line' id='line_1_22' title="bbox 141 2736 1237 2831; baseline 0.005 -25"><span class='ocrx_word' id='word_1_163' title='bbox 141 2740 197 2808; x_wconf 88' lang='lat' dir='ltr'><strong>ill.</strong></span> <span class='ocrx_word' id='word_1_164' title='bbox 232 2741 268 2809; x_wconf 90' lang='lat' dir='ltr'><strong>Si</strong></span> <span class='ocrx_word' id='word_1_165' title='bbox 291 2749 400 2807; x_wconf 89' lang='lat' dir='ltr'><strong>tamen</strong></span> <span class='ocrx_word' id='word_1_166' title='bbox 438 2737 557 2806; x_wconf 87' lang='lat' dir='ltr'><strong>alieubi</strong></span> <span class='ocrx_word' id='word_1_167' title='bbox 591 2736 687 2807; x_wconf 90' lang='lat' dir='ltr'><strong>bodie</strong></span> <span class='ocrx_word' id='word_1_168' title='bbox 718 2757 857 2804; x_wconf 80' lang='lat' dir='ltr'><strong>cessasse</strong></span> <span class='ocrx_word' id='word_1_169' title='bbox 883 2745 1005 2806; x_wconf 88' lang='lat' dir='ltr'><strong>constet</strong></span> <span class='ocrx_word' id='word_1_170' title='bbox 1037 2739 1237 2831; x_wconf 70' lang='lat' dir='ltr'><strong>precipuum</strong></span> 
     </span>
     <span class='ocr_line' id='line_1_23' title="bbox 96 2843 1239 2940; baseline -0.001 -24"><span class='ocrx_word' id='word_1_171' title='bbox 96 2846 256 2940; x_wconf 86' lang='lat' dir='ltr'><strong>ejusmodi</strong></span> <span class='ocrx_word' id='word_1_172' title='bbox 278 2846 359 2934; x_wconf 87' lang='lat' dir='ltr'><strong>legis</strong></span> <span class='ocrx_word' id='word_1_173' title='bbox 384 2847 496 2930; x_wconf 80' lang='lat' dir='ltr'><strong>finem,</strong></span> <span class='ocrx_word' id='word_1_174' title='bbox 519 2845 565 2912; x_wconf 91' lang='lat' dir='ltr'><strong>ibi</strong></span> <span class='ocrx_word' id='word_1_175' title='bbox 586 2844 691 2932; x_wconf 86' lang='lat' dir='ltr'><strong>legem</strong></span> <span class='ocrx_word' id='word_1_176' title='bbox 715 2843 806 2912; x_wconf 88' lang='lat' dir='ltr'><strong>illam</strong></span> <span class='ocrx_word' id='word_1_177' title='bbox 828 2865 893 2911; x_wconf 90' lang='lat' dir='ltr'><strong>non</strong></span> <span class='ocrx_word' id='word_1_178' title='bbox 917 2844 1061 2932; x_wconf 85' lang='lat' dir='ltr'><strong>obligare</strong></span> <span class='ocrx_word' id='word_1_179' title='bbox 1085 2847 1239 2915; x_wconf 90' lang='lat' dir='ltr'><strong>sustineri</strong></span> 
     </span>
    </p>

    <p class='ocr_par' dir='ltr' id='par_1_6' title="bbox 94 2962 1246 4216">
     <span class='ocr_line' id='line_1_24' title="bbox 140 2962 216 3024; baseline 0.026 -3"><span class='ocrx_word' id='word_1_180' title='bbox 140 2962 216 3024; x_wconf 79' lang='lat' dir='ltr'><strong>cast.</strong></span> 
     </span>
     <span class='ocr_line' id='line_1_25' title="bbox 96 2977 1238 3148; baseline 0 -19"><span class='ocrx_word' id='word_1_181' title='bbox 96 2977 201 3131; x_wconf 78' lang='lat' dir='ltr'><strong>poIV.</strong></span> <span class='ocrx_word' id='word_1_182' title='bbox 224 3061 261 3127; x_wconf 91' lang='lat' dir='ltr'><strong>ln</strong></span> <span class='ocrx_word' id='word_1_183' title='bbox 286 3060 452 3128; x_wconf 89' lang='lat' dir='ltr'><strong>nonnullis</strong></span> <span class='ocrx_word' id='word_1_184' title='bbox 478 3067 585 3127; x_wconf 89' lang='lat' dir='ltr'><strong>autem</strong></span> <span class='ocrx_word' id='word_1_185' title='bbox 609 3057 797 3148; x_wconf 86' lang='lat' dir='ltr'><strong>regionibus</strong></span> <span class='ocrx_word' id='word_1_186' title='bbox 822 3057 951 3126; x_wconf 87' lang='lat' dir='ltr'><strong>videtur</strong></span> <span class='ocrx_word' id='word_1_187' title='bbox 980 3057 1075 3126; x_wconf 90' lang='lat' dir='ltr'><strong>bodie</strong></span> <span class='ocrx_word' id='word_1_188' title='bbox 1099 3081 1238 3129; x_wconf 86' lang='lat' dir='ltr'><strong>cessasse</strong></span> 
     </span>
     <span class='ocr_line' id='line_1_26' title="bbox 95 3163 1237 3260; baseline 0 -24"><span class='ocrx_word' id='word_1_189' title='bbox 95 3168 302 3260; x_wconf 80' lang='lat' dir='ltr'><strong>prmcipuum</strong></span> <span class='ocrx_word' id='word_1_190' title='bbox 327 3165 446 3252; x_wconf 88' lang='lat' dir='ltr'><strong>linem,</strong></span> <span class='ocrx_word' id='word_1_191' title='bbox 472 3164 565 3256; x_wconf 87' lang='lat' dir='ltr'><strong>cujus</strong></span> <span class='ocrx_word' id='word_1_192' title='bbox 587 3186 665 3254; x_wconf 88' lang='lat' dir='ltr'><strong>ergo</strong></span> <span class='ocrx_word' id='word_1_193' title='bbox 691 3163 837 3254; x_wconf 76' lang='lat' dir='ltr'><strong>prefate</strong></span> <span class='ocrx_word' id='word_1_194' title='bbox 860 3165 960 3231; x_wconf 89' lang='lat' dir='ltr'><strong>sancti</strong></span> <span class='ocrx_word' id='word_1_195' title='bbox 983 3163 1081 3232; x_wconf 89' lang='lat' dir='ltr'><strong>officii</strong></span> <span class='ocrx_word' id='word_1_196' title='bbox 1098 3165 1237 3236; x_wconf 87' lang='lat' dir='ltr'><strong>instruc-</strong></span> 
     </span>
     <span class='ocr_line' id='line_1_27' title="bbox 96 3269 1235 3362; baseline 0 -20"><span class='ocrx_word' id='word_1_197' title='bbox 96 3275 196 3342; x_wconf 88' lang='lat' dir='ltr'><strong>tionis</strong></span> <span class='ocrx_word' id='word_1_198' title='bbox 221 3275 426 3341; x_wconf 86' lang='lat' dir='ltr'><strong>observantia</strong></span> <span class='ocrx_word' id='word_1_199' title='bbox 452 3273 643 3362; x_wconf 77' lang='lat' dir='ltr'><strong>praescripta</strong></span> <span class='ocrx_word' id='word_1_200' title='bbox 670 3280 729 3339; x_wconf 89' lang='lat' dir='ltr'><strong>est.</strong></span> <span class='ocrx_word' id='word_1_201' title='bbox 766 3270 805 3337; x_wconf 92' lang='lat' dir='ltr'><strong>ln</strong></span> <span class='ocrx_word' id='word_1_202' title='bbox 833 3269 955 3356; x_wconf 89' lang='lat' dir='ltr'><strong>Gallia,</strong></span> <span class='ocrx_word' id='word_1_203' title='bbox 990 3269 1081 3339; x_wconf 87' lang='lat' dir='ltr'><strong>verbi</strong></span> <span class='ocrx_word' id='word_1_204' title='bbox 1111 3275 1235 3362; x_wconf 87' lang='lat' dir='ltr'><strong>gratia,</strong></span> 
     </span>
     <span class='ocr_line' id='line_1_28' title="bbox 95 3377 1238 3467; baseline 0.001 -19"><span class='ocrx_word' id='word_1_205' title='bbox 95 3403 164 3448; x_wconf 90' lang='lat' dir='ltr'><strong>nou</strong></span> <span class='ocrx_word' id='word_1_206' title='bbox 186 3379 366 3448; x_wconf 86' lang='lat' dir='ltr'><strong>celebratur</strong></span> <span class='ocrx_word' id='word_1_207' title='bbox 386 3378 629 3446; x_wconf 91' lang='lat' dir='ltr'><strong>matrimonium</strong></span> <span class='ocrx_word' id='word_1_208' title='bbox 656 3378 712 3467; x_wconf 86' lang='lat' dir='ltr'><strong>(ita</strong></span> <span class='ocrx_word' id='word_1_209' title='bbox 734 3384 867 3464; x_wconf 87' lang='lat' dir='ltr'><strong>cogente</strong></span> <span class='ocrx_word' id='word_1_210' title='bbox 890 3377 1052 3467; x_wconf 88' lang='lat' dir='ltr'><strong>potestatis</strong></span> <span class='ocrx_word' id='word_1_211' title='bbox 1074 3381 1238 3448; x_wconf 79' lang='lat' dir='ltr'><strong>saecularis</strong></span> 
     </span>
     <span class='ocr_line' id='line_1_29' title="bbox 94 3481 1237 3577; baseline 0.001 -23"><span class='ocrx_word' id='word_1_212' title='bbox 94 3485 196 3577; x_wconf 87' lang='lat' dir='ltr'><strong>lege),</strong></span> <span class='ocrx_word' id='word_1_213' title='bbox 220 3487 283 3553; x_wconf 91' lang='lat' dir='ltr'><strong>nisi</strong></span> <span class='ocrx_word' id='word_1_214' title='bbox 303 3487 395 3576; x_wconf 89' lang='lat' dir='ltr'><strong>prius</strong></span> <span class='ocrx_word' id='word_1_215' title='bbox 416 3506 524 3553; x_wconf 89' lang='lat' dir='ltr'><strong>coram</strong></span> <span class='ocrx_word' id='word_1_216' title='bbox 551 3483 702 3572; x_wconf 84' lang='lat' dir='ltr'><strong>gubernii</strong></span> <span class='ocrx_word' id='word_1_217' title='bbox 725 3481 916 3551; x_wconf 86' lang='lat' dir='ltr'><strong>officialibus</strong></span> <span class='ocrx_word' id='word_1_218' title='bbox 940 3482 1117 3553; x_wconf 88' lang='lat' dir='ltr'><strong>celebratus</strong></span> <span class='ocrx_word' id='word_1_219' title='bbox 1140 3485 1237 3555; x_wconf 89' lang='lat' dir='ltr'><strong>luerit</strong></span> 
     </span>
     <span class='ocr_line' id='line_1_30' title="bbox 95 3589 1238 3681; baseline -0.003 -18"><span class='ocrx_word' id='word_1_220' title='bbox 95 3594 202 3664; x_wconf 88' lang='lat' dir='ltr'><strong>civilis</strong></span> <span class='ocrx_word' id='word_1_221' title='bbox 217 3601 409 3662; x_wconf 71' lang='lat' dir='ltr'><strong>contradus.</strong></span> <span class='ocrx_word' id='word_1_222' title='bbox 427 3591 479 3658; x_wconf 81' lang='lat' dir='ltr'><strong>Ad</strong></span> <span class='ocrx_word' id='word_1_223' title='bbox 501 3590 660 3681; x_wconf 81' lang='lat' dir='ltr'><strong>ejusmodi</strong></span> <span class='ocrx_word' id='word_1_224' title='bbox 682 3599 790 3658; x_wconf 87' lang='lat' dir='ltr'><strong>autem</strong></span> <span class='ocrx_word' id='word_1_225' title='bbox 806 3589 935 3656; x_wconf 88' lang='lat' dir='ltr'><strong>civilem</strong></span> <span class='ocrx_word' id='word_1_226' title='bbox 952 3599 1151 3660; x_wconf 86' lang='lat' dir='ltr'><strong>contractum</strong></span> <span class='ocrx_word' id='word_1_227' title='bbox 1172 3617 1238 3662; x_wconf 91' lang='lat' dir='ltr'><strong>nou</strong></span> 
     </span>
     <span class='ocr_line' id='line_1_31' title="bbox 94 3695 1238 3787; baseline -0.002 -17"><span class='ocrx_word' id='word_1_228' title='bbox 94 3701 316 3770; x_wconf 87' lang='lat' dir='ltr'><strong>admittuntur</strong></span> <span class='ocrx_word' id='word_1_229' title='bbox 345 3699 410 3765; x_wconf 91' lang='lat' dir='ltr'><strong>nisi</strong></span> <span class='ocrx_word' id='word_1_230' title='bbox 437 3699 461 3764; x_wconf 94' lang='lat' dir='ltr'><strong>ii</strong></span> <span class='ocrx_word' id='word_1_231' title='bbox 488 3698 528 3764; x_wconf 91' lang='lat' dir='ltr'><strong>de</strong></span> <span class='ocrx_word' id='word_1_232' title='bbox 555 3719 694 3787; x_wconf 90' lang='lat' dir='ltr'><strong>quorum</strong></span> <span class='ocrx_word' id='word_1_233' title='bbox 725 3704 812 3764; x_wconf 88' lang='lat' dir='ltr'><strong>statu</strong></span> <span class='ocrx_word' id='word_1_234' title='bbox 841 3695 943 3764; x_wconf 92' lang='lat' dir='ltr'><strong>libero</strong></span> <span class='ocrx_word' id='word_1_235' title='bbox 970 3707 1112 3784; x_wconf 79' lang='lat' dir='ltr'><strong>constat3</strong></span> <span class='ocrx_word' id='word_1_236' title='bbox 1140 3709 1173 3766; x_wconf 92' lang='lat' dir='ltr'><strong>et</strong></span> <span class='ocrx_word' id='word_1_237' title='bbox 1198 3722 1238 3768; x_wconf 89' lang='lat' dir='ltr'><strong>ue</strong></span> 
     </span>
     <span class='ocr_line' id='line_1_32' title="bbox 94 3802 1239 3895; baseline -0.002 -18"><span class='ocrx_word' id='word_1_238' title='bbox 94 3811 190 3877; x_wconf 81' lang='lat' dir='ltr'><strong>fraus</strong></span> <span class='ocrx_word' id='word_1_239' title='bbox 207 3809 242 3874; x_wconf 93' lang='lat' dir='ltr'><strong>iu</strong></span> <span class='ocrx_word' id='word_1_240' title='bbox 265 3830 303 3874; x_wconf 86' lang='lat' dir='ltr'><strong>ea</strong></span> <span class='ocrx_word' id='word_1_241' title='bbox 323 3828 359 3874; x_wconf 86' lang='lat' dir='ltr'><strong>re</strong></span> <span class='ocrx_word' id='word_1_242' title='bbox 383 3805 485 3892; x_wconf 87' lang='lat' dir='ltr'><strong>fieret,</strong></span> <span class='ocrx_word' id='word_1_243' title='bbox 508 3805 585 3871; x_wconf 90' lang='lat' dir='ltr'><strong>satis</strong></span> <span class='ocrx_word' id='word_1_244' title='bbox 611 3802 755 3895; x_wconf 88' lang='lat' dir='ltr'><strong>providit</strong></span> <span class='ocrx_word' id='word_1_245' title='bbox 778 3802 942 3871; x_wconf 72' lang='lat' dir='ltr'><strong>saecularis</strong></span> <span class='ocrx_word' id='word_1_246' title='bbox 967 3813 1117 3895; x_wconf 89' lang='lat' dir='ltr'><strong>potestas.</strong></span> <span class='ocrx_word' id='word_1_247' title='bbox 1145 3805 1239 3875; x_wconf 91' lang='lat' dir='ltr'><strong>Unde</strong></span> 
     </span>
     <span class='ocr_line' id='line_1_33' title="bbox 95 3911 1240 4006; baseline -0.001 -22"><span class='ocrx_word' id='word_1_248' title='bbox 95 3915 231 4006; x_wconf 88' lang='lat' dir='ltr'><strong>quando</strong></span> <span class='ocrx_word' id='word_1_249' title='bbox 252 3915 410 3982; x_wconf 89' lang='lat' dir='ltr'><strong>celebrato</strong></span> <span class='ocrx_word' id='word_1_250' title='bbox 430 3912 485 3980; x_wconf 90' lang='lat' dir='ltr'><strong>illo</strong></span> <span class='ocrx_word' id='word_1_251' title='bbox 506 3920 673 3980; x_wconf 87' lang='lat' dir='ltr'><strong>contractu</strong></span> <span class='ocrx_word' id='word_1_252' title='bbox 694 3911 796 3997; x_wconf 90' lang='lat' dir='ltr'><strong>civili,</strong></span> <span class='ocrx_word' id='word_1_253' title='bbox 817 3919 923 4001; x_wconf 87' lang='lat' dir='ltr'><strong>partes</strong></span> <span class='ocrx_word' id='word_1_254' title='bbox 941 3911 983 3980; x_wconf 87' lang='lat' dir='ltr'><strong>ed</strong></span> <span class='ocrx_word' id='word_1_255' title='bbox 1002 3911 1175 3981; x_wconf 79' lang='lat' dir='ltr'><strong>Ecclesiam</strong></span> <span class='ocrx_word' id='word_1_256' title='bbox 1198 3915 1240 3983; x_wconf 86' lang='lat' dir='ltr'><strong>ad</strong></span> 
     </span>
     <span class='ocr_line' id='line_1_34' title="bbox 95 4017 1240 4108; baseline -0.001 -18"><span class='ocrx_word' id='word_1_257' title='bbox 95 4021 361 4090; x_wconf 88' lang='lat' dir='ltr'><strong>contrabendum·</strong></span> <span class='ocrx_word' id='word_1_258' title='bbox 378 4041 493 4087; x_wconf 86' lang='lat' dir='ltr'><strong>verum</strong></span> <span class='ocrx_word' id='word_1_259' title='bbox 519 4018 766 4086; x_wconf 83' lang='lat' dir='ltr'><strong>matrimonium</strong></span> <span class='ocrx_word' id='word_1_260' title='bbox 789 4017 957 4105; x_wconf 86' lang='lat' dir='ltr'><strong>accedunt,</strong></span> <span class='ocrx_word' id='word_1_261' title='bbox 976 4017 1044 4108; x_wconf 86' lang='lat' dir='ltr'><strong>jam</strong></span> <span class='ocrx_word' id='word_1_262' title='bbox 1065 4019 1142 4086; x_wconf 87' lang='lat' dir='ltr'><strong>satis</strong></span> <span class='ocrx_word' id='word_1_263' title='bbox 1162 4043 1240 4090; x_wconf 91' lang='lat' dir='ltr'><strong>eou-</strong></span> 
     </span>
     <span class='ocr_line' id='line_1_35' title="bbox 95 4123 1246 4216; baseline 0 -19"><span class='ocrx_word' id='word_1_264' title='bbox 95 4138 162 4198; x_wconf 84' lang='lat' dir='ltr'><strong>stat</strong></span> <span class='ocrx_word' id='word_1_265' title='bbox 184 4129 225 4195; x_wconf 89' lang='lat' dir='ltr'><strong>de</strong></span> <span class='ocrx_word' id='word_1_266' title='bbox 247 4149 360 4196; x_wconf 88' lang='lat' dir='ltr'><strong>earum</strong></span> <span class='ocrx_word' id='word_1_267' title='bbox 382 4127 485 4194; x_wconf 91' lang='lat' dir='ltr'><strong>libero</strong></span> <span class='ocrx_word' id='word_1_268' title='bbox 505 4125 547 4192; x_wconf 90' lang='lat' dir='ltr'><strong>ad</strong></span> <span class='ocrx_word' id='word_1_269' title='bbox 571 4123 828 4192; x_wconf 88' lang='lat' dir='ltr'><strong>contrahendum</strong></span> <span class='ocrx_word' id='word_1_270' title='bbox 857 4132 954 4192; x_wconf 86' lang='lat' dir='ltr'><strong>statu.</strong></span> <span class='ocrx_word' id='word_1_271' title='bbox 982 4123 1019 4190; x_wconf 93' lang='lat' dir='ltr'><strong>ln</strong></span> <span class='ocrx_word' id='word_1_272' title='bbox 1045 4146 1084 4192; x_wconf 88' lang='lat' dir='ltr'><strong>ee</strong></span> <span class='ocrx_word' id='word_1_273' title='bbox 1107 4146 1185 4216; x_wconf 85' lang='lat' dir='ltr'><strong>ergo</strong></span> <span class='ocrx_word' id='word_1_274' title='bbox 1211 4137 1246 4198; x_wconf 88' lang='lat' dir='ltr'><strong>et</strong></span> 
     </span>
    </p>
   </div>
   <div class='ocr_carea' id='block_1_3' title="bbox 95 4229 1243 4406">
    <p class='ocr_par' dir='ltr' id='par_1_7' title="bbox 95 4229 1243 4406">
     <span class='ocr_line' id='line_1_36' title="bbox 95 4229 1243 4323; baseline -0.002 -17"><span class='ocrx_word' id='word_1_275' title='bbox 95 4234 263 4306; x_wconf 88' lang='lat' dir='ltr'><strong>similibus</strong></span> <span class='ocrx_word' id='word_1_276' title='bbox 282 4234 482 4323; x_wconf 87' lang='lat' dir='ltr'><strong>regionibus,</strong></span> <span class='ocrx_word' id='word_1_277' title='bbox 508 4255 575 4302; x_wconf 89' lang='lat' dir='ltr'><strong>uon</strong></span> <span class='ocrx_word' id='word_1_278' title='bbox 596 4231 726 4301; x_wconf 82' lang='lat' dir='ltr'><strong>videtur</strong></span> <span class='ocrx_word' id='word_1_279' title='bbox 749 4231 847 4300; x_wconf 89' lang='lat' dir='ltr'><strong>hodie</strong></span> <span class='ocrx_word' id='word_1_280' title='bbox 863 4233 972 4298; x_wconf 87' lang='lat' dir='ltr'><strong>stricte</strong></span> <span class='ocrx_word' id='word_1_281' title='bbox 994 4229 1137 4320; x_wconf 81' lang='lat' dir='ltr'><strong>obligare</strong></span> <span class='ocrx_word' id='word_1_282' title='bbox 1157 4233 1243 4305; x_wconf 86' lang='lat' dir='ltr'><strong>dieta</strong></span> 
     </span>
     <span class='ocr_line' id='line_1_37' title="bbox 263 4342 1083 4406; baseline -0.009 0"><span class='ocrx_word' id='word_1_283' title='bbox 263 4359 295 4406; x_wconf 86' lang='lat'><strong>11.</strong></span> <span class='ocrx_word' id='word_1_284' title='bbox 1045 4342 1083 4399; x_wconf 87' lang='grc'><strong>30</strong></span> 
     </span>
    </p>
   </div>
   <div class='ocr_carea' id='block_1_4' title="bbox 0 0 1530 4984">
    <p class='ocr_par' dir='ltr' id='par_1_8' title="bbox 0 0 1530 4984">
     <span class='ocr_line' id='line_1_38' title="bbox 0 0 1530 4984; baseline 0 0"><span class='ocrx_word' id='word_1_285' title='bbox 0 0 1530 4984; x_wconf 95' lang='lat' dir='ltr'><strong> </strong></span> 
     </span>
    </p>
   </div>
  </div>
 </body>
</html>
