3050 4984
543 530 618 576 rans
644 530 790 578 sueonos.
1170 515 1232 579 259

94 642 268 735 loquendo,
281 648 372 738 justa
390 654 455 733 est3
471 670 529 718 uec
545 651 680 740 proinde
699 674 899 742 quemquem
919 653 1039 743 injuste
1055 663 1187 743 gravat3
1207 663 1238 723 et

94 766 326 843 consequenter
346 776 404 822 uec
417 756 540 824 Titium
557 759 706 845 gravavit
727 759 905 849 Episcopus
920 781 1044 827 meram
1060 759 1142 849 legis
1155 784 1238 830 exe-

94 858 255 927 cutionem
269 870 381 929 contra
392 862 498 952 ipsum
512 864 679 953 urgendo:
695 865 782 933 unde
795 865 907 933 nullus
923 865 1019 935 datur
1032 874 1112 934 tunc
1127 869 1237 959 appel·

95 964 205 1033 lationi
225 967 326 1035 locus.

138 1072 290 1142 Diximus
303 1084 410 1143 tamen
424 1077 631 1165 repuleriter.
649 1078 732 1147 Nam
752 1079 875 1168 primo,
898 1079 927 1146 si
948 1079 1000 1147 lex
1019 1079 1238 1171 disciplinaris

95 1200 167 1269 qum
184 1180 364 1270 applicatur
385 1206 451 1251 non
472 1183 513 1250 sit
531 1184 739 1269 universalis,
762 1185 818 1253 sed
840 1186 1044 1276 particularis
1062 1188 1155 1278 (puta
1175 1189 1238 1257 ali·

94 1286 185 1375 cujus
205 1288 374 1357 dumtaxat
394 1291 580 1377 dioeceseos,
603 1293 654 1360 vel
678 1291 855 1383 provinciae
873 1294 1120 1384 ecclesiastices),
1141 1296 1237 1365 abso-

94 1393 159 1463 lute
181 1394 255 1463 lieri
269 1404 372 1489 potest
387 1407 423 1467 ut
437 1399 481 1466 sit
501 1400 623 1490 injusta
646 1401 696 1467 vel
719 1421 831 1490 prava.
849 1401 923 1482 Quo
943 1424 1020 1469 casu
1037 1401 1079 1470 ab
1092 1403 1235 1493 applica·

94 1500 177 1569 tione
206 1502 280 1571 talis
315 1505 397 1595 legis
434 1505 520 1574 licita
556 1507 618 1574 erit
654 1506 849 1599 appellatio;
878 1508 934 1575 scd
972 1516 1050 1576 tunc
1082 1510 1238 1599 producet

93 1606 239 1677 effictum
264 1610 489 1681 devolutivum
513 1621 652 1697 mutum,
673 1635 740 1681 nou
759 1622 867 1683 autem
890 1616 1117 1705 suspensivum
1135 1642 1143 1683 ι
1159 1638 1236 1684 nam

94 1738 129 1783 ex
147 1718 254 1786 citatis
271 1718 470 1787 Tridentinis
490 1721 647 1804 textibus,
663 1732 797 1787 cavetur
811 1743 852 1788 ne
867 1722 903 1788 in
918 1722 1024 1821 courir
1041 1720 1237 1791 visitationis

95 1837 120 1891 et
136 1826 343 1895 correctionis
356 1848 498 1907 morum,
515 1826 759 1918 appellationes,
775 1828 871 1895 etiam
888 1828 1019 1918 quaudo
1034 1828 1122 1895 licite
1136 1831 1236 1898 iuter·

92 1929 142 2019 jici
175 1944 321 2023 possunt,
348 1934 575 2027 suspensivum
602 1933 748 2001 ellectum
774 1934 923 2001 habeant.
947 1935 1112 2017 Sananda,
1136 1939 1239 2027 posita

95 2040 185 2106 etiam
203 2039 287 2128 legis
296 2040 432 2129 justitia,
451 2050 553 2131 potest
566 2042 640 2131 quis
656 2043 690 2107 in
707 2040 826 2109 talibus
848 2043 971 2109 versari
987 2043 1237 2133 particularibus
1344 2109 1346 2112 .

94 2145 352 2235 circumstantiis,
380 2159 415 2215 ut
438 2158 579 2239 nequeat
603 2170 641 2215 ea
663 2149 716 2215 lex
738 2149 825 2238 juste
847 2148 910 2238 ipsi
930 2148 1087 2240 applicari
1113 2154 1236 2219 :verbi

94 2253 205 2339 gratia,
222 2254 252 2319 si
267 2252 372 2321 Titius
388 2255 421 2319 iu
438 2254 570 2343 regione
585 2276 684 2345 quam
706 2254 832 2338 incolit,
852 2262 990 2345 nequeat
1004 2255 1126 2345 absqm
1142 2260 1236 2345 gravi

94 2360 233 2448 periculo
260 2362 309 2429 vel
334 2360 540 2431 incommodo
561 2360 741 2431 clericalem
769 2362 916 2429 habitum
939 2384 1063 2450 gerere.
1086 2362 1159 2443 Qua
1183 2388 1235 2433 ra-

93 2466 175 2533 tione
190 2467 300 2553 uisus,
317 2470 434 2559 poterit
447 2468 489 2536 ab
509 2468 679 2559 Episcopo,
707 2468 811 2559 legem
831 2475 944 2536 contra
960 2467 1067 2558 ipsum
1084 2481 1233 2561 urgente,

93 2572 262 2663 appellare.
296 2573 360 2643 Sed
391 2584 468 2643 tuuc
499 2576 531 2642 in
564 2584 637 2643 actu
669 2575 897 2665 appellationis
929 2577 1113 2665 exprimere
1142 2577 1236 2645 debet

94 2678 262 2769 specialem
289 2702 432 2766 causam,
459 2682 501 2748 ob
526 2702 624 2772 quam
651 2682 716 2761 lex,
743 2680 943 2773 ceteroquin
965 2680 1064 2770 justa,
1088 2682 1151 2773 ipsi
1174 2707 1236 2774 ap-

93 2784 240 2873 plicanda
260 2808 326 2855 nou
348 2798 407 2856 est.
432 2786 590 2879 Alioquin
613 2788 717 2879 ipsius
740 2788 914 2877 appellatio
938 2796 1093 2879 tanquam
1119 2790 1236 2858 frivola

93 2893 264 2981 rejiciatur.

134 3002 166 3065 2ο
183 3000 230 3069 At
244 3014 322 3069 actu
338 2982 514 3093 &scopuli
529 3000 847 3091 estro-judicialiter
866 3014 965 3089 pecto,
984 3014 1015 3070 ct
1030 3001 1071 3071 ad
1089 3004 1235 3093 ejusdcm

93 3109 245 3175 sententio
262 3108 422 3198 judiciali
442 3109 613 3189 definitivo
631 3108 796 3199 (qaromois
818 3109 886 3175 ltrec
910 3109 945 3174 in
967 3108 1163 3191 usitatione,
1187 3111 1239 3181 vel

91 3234 147 3299 pro
166 3236 298 3283 morum
313 3216 506 3284 correctione
520 3216 621 3305 finnt)
636 3214 800 3306 cappellum¹
810 3226 916 3304 potest
923 3239 936 3295 ;
952 3214 1009 3283 scd
1029 3217 1076 3282 nd
1087 3219 1234 3307 cffcctum

94 3318 264 3389 dumtaxat
287 3320 521 3401 ciconiariam,
545 3344 611 3388 non
638 3334 750 3389 cutem
775 3321 1011 3410 suspensivum.
1033 3359 1077 3372 -
1102 3323 1235 3391 Constat

93 3447 131 3493 ea
144 3428 248 3497 citatis
263 3428 462 3497 Tridentinis
474 3429 628 3496 textibus.
646 3428 727 3495 Nam
742 3427 846 3517 capite
866 3431 877 3492 l
900 3428 1051 3495 sessionis
1066 3433 1121 3516 22,
1137 3439 1169 3498 et
1179 3453 1234 3498 ca·

95 3533 155 3621 pite
169 3539 207 3602 te
218 3536 371 3603 sessionis
380 3539 436 3621 24,
450 3556 601 3625 expresse
615 3534 802 3601 decernitur
812 3554 865 3620 ne,
876 3535 1026 3602 incensis
1040 3537 1234 3604 visitationis

97 3648 125 3704 ct
149 3642 356 3710 correctionis
386 3662 528 3726 morum,
556 3640 728 3732 appellatio
750 3640 974 3730 scupcnsioum
1002 3641 1149 3711 effectum
1175 3644 1234 3711 lra-

97 3745 162 3814 beat
180 3775 186 3815 :
202 3771 278 3817 cum
301 3759 410 3817 autem
433 3748 579 3839 synodus
600 3769 666 3816 non
691 3747 852 3815 addiderit
875 3769 976 3838 neque
997 3747 1230 3833 matutinum,

99 3850 178 3922 hune
202 3848 355 3923 ultimum
384 3855 533 3923 ellectum
562 3853 774 3944 appellationi
801 3853 970 3943 reliquisse
995 3856 1155 3923 censenda
1173 3869 1232 3925 est.

99 3960 198 4052 Atque
210 3964 254 4030 ita
269 3962 497 4051 intelligendos
511 3982 581 4028 csse
593 3960 698 4027 dictos
711 3960 923 4028 Tridentinus
939 3968 1046 4027 textus
1060 3961 1236 4033 declaravit

99 4062 190 4134 Sacra
209 4069 424 4157 congregatio
444 4064 597 4153 Concilii,
621 4072 755 4134 testante
778 4066 810 4131 id
833 4066 1007 4150 leurmio,
1028 4067 1079 4134 his
1099 4071 1233 4139 verbis:

104 4196 119 4233 a
139 4172 234 4243 Sacra
249 4176 467 4264 Congregatio
482 4173 619 4243 Consilii
633 4173 793 4259 consulta,
808 4196 850 4241 au
867 4174 902 4240 iu
917 4174 1023 4241 causis
1037 4175 1237 4248 visitationis

105 4304 118 4341 a
139 4291 169 4347 et
188 4283 406 4367 correctionis,
435 4282 591 4372 appellari
617 4280 718 4370 possit
739 4292 811 4369 post
831 4279 1048 4369 definitivam,
1069 4286 1236 4375 respondit
