3050 4984
279 486 343 549 220
655 504 830 551 raimerus
853 504 891 549 ns
913 502 1046 549 inurens.

322 628 356 690 2ο
369 623 506 705 Quando
524 624 681 692 sententia
699 624 825 716 prolata
844 634 893 693 est
906 648 926 692 a
935 624 1045 715 jndice
1065 622 1244 709 ordinario,
1259 631 1292 690 et
1306 645 1372 693 non
1390 624 1429 689 in

276 728 382 818 gradu
395 730 634 821 appellationis,
656 731 699 799 ad
721 731 810 813 hunc
830 731 987 822 judicem,
1009 752 1076 799 non
1099 730 1141 798 ad
1165 729 1280 815 abum,
1301 737 1430 820 spectat

275 837 442 905 sententie
455 838 613 907 executio.
632 839 740 907 Potest
757 845 864 907 autem
880 838 1072 905 sententiam
1087 836 1220 928 exequi,
1236 835 1289 904 vel
1309 858 1367 927 per
1390 859 1429 903 se

275 942 398 1032 ipsum,
416 942 468 1011 vel
482 943 652 1034 paralium
666 942 706 1011 ad
723 943 784 1011 hoc
799 942 1004 1034 deputatum,
1021 951 1078 1010 aut
1093 942 1301 1033 requisitum.

323 1052 354 1116 3⁰
368 1049 403 1118 Si
420 1047 523 1141 judex
539 1051 596 1141 qui
610 1052 805 1118 sententiam
825 1049 900 1117 tulit
917 1051 959 1116 sit
975 1048 1142 1139 delegatus
1156 1048 1268 1139 Papae,
1288 1048 1427 1116 adeum

275 1156 397 1248 pariter
413 1157 552 1247 pertinet
566 1158 725 1225 executio.
744 1155 782 1224 Si
798 1178 877 1224 vero
891 1157 933 1224 sit
948 1155 1127 1245 delegatus,
1149 1154 1206 1223 sed
1222 1177 1288 1223 non
1308 1155 1427 1246 Papae,

158 1316 162 1331 .
275 1286 317 1331 an
337 1264 529 1332 sententiam
549 1286 642 1331 suam
665 1264 734 1355 ipse
750 1264 870 1355 exequi
886 1264 999 1355 possit,
1020 1262 1073 1331 rel
1086 1263 1128 1330 ad
1144 1262 1346 1352 delegantem
1368 1285 1429 1330 re-

275 1367 474 1438 currendum
500 1371 560 1456 sit,
586 1370 671 1439 inter
699 1370 846 1439 doctores
875 1370 1137 1439 controvertitur.
1168 1369 1205 1438 Si
1227 1378 1335 1437 tamen
1357 1369 1430 1459 ipsi

276 1476 456 1567 specialiter
471 1500 489 1543 a
508 1475 677 1565 delegante
692 1475 888 1545 demandata
901 1485 951 1544 est
972 1478 1132 1564 executio,
1154 1476 1315 1545 evanescit
1333 1474 1430 1543 diffi-

277 1584 396 1669 cultas,
422 1582 499 1675 quia
521 1594 598 1651 tunc
623 1593 708 1652 certo
733 1584 851 1675 poterit
873 1584 1098 1653 executionem
1121 1582 1237 1652 facere.
1264 1582 1362 1674 (Vide
1390 1583 1429 1650 id

276 1691 459 1759 discussum
479 1689 567 1781 apud
591 1690 899 1781 Schmulzgnreber,
922 1691 958 1758 in
979 1692 1028 1759 tit.
1055 1694 1111 1778 27,
1134 1690 1210 1760 libri
1233 1695 1253 1758 2
1277 1690 1426 1778 Decet,
1521 1701 1522 1714 ¹

276 1820 309 1865 n.
328 1798 395 1887 ut.)

322 1909 354 1971 4⁰
377 1904 501 1972 Arbitri
523 1905 716 1973 sententiam
736 1927 829 1973 suam
853 1905 973 1997 exequi
989 1914 1171 1997 nequeunt;
1188 1906 1266 1997 quin
1279 1905 1319 1973 ed
1341 1928 1428 1997 pro-

275 2012 494 2082 nuntiandum
525 2022 651 2080 tautum
677 2022 851 2081 censentur
875 2013 1056 2099 constituti;
1088 2014 1145 2081 sed
1168 2014 1316 2082 executio
1343 2021 1426 2082 tnnc

275 2119 316 2188 ad
340 2119 485 2211 judicem
510 2119 714 2188 ordinarium
743 2120 893 2210 pertinet.
927 2118 1250 2209 (Scbmelzgrueber,
1276 2120 1346 2190 loco
1371 2123 1424 2189 ci-

274 2224 365 2313 teto.)

321 2337 352 2397 5⁰
368 2328 480 2410 Quoad
492 2330 636 2421 judicem
650 2327 884 2421 appellationis,
903 2330 1175 2421 distinguendum
1190 2342 1238 2400 est
1256 2360 1263 2399 :
1283 2333 1337 2401 rel
1346 2333 1426 2424 ejus
1521 2393 1522 2408 .

273 2438 432 2507 sententia
446 2445 494 2504 est
513 2438 756 2526 reformatoria,
775 2438 943 2505 sentcntiae
956 2438 1077 2528 judicis
1091 2462 1111 2507 a
1126 2461 1205 2530 quo,
1225 2439 1277 2508 rel
1296 2441 1424 2530 confir-

274 2546 429 2613 matoria.
458 2542 495 2611 si
517 2544 768 2633 reformatoria,
795 2544 942 2616 executio
964 2545 1037 2636 ejus
1061 2554 1182 2635 spectat
1206 2546 1248 2613 ad
1272 2546 1422 2637 judicem
1521 2559 1523 2642 t

272 2650 511 2745 appellationis.
526 2648 561 2717 Si
573 2651 832 2740 confirmatoria,
846 2652 1072 2719 executionem
1085 2653 1333 2744 relinquendam
1348 2675 1422 2723 esse
1521 2647 1523 2668 '

270 2760 372 2853 judici
385 2782 407 2826 a
422 2780 486 2849 qao
502 2766 657 2848 putarunt
675 2758 770 2825 multi
783 2763 948 2846 doctores;
966 2758 1021 2826 sed
1038 2769 1158 2849 negant
1172 2761 1240 2846 alii,
1255 2782 1297 2828 ex
1311 2784 1350 2827 ea
1364 2784 1421 2828 ra·
1521 2819 1522 2844 ,

272 2870 359 2935 tione
374 2866 462 2957 qnod
473 2886 532 2955 per
549 2864 813 2956 appellationem,
830 2867 1040 2957 suspenditur
1056 2866 1244 2957 jurisdictio
1263 2866 1386 2958 judicis
1401 2892 1422 2936 a
1521 2863 1523 2904 }

273 2996 354 3066 quo,
380 2984 411 3041 ct
431 2974 473 3040 ad
492 2972 636 3064 judicem
660 2972 700 3038 ad
726 2995 824 3063 quem
847 2973 1043 3042 devolvitur.
1076 2973 1174 3064 (Vide
1202 2974 1419 3061 Leurenium,
1521 2969 1522 3060 l

271 3084 394 3149 Forum
409 3080 622 3161 ecclesiasta,
641 3079 676 3145 iu
688 3081 737 3146 tit.
755 3083 811 3165 27,
825 3079 901 3147 libri
916 3083 936 3145 2
953 3079 1094 3167 liceret,
1110 3104 1143 3170 q.
1164 3084 1240 3168 982,
1259 3103 1293 3148 n.
1313 3083 1362 3171 3.)
1521 3081 1522 3160 ζ

317 3189 459 3269 ansmo
480 3190 522 3254 3³.
547 3224 591 3239 —
614 3184 754 3269 Quaado
775 3186 851 3275 fieri
866 3187 969 3275 possit
993 3187 1160 3255 scatentia
1180 3188 1350 3256 caecutio?
1373 3215 1421 3241 —

275 3300 305 3361 1·
327 3295 366 3361 ln
393 3292 619 3362 criminalibus
642 3300 746 3380 potest
773 3291 844 3360 lieri
869 3294 977 3361 statim
1006 3303 1080 3385 post
1107 3295 1319 3381 sententiam,
1350 3318 1421 3365 non
1521 3291 1522 3340 t

272 3410 438 3494 expectato
473 3400 571 3469 etiam
604 3398 758 3468 decendio
790 3402 832 3467 ad
862 3400 1092 3490 appellandum
1122 3424 1283 3471 concesso.
1321 3402 1420 3471 Unde

271 3516 349 3575 tunc
378 3506 407 3572 si
438 3506 670 3574 condemnatus
703 3504 782 3573 velit
816 3505 1039 3576 executionem
1074 3507 1287 3598 suspendere,
1320 3506 1421 3575 debet

271 3614 383 3683 stetim
409 3611 583 3703 appellare.
616 3612 681 3680 Sed
704 3611 932 3682 universaliter
960 3613 993 3681 id
1015 3636 1082 3682 non
1112 3612 1290 3681 admittunt
1313 3613 1420 3705 aliqui
1521 3621 1522 3710 p

271 3728 436 3808 auctores,
458 3732 490 3787 et
509 3727 624 3809 putent
644 3717 882 3809 expectandum
906 3741 976 3787 esse
998 3720 1127 3811 lapsum
1153 3719 1263 3788 decem
1287 3720 1419 3789 dierum
1521 3729 1522 3738 ’

271 3830 312 3897 ad
331 3826 559 3919 appellandum
575 3849 631 3893 reo
644 3848 887 3911 concessorum.
913 3826 1009 3915 (Vide
1022 3828 1236 3915 Lenrcnium,
1256 3828 1327 3895 loro
1342 3830 1416 3914 eit,
1521 3845 1522 3928 }

273 3960 306 4005 n.
327 3936 374 4027 l.)

315 4048 348 4111 2ο
365 4045 403 4111 ln
418 4041 599 4110 actionibus
614 4040 768 4129 realibus,
790 4051 867 4110 tunc
887 4050 1015 4109 tautum
1033 4040 1105 4110 ficri
1126 4051 1232 4133 potest
1248 4046 1414 4130 executio,
1521 4019 1522 4026 ἵ

270 4153 400 4241 quando
416 4150 573 4218 sententia
586 4150 621 4216 in
641 4170 710 4215 rem
729 4148 907 4239 judicatam
926 4149 1060 4227 transit;
1083 4149 1116 4217 id
1136 4162 1196 4236 est,
1214 4161 1288 4241 post
1303 4151 1416 4223 decem

272 4258 352 4349 dies,
370 4258 396 4324 si
415 4279 479 4325 uon
494 4256 593 4324 luerit
608 4253 817 4346 appellatum.
1521 4257 1522 4260 ’
