3050 4984
559 516 633 563 rans
655 516 800 565 0000000.
1182 499 1241 565 321

99 634 185 719 haec,
206 636 329 727 absque
349 636 416 707 ulla
436 638 560 729 previa
579 658 673 705 casus
689 637 868 727 positione:
888 635 1137 727 «congregatio
1159 639 1248 707 (lon-

106 768 125 805 a
148 742 214 810 cilii
236 744 373 831 censuit,
397 757 493 835 caput
518 744 657 835 primam
678 743 832 812 sessionis
849 745 888 809 ll
907 742 959 833 (dc
979 745 1248 835 defensatione),

106 874 124 911 a
149 848 267 917 babere
283 849 390 920 locum
406 852 440 918 in
456 849 725 941 suspensionibus
738 858 772 917 et
794 848 1067 941 prohibitionibus
1081 862 1147 919 100
1162 862 1250 921 100-

106 980 124 1017 a
150 955 299 1044 parariis,
325 978 423 1047 quam
444 956 624 1047 perpetuis;
652 965 684 1023 et
710 954 919 1045 temporalem
945 954 1196 1047 prohibitionem
1216 967 1249 1027 et

106 1086 125 1125 e
148 1064 392 1155 suspensionem
407 1062 471 1133 dici
486 1086 571 1150 eam,
587 1062 644 1131 ubi
665 1086 705 1131 ex
721 1061 838 1131 delicto
853 1062 979 1132 occulto
996 1063 1251 1155 extra-judicia-

106 1194 124 1233 s
151 1171 224 1241 liter
240 1170 383 1264 procedit
404 1168 596 1261 Episcopus,
616 1168 658 1237 ad
677 1190 775 1237 suum
792 1168 1029 1261 beneplacitum
1045 1172 1249 1261 probibendo

104 1308 123 1349 a
149 1280 202 1353 vel
215 1274 490 1368 suspendendo.»

151 1413 168 1452 a
198 1383 416 1455 Bononiensis
439 1382 590 1453 Vicarins
615 1382 775 1474 supplicat
802 1380 973 1470 declarari,
995 1406 1040 1451 an
1065 1383 1247 1456 Ordiuariis

105 1496 308 1581 «locorum,
338 1492 454 1583 vigore
483 1491 647 1561 facultatis
670 1490 733 1559 sibi
758 1512 918 1559 concesse
946 1514 969 1558 a
991 1514 1083 1561 sacro
1113 1496 1249 1565 concilio

105 1630 124 1669 a
149 1599 352 1686 Tridentino,
375 1598 526 1668 sessionis
549 1602 587 1665 11
609 1596 713 1689 capite
729 1596 848 1687 primo,
872 1595 912 1665 de
930 1599 1181 1687 deformatione,
1206 1603 1249 1671 fi.

106 1736 125 1777 a
149 1718 217 1779 cest
234 1708 277 1777 ob
298 1705 461 1795 legitimas
483 1727 597 1773 000000
619 1703 833 1795 suspendere,
855 1704 953 1773 etiam
971 1708 1249 1798 extra-judiciali-

106 1824 208 1901 ater,
241 1814 373 1883 clericos
408 1820 439 1881 et
477 1812 682 1904 presbyteros
721 1810 905 1899 saeculares,
941 1812 1039 1881 etiam
1077 1817 1245 1905 parochos,

106 1922 212 1990 «sibi
242 1918 399 2005 subditos,
437 1919 564 1987 sublata
586 1918 632 1987 eis
661 1924 815 2007 potestate
848 1917 1045 2009 appellandi.
1075 1958 1121 1973 —
1149 1923 1249 1992 Sacra

106 2054 124 2094 a
147 2027 363 2119 congregatio
386 2026 565 2116 respondit,
585 2024 769 2094 Ordinariis
790 2032 827 2093 ut
846 2045 947 2116 supra
966 2025 1075 2095 licere.
1095 2054 1113 2094 s
1136 2030 1249 2122 (Libro

100 2136 313 2207 Decretorum
345 2136 398 2219 19,
428 2131 506 2201 10110
535 2136 597 2199 116
631 2140 785 2220 atergo,
814 2130 876 2198 sub
904 2130 957 2201 die
990 2136 1029 2201 11
1059 2138 1248 2207 novembris

102 2242 217 2332 1651.)

150 2374 168 2415 a
190 2347 369 2439 Episcopus
382 2368 424 2413 ex
445 2345 550 2413 causis
564 2344 628 2413 sibi
642 2344 728 2413 notis
747 2344 790 2435 (1)
806 2343 975 2435 suspendit
993 2368 1014 2413 a
1032 2348 1245 2420 celebratione

105 2484 124 2521 a
146 2464 177 2525 et
210 2452 364 2524 ordinum
404 2451 559 2521 exercitio
594 2451 822 2542 presbyterum
856 2452 1064 2522 Dominicnm
1096 2455 1248 2547 Gugliel-

104 2584 258 2649 amum,
283 2582 380 2652 quem
407 2558 545 2627 subinde
573 2558 788 2647 irregularem
812 2556 1000 2646 declaravit,
1025 2582 1068 2629 ex
1087 2584 1154 2653 quo
1171 2563 1243 2653 iste,

105 2694 122 2735 a
148 2668 291 2758 neglecta
304 2666 514 2757 suspensione
529 2662 695 2757 praedicta,
707 2665 892 2733 celebravit.
903 2664 1022 2735 Habito
1035 2668 1174 2758 proinde
1186 2693 1244 2762 per

104 2774 352 2845 «Dominicum
389 2794 522 2841 recursu
559 2772 600 2841 ad
642 2772 940 2863 Metropolitanum,
983 2783 1015 2841 et
1055 2785 1167 2867 postea
1203 2779 1246 2847 ad

103 2910 121 2949 a
144 2880 363 2974 Apostolicam
383 2879 566 2965 Camenam,
589 2878 718 2947 tandem
739 2901 783 2947 ex
804 2879 931 2948 decreto
953 2878 1123 2950 Auditoris
1140 2882 1244 2953 Sanc-

103 3016 121 3056 «
147 2990 260 3058 tissimi
275 2988 409 3057 remissa
429 2986 492 3055 luit
509 2985 663 3055 instantia
684 2984 725 3053 ad
747 2986 831 3053 banc
853 2985 986 3055 Sacram
1010 2988 1244 3080 Congregatio·

103 3124 122 3165 a
144 3120 236 3175 nem;
256 3116 331 3187 qum
351 3094 412 3162 sub
427 3093 480 3161 die
501 3098 541 3161 tt
563 3092 749 3160 novembris
764 3092 914 3183 proxime
929 3095 1085 3182 praeteriti
1101 3100 1240 3190 rescrip-

102 3231 120 3270 a
144 3204 198 3290 011,
216 3211 263 3289 01,
280 3200 376 3269 firma
398 3208 584 3268 remanente
604 3199 830 3289 suspensione,
848 3220 946 3267 00000
964 3200 999 3267 10
1018 3200 1175 3273 hodierno
1190 3205 1242 3275 10-

103 3338 121 3378 «
143 3312 188 3380 lio
201 3310 447 3378 describeretur.
466 3307 560 3375 Unde
575 3316 710 3397 utraque
722 3314 813 3397 parte
829 3306 1035 3395 informante,
1059 3310 1241 3382 decernen-

102 3444 121 3483 a
142 3418 223 3487 dum
247 3415 466 3508 proponitur:
489 3419 518 3481 1Ο
542 3436 583 3481 00
605 3413 690 3481 dicta
708 3412 878 3504 suspensio
893 3437 936 3483 ex
953 3416 1060 3483 causis
1079 3417 1238 3513 Episcopo

102 3552 121 3591 a
145 3526 229 3593 notis
242 3524 341 3592 luerit
356 3521 477 3590 valida.
494 3524 528 3587 2⁰
543 3524 596 3587 An
610 3521 655 3587 ita
669 3542 847 3609 suspensus
862 3519 1055 3591 celebrando
1067 3524 1241 3597 incurrerit

101 3660 119 3699 a
143 3634 178 3700 iu
194 3629 479 3719 irregularitatem.
494 3666 538 3678 -
553 3628 613 3695 Die
628 3626 725 3712 dicta,
750 3626 852 3695 Sacra
864 3627 1083 3718 Congregatic
1101 3655 1240 3725 respon-

100 3767 119 3805 0
142 3741 216 3808 dit:
236 3737 288 3807 Ad
302 3738 465 3827 phorum,
483 3735 687 3803 affirmative.
704 3734 756 3801 Ad
770 3734 956 3818 secwadum,
973 3737 1099 3807 distulit
1113 3742 1240 3811 resolu-

100 3876 119 3915 0
144 3851 266 3915 tionem
284 3844 330 3913 ad
344 3857 485 3912 mentem
499 3870 510 3909 :
526 3865 617 3911 meus
636 3852 685 3910 est
708 3851 744 3910 ut
765 3843 801 3909 iu
821 3844 972 3934 proxima
989 3854 1238 3937 congregatione

99 3953 312 4039 «referatur,
333 3974 376 4019 au
398 3950 601 4040 Guglielmus
634 3948 845 4017 celebraverit
871 3958 947 4019 ante
974 3954 1236 4045 appellationem,

99 4088 119 4127 a
141 4062 194 4131 vel
226 4068 296 4150 post
322 4058 487 4149 expletum
518 4066 645 4147 tempus
673 4056 897 4144 absolutionis,
925 4080 1001 4125 cum
1026 4061 1237 4132 reincidentia

130 4304 162 4373 (l)
176 4306 237 4359 Erec
252 4318 330 4358 voces
344 4320 376 4357 00
390 4306 472 4355 caesis
482 4300 534 4352 sibl
545 4304 613 4351 00110
630 4298 656 4351 10
672 4296 847 4363 manuscripto
861 4298 1024 4363 reperiuntur
1036 4301 1195 4355 subtinsatoe.

261 4406 293 4451 u.
1039 4386 1074 4445 et
