3050 4984
442 524 447 533 ·
509 499 583 547 raas
607 498 751 546 arcuum.
1138 479 1200 543 287

102 624 138 687 2ο
152 620 304 691 Discussa
319 619 380 690 hoc
399 620 547 704 articulo,
565 620 658 689 dehet
677 619 889 711 pronuntiare
902 618 1001 688 luisse
1018 620 1094 689 bene
1103 620 1203 711 judi-

64 743 173 796 catum
188 742 219 797 et
234 730 320 798 male
335 730 555 822 appellatum,
574 729 626 797 vel
638 738 751 796 contra
771 728 858 795 male
870 726 1065 819 judicatum
1081 740 1111 795 et
1127 730 1205 797 bene

64 837 276 927 appellatum.

103 948 137 1010 3⁰
159 944 196 1013 Si
212 945 471 1038 pronuntiaverit
493 946 570 1013 deae
586 944 803 1036 appellatum,
822 942 909 1010 male
919 942 1122 1033 judicatum,
1139 953 1205 1013 tota

64 1073 156 1119 causa
176 1052 238 1120 lmc
260 1052 331 1143 ipso
356 1052 419 1143 ipai
441 1050 617 1144 judicanda
642 1050 839 1119 devolvitur.
866 1049 908 1117 Et
933 1050 994 1118 hoc
1016 1072 1132 1120 verum
1155 1062 1204 1119 eat

65 1158 184 1225 etiamsi
211 1158 251 1227 ad
277 1158 520 1227 interlocutorio
547 1158 720 1226 dumtaxat
744 1155 842 1224 luerit
868 1156 1063 1248 appellatum
1092 1184 1099 1225 ε
1127 1180 1204 1225 nam

65 1265 158 1331 etiam
176 1274 255 1333 tunc
272 1264 399 1356 abipso
413 1262 629 1356 judicandum
650 1272 699 1331 est
714 1262 753 1330 de
769 1284 866 1330 causa
879 1262 1062 1354 principali,
1085 1270 1117 1331 et
1136 1286 1203 1331 nou

66 1379 184 1440 tautum
204 1371 244 1439 de
264 1371 453 1461 gravamine
473 1370 635 1439 incidente
656 1378 789 1461 propter
806 1368 894 1461 quod
910 1369 972 1437 luit
990 1370 1199 1461 appellatum.

65 1477 207 1547 instituet
220 1500 299 1569 ergo
315 1501 501 1570 processum
517 1476 557 1545 de
572 1485 638 1546 tota
658 1499 767 1562 causa,
785 1498 922 1567 eamque
937 1497 996 1568 per
1009 1478 1200 1546 sententiam

66 1582 265 1652 definitivam
286 1584 485 1671 terminabit,
502 1594 599 1675 atque
619 1584 714 1651 etiam
735 1582 919 1652 executioni
943 1583 1119 1671 mandabit,
1140 1584 1202 1652 nisi

66 1701 93 1758 et
105 1693 145 1761 ab
160 1693 232 1785 ipsa
245 1692 437 1784 appelletur.

105 1804 138 1867 l’
154 1800 190 1871 Si
209 1798 470 1891 pronuntiaverit
486 1798 561 1866 bene
578 1797 773 1889 judicatum
788 1812 819 1866 et
834 1798 921 1865 male
935 1798 1150 1891 appellatum,
1171 1810 1202 1869 et

66 1916 176 1995 agatur
190 1906 230 1975 de
244 1906 459 1999 appellatione
475 1929 494 1974 a
509 1905 695 1991 definitiva,
711 1906 858 1973 eamdam
880 1907 1073 1973 seutentiam
1087 1905 1201 1976 defiui-

67 2014 159 2082 tivam
180 2012 327 2105 ajudice
342 2037 364 2081 a
380 2036 443 2103 quo
467 2012 624 2105 prolatam
647 2012 716 2104 ipse
739 2013 957 2099 confirmabit,
982 2022 1078 2105 atque
1104 2015 1202 2083 etiam

67 2130 251 2213 exequetur.

108 2233 138 2294 5⁰
155 2228 190 2296 Si
210 2228 469 2320 pronuntiaverit
485 2226 562 2294 lenc
571 2226 765 2317 judicatam
783 2238 814 2293 et
829 2226 916 2295 mole
938 2228 1153 2319 appellatum,
1172 2239 1203 2298 et

67 2344 174 2423 agatur
190 2334 230 2403 de
246 2333 458 2425 appellatione
473 2334 515 2401 ab
530 2333 788 2416 interlocutoria,
802 2331 897 2401 debat
911 2356 1041 2401 causam
1057 2334 1097 2402 ad
1113 2338 1204 2426 prio-

67 2462 127 2508 rem
149 2440 292 2534 judicem
314 2440 494 2526 remittere,
521 2440 734 2509 condemnato
759 2438 800 2507 ad
824 2462 984 2531 expensas
1006 2442 1199 2533 appellante.

70 2546 120 2637 (lle
135 2548 185 2616 his
196 2547 348 2616 omnibus
363 2547 424 2614 sub
440 2547 593 2638 praesenti
609 2546 790 2638 quaestione
800 2550 819 2614 2
829 2546 935 2634 dictis,
947 2546 1020 2616 vide
1033 2547 1202 2617 Schmalz·

68 2655 211 2742 grneber‚
227 2655 261 2723 iu
277 2655 325 2721 tit.
346 2658 400 2739 28,
414 2652 491 2721 libri
507 2657 526 2719 2
543 2654 655 2739 llecr„
672 2676 705 2721 n.
724 2658 763 2719 97
782 2662 813 2721 et
829 2653 912 2744 aeq.)

106 2760 245 2842 Oceano
268 2766 310 2828 3¹.
328 2798 373 2811 —
389 2758 610 2844 Quandoaam
623 2758 734 2851 judea
751 2758 799 2827 ad
816 2782 915 2850 quem
937 2761 1040 2852 poscit
1059 2762 1203 2833 inlidere

63 2866 165 2955 judici
176 2892 198 2937 o
217 2892 295 2961 quo,
311 2892 353 2935 ne
364 2866 522 2959 procedat
536 2868 570 2935 ia
590 2872 712 2937 cauca?
724 2904 770 2919 -
786 2871 820 2934 1ο
836 2866 908 2935 Non
923 2875 1027 2958 potest
1042 2869 1203 2960 ejusmodi

69 2972 284 3044 inhibitionem
308 2974 412 3043 lacere
435 2984 608 3065 autequam
633 2974 694 3065 ipsi
721 2982 845 3042 constet
867 2996 981 3043 revera
1002 2976 1201 3066 appellatum

70 3078 172 3168 lciase,
187 3091 219 3150 et
238 3082 370 3173 quidem
385 3103 460 3150 cum
480 3081 596 3148 debitis
617 3080 880 3167 formalitatibua‚
897 3080 1004 3167 idest,
1020 3082 1106 3150 intra
1120 3092 1203 3151 teor

72 3210 124 3276 pus
144 3189 312 3275 debitum,
333 3197 393 3257 etc.
421 3188 469 3256 lta
493 3210 643 3278 expresse
668 3187 854 3255 decernitur
875 3187 1026 3255 decretali
1055 3193 1203 3258 Romana

74 3294 110 3381 (3,
124 3295 161 3365 de
175 3296 315 3388 appell„
333 3296 368 3362 iu
386 3294 429 3385 o).

109 3406 139 3469 2⁰
156 3404 192 3473 Si
204 3403 402 3495 appellatum
418 3402 459 3469 sit
473 3424 493 3469 a
507 3402 666 3469 sententia
686 3400 868 3480 definitiva,
894 3401 989 3470 modo
1008 3411 1132 3472 constet
1151 3428 1204 3473 re-

69 3526 138 3575 vera
152 3532 225 3577 cum
239 3509 357 3577 debitia
370 3507 624 3577 formalitatibus
638 3507 835 3599 appellatum
852 3506 964 3595 fuisse,
981 3518 1084 3599 potest
1095 3511 1203 3578 statim

69 3610 159 3699 judex
174 3616 220 3685 ad
229 3637 326 3707 quem
337 3614 483 3682 inhibere
493 3612 595 3704 judici
610 3635 711 3703 aquo
726 3635 767 3681 ne
781 3612 823 3681 ad
838 3613 1062 3684 executionem
1075 3628 1204 3685 santen-

72 3719 118 3787 tiae
134 3745 199 3791 suae
213 3722 377 3815 procedat.
394 3719 539 3789 Dicimus
551 3721 678 3801 statim,
695 3720 803 3807 idest,
821 3720 929 3789 atatim
945 3744 984 3790 ac
998 3724 1131 3814 coeperit
1143 3747 1202 3792 co-

72 3847 212 3914 gnoscere
225 3840 336 3899 utrom
352 3828 524 3920 appellatio
540 3825 727 3918 recipienda
742 3828 785 3895 ait
801 3850 912 3897 necne.

111 3940 141 4001 3ο
154 3966 170 4005 a
182 3940 225 4008 At
240 3938 267 4005 si
282 3936 479 4028 appellatum
495 3935 536 4002 sit
548 3936 589 4001 ab
601 3934 854 4023 interlocutoria,
872 3943 1045 4027 antequam
1060 3936 1203 4006 inhibeat

78 4041 203 4131 «judici
222 4044 371 4113 interiori
393 4044 426 4110 iu
446 4064 544 4110 cansa
561 4039 734 4132 procedere
745 4092 755 4128 ,
780 4064 877 4109 causa
899 4043 1084 4134 appellandi
1108 4044 1203 4113 debet

80 4172 93 4208 ι
111 4152 195 4237 priua
209 4174 277 4219 ease
290 4150 425 4243 probata
441 4159 472 4217 et
482 4148 670 4240 justificata,
687 4154 719 4215 et
738 4147 870 4239 quidem
888 4148 921 4215 io
936 4150 1109 4239 praeaeotia
1123 4174 1203 4242 par-

80 4278 94 4313 a
113 4254 199 4325 tium
221 4286 238 4323 a
263 4256 577 4347 (Schmalzgrnebeu
598 4256 631 4322 iu
654 4255 705 4322 tit.
723 4257 778 4342 28,
803 4256 824 4323 l.
849 4260 868 4322 2
893 4255 1033 4344 Deerat,
1051 4278 1084 4323 n.
1113 4260 1201 4353 tot.)
