3050 4984
538 545 613 592 PARS
635 546 781 593 SECUNDA.

604 785 626 876 s
646 783 706 856 1v.

296 927 388 979 Forma
400 926 552 980 absolvendi
565 929 659 980 testem
672 929 861 982 econtumscic
871 942 1014 982 reversum.

129 1105 145 1136 «ι
168 1080 362 1162 Comparuit
378 1099 490 1147 coram
509 1082 684 1147 reverendo
703 1082 757 1162 N.,
783 1083 1046 1149 reverendissimi
1071 1084 1229 1170 Episcopi

84 1187 127 1250 N.
159 1187 286 1252 Vicario
305 1189 461 1272 penerati,
484 1190 635 1255 dominus
657 1191 689 1255 N
692 1208 716 1271 .;
736 1192 805 1273 qui,
832 1199 871 1255 ut
888 1193 1076 1274 prefertur,
1098 1193 1165 1276 tuit
1186 1193 1226 1258 ob

85 1297 328 1363 contumaciam
341 1299 638 1363 excommunicatus
651 1298 731 1380 (sive
741 1301 950 1382 suspensus);
965 1308 997 1365 et
1013 1300 1099 1365 dicit
1109 1319 1143 1365 se
1154 1318 1225 1384 poe·

82 1404 188 1467 nitere
200 1404 240 1468 de
252 1407 457 1470 contumacia
470 1424 543 1484 sua,
559 1407 594 1469 in
607 1423 672 1470 non
682 1406 831 1490 parendo
845 1406 1010 1472 mandatis
1024 1415 1055 1473 et
1068 1408 1227 1473 citationi-

85 1510 147 1574 bus
157 1512 221 1576 sibi
234 1513 351 1594 soctzs;
361 1519 534 1597 propterea
546 1532 579 1578 se
593 1522 754 1598 paratum
766 1531 833 1578 esse
848 1517 939 1580 toties
951 1516 1076 1598 quoties
1093 1523 1226 1579 vocatus

81 1619 241 1698 fueritin
260 1629 428 1704 posterum
451 1640 648 1705 comparere,
671 1631 703 1685 et
725 1623 900 1687 reverendo
929 1623 1055 1689 Vicario
1081 1624 1229 1706 penereti

85 1726 232 1810 obedire;
259 1730 452 1812 interimque
472 1730 669 1813 supplicavit
690 1748 712 1794 a
734 1747 871 1794 censura
893 1739 1006 1795 contra
1027 1750 1061 1795 se
1081 1731 1148 1796 iata
1167 1731 1225 1796 ab·

84 1834 178 1898 sotoi.
194 1835 302 1916 ipitur
312 1838 470 1920 prefatus
487 1837 681 1902 reverendus
699 1837 847 1902 Vicarius
863 1838 1036 1920 pennalis,
1055 1840 1226 1922 premissa

84 1950 269 2024 opportuna
282 1951 314 2008 et
330 1946 428 2026 pravi
442 1945 629 2024 monitione,
652 1952 682 2008 et
699 1962 811 2011 coram
832 1945 962 2010 testibus
987 1947 1077 2028 infra
1097 1949 1226 2031 seriptis

83 2049 134 2112 ad
145 2050 203 2114 boc
216 2052 397 2133 specialiter
407 2055 541 2131 vocatis,
557 2055 591 2116 in
602 2055 714 2136 forma
728 2059 879 2118 consueta
891 2071 967 2118 eum
980 2053 1126 2118 absolvit.
1143 2055 1226 2121 Acta

83 2165 163 2220 sunt
175 2156 277 2222 isaec...
292 2193 334 2206 -
348 2160 418 2242 Epo
431 2161 463 2224 N
465 2208 486 2239 .,
498 2162 581 2244 petii
592 2167 624 2224 et
638 2163 780 2243 promisi
795 2169 832 2225 ut
850 2179 961 2244 supra.
975 2197 1016 2210 -
1029 2162 1102 2245 Epo
1117 2163 1159 2231 Ν.
1172 2165 1228 2245 sui

86 2266 185 2328 testis.
200 2301 241 2312 -
253 2266 327 2349 Epo
340 2267 382 2335 N.
404 2269 460 2349 fui
476 2270 571 2333 testis.
594 2303 634 2314 -
651 2267 725 2351 Epo
745 2269 801 2346 N.,
829 2268 976 2334 Vicarius
992 2269 1164 2351 poneretis.
1186 2307 1225 2318 -

86 2371 162 2454 Epo
178 2374 234 2452 N.,
248 2377 427 2440 actuarius.
442 2399 458 2434 »

615 2510 694 2602 gv,

114 2664 206 2714 Forma
217 2665 382 2716 examinandi
394 2668 486 2720 testem
499 2679 631 2718 reversum
644 2681 659 2717 r
672 2666 825 2731 pertinacia,
840 2668 907 2718 vela
920 2679 1030 2718 censura
1043 2667 1196 2718 absolutum.

132 2817 179 2887 De
193 2839 324 2887 reverso
337 2842 357 2887 a
369 2819 555 2912 pertinacia,
571 2819 617 2890 sic
630 2820 728 2889 scribi
741 2827 845 2912 potest
864 2847 871 2887 :

132 2961 252 3028 «Cum
272 2962 422 3028 domemus
439 2965 482 3029 N.
499 2966 597 3042 testis,
620 2965 678 3048 qui
697 2973 735 3027 ut
759 2981 862 3047 supra
886 2962 1093 3027 citationibus
1108 2981 1226 3046 parere

87 3079 253 3149 renuerat,
270 3071 415 3136 nondum
430 3081 540 3137 tamen
552 3073 621 3136 utta
634 3090 771 3137 censura
787 3071 956 3155 perculsus
972 3073 1094 3153 suerat,
1110 3071 1158 3135 ad
1171 3089 1225 3134 sa-

87 3180 215 3242 niorem
233 3187 373 3244 mentem
392 3181 547 3261 rediisset,
567 3183 657 3246 misit
678 3180 726 3272 ad
741 3179 957 3244 reverendum
977 3179 1031 3256 N.,
1060 3178 1226 3244 Vicarium

87 3287 283 3369 pcneralem,
314 3289 444 3353 veniam
467 3297 578 3373 petens
604 3296 635 3353 et
657 3288 872 3353 obedientiam
892 3287 1096 3372 promittens.
1122 3287 1226 3368 Quem

90 3395 177 3459 idem
190 3396 384 3460 reverendus
404 3396 548 3462 Vicarius
566 3396 727 3478 peneraiis
740 3395 788 3460 ad
794 3396 921 3460 curiam
933 3395 1081 3476 vocavit;
1092 3395 1150 3458 ubi
1163 3393 1227 3459 dic·

90 3510 142 3566 tus
156 3505 254 3582 testis,
269 3502 374 3568 oblato
385 3504 449 3567 sibi
451 3504 652 3587 juramento,
667 3503 757 3587 quod
763 3503 855 3568 tactis
869 3502 1060 3586 Ecanqetiis
1069 3501 1132 3584 (vel
1143 3510 1226 3567 tacto

87 3618 214 3692 pectore
228 3611 255 3674 si
278 3611 319 3675 sit
333 3612 510 3696 presbyter)
517 3611 683 3696 prestitit,
696 3612 761 3693 fuit
781 3611 999 3696 interropatus
1019 3619 1050 3676 et
1062 3609 1229 3696 respondit

91 3726 129 3784 ut
140 3719 323 3803 sequitur...
341 3743 355 3779 s

134 3856 183 3924 De
196 3856 344 3926 absoluto
357 3880 377 3925 a
389 3879 527 3927 censure
538 3855 637 3926 scribi
650 3857 712 3926 hoc
725 3857 825 3927 modo
839 3856 957 3949 poterit
975 3883 982 3924 ι

135 4023 150 4060 c
166 4000 251 4067 Cum
265 4009 375 4067 autem
388 4002 510 4066 dictum
524 4000 556 4065 N
557 4049 578 4081 .,
593 4020 615 4064 a
631 4019 768 4065 censura
788 4009 827 4065 ut
842 4001 1019 4085 prefertur
1033 3998 1226 4077 absolutum,

91 4108 286 4172 reverendus
297 4109 329 4173 N
331 4156 352 4187 .,
374 4109 519 4175 Vicarius
538 4109 698 4191 peneraiis
711 4109 759 4173 od
777 4110 904 4174 curiam
918 4114 1070 4184 vocasset,
1086 4105 1117 4169 ei
1127 4108 1228 4188 jura-

90 4223 238 4282 mentum
262 4216 387 4296 obtulit,
413 4216 503 4301 quod
521 4225 551 4282 et
572 4216 625 4281 itte
647 4215 740 4281 solito
762 4235 852 4282 more
870 4214 1042 4305 prestitit5
1059 4231 1098 4278 oc
1117 4219 1231 4296 postea

93 4327 312 4409 interropatus
323 4325 471 4409 deposuit
483 4333 520 4390 ut
532 4325 716 4410 sequitur...
730 4347 746 4382 s
