3050 4984
259 414 321 481 ctu
627 430 803 479 messurus
825 431 864 478 ne
886 431 1019 479 morans.

255 556 285 624 si
301 554 402 623 verba
428 553 530 645 ipsius
550 560 669 622 atteme
699 553 953 645 perpendantur,
976 552 1099 645 patebit
1118 573 1217 622 varus
1230 572 1357 621 sensus
1389 578 1398 619 τ

261 688 278 727 a
300 662 506 751 Quamquam
517 660 588 729 haec
603 662 773 730 verissima
782 662 857 745 sint,
873 661 992 752 inquit,
1005 669 1146 728 attamen
1159 658 1401 749 reprehensibi-

259 790 277 831 α
300 765 340 833 lis
354 765 438 833 foret
450 764 642 855 Episcopus,
659 765 739 833 siin
756 788 816 833 sua
837 766 964 857 synodo
991 766 1179 850 declararet,
1198 786 1233 831 se
1247 764 1400 855 deinceps

260 898 277 935 u
300 893 342 938 ex
359 871 486 961 privata
499 878 624 938 tuntum
639 872 786 956 scientia,
802 894 902 962 prens
915 871 1139 963 suspensionis
1153 893 1175 937 a
1189 870 1313 937 divinis
1327 871 1400 938 ani-

259 1003 276 1042 α
300 976 550 1046 madversurum
565 977 600 1044 in
614 976 758 1063 clericos,
776 1000 859 1069 quos
874 979 1020 1067 graviter
1035 977 1209 1069 deliquisse
1223 998 1401 1068 compere-

258 1108 275 1148 ι(
298 1084 356 1168 rit,
369 1083 520 1174 quamuis
534 1106 650 1151 eorum
664 1082 818 1151 delictum
832 1107 899 1152 non
906 1084 1011 1175 possit
1035 1084 1071 1152 io
1083 1085 1159 1174 foro
1172 1096 1306 1152 estem
1320 1106 1399 1151 con-

260 1217 277 1256 «
300 1188 463 1258 cludenter
472 1189 618 1280 probam,
636 1200 693 1259 aut
706 1189 790 1258 illud
801 1213 867 1258 non
879 1190 1030 1281 expediat
1045 1191 1081 1257 in
1095 1190 1234 1258 aliorum
1251 1190 1403 1258 notitiam

261 1323 278 1361 o
300 1296 458 1365 deducere
476 1324 482 1363 ε
503 1296 665 1387 ejusmodi
676 1297 837 1386 siquidem
853 1297 1038 1365 constitutio
1052 1296 1228 1388 quamdam
1240 1295 1401 1364 redoleret

260 1430 277 1471 c
300 1403 588 1472 ambitionem...»
608 1403 711 1471 Porro
727 1402 849 1494 duplici
874 1425 970 1472 sensu
991 1402 1061 1471 lieri
1077 1411 1181 1495 potest
1193 1411 1230 1471 nt
1244 1402 1400 1471 delictum

256 1508 678 1602 nequeatconcludenterc'n
698 1512 772 1599 soro
795 1522 928 1577 cate-roo
955 1511 1085 1601 probari
1114 1513 1174 1577 :1-
1197 1509 1274 1601 quis
1297 1508 1401 1599 aliqui

254 1626 362 1703 testes,
386 1616 425 1683 ad
443 1616 571 1706 plenam
600 1616 823 1706 probationem
846 1616 1031 1701 necessarii,
1060 1618 1094 1684 in
1118 1614 1252 1706 publico
1275 1614 1401 1707 judicio

255 1744 442 1813 comparere
465 1733 498 1790 ct
512 1721 672 1812 deponere
687 1732 854 1809 recusant3
881 1726 916 1789 2⁰
941 1722 1020 1812 quia
1034 1722 1252 1813 probationes,
1273 1722 1401 1789 etiamsi

255 1829 297 1898 sd
311 1832 418 1899 forum
431 1841 605 1896 externum
621 1828 869 1911 deducerentur,
888 1830 1016 1920 plenum
1032 1828 1255 1919 probationem
1269 1849 1336 1895 non
1350 1828 1401 1895 et-

257 1935 400 2004 licereut.
431 1936 468 2002 ln
496 1935 597 2025 priori
620 1956 699 2024 ergo
726 1956 823 2004 sensu
842 1935 1048 2025 interpretari
1072 1944 1209 2026 possunt
1224 1956 1261 2002 aa
1286 1936 1399 2018 verbs,

257 2041 407 2132 quemuis
420 2062 535 2107 corum
550 2040 703 2108 delictum
718 2062 785 2107 noo
796 2040 898 2130 possit
913 2040 948 2107 in
959 2042 1033 2130 soro
1054 2052 1186 2107 esctcrm
1206 2039 1401 2107 concluden-

259 2160 307 2215 ter
318 2146 456 2239 probari
472 2172 482 2212 .·
498 2146 648 2237 quamvis
663 2146 783 2213 scilicet
799 2167 912 2213 eorum
927 2145 1080 2214 delictum
1094 2168 1159 2213 non
1173 2147 1276 2235 possit
1285 2147 1318 2213 in
1329 2146 1402 2214 foro

254 2262 390 2321 externo
405 2251 635 2321 concludenter
650 2254 796 2341 probari,
813 2254 854 2321 od
866 2266 1001 2321 esterna
1019 2253 1197 2334 obstacula,
1210 2274 1285 2343 que
1297 2253 1401 2345 impe-
1502 2257 1503 2338 l

256 2358 349 2427 ditent
376 2382 416 2425 nc
427 2358 637 2449 probationes
663 2358 697 2424 irc
724 2380 760 2425 co
787 2360 861 2448 soro
890 2357 1117 2440 deducentem
1132 2381 1198 2427 non
1227 2370 1340 2427 autem
1362 2382 1401 2428 eo

256 2463 344 2556 quod
359 2466 499 2533 rationes
514 2463 553 2531 de
567 2485 600 2531 sc
620 2462 853 2532 insufficientes
869 2464 935 2532 sint
948 2466 990 2532 ad
1012 2465 1241 2533 concludenter
1257 2467 1401 2556 proban-
1502 2447 1503 2464 ἵ

258 2572 336 2639 dum
353 2572 387 2637 in
403 2572 475 2639 loro
487 2577 634 2654 externo,
653 2571 680 2637 si
694 2580 825 2661 possent
839 2571 874 2637 in
887 2592 926 2638 eo
940 2572 1012 2639 loro
1027 2569 1155 2639 deduci.
1502 2637 1503 2650 ,

303 2678 467 2745 Lmrrsrro
477 2676 727 2766 V².-Neqcit
738 2676 919 2767 Episcopus
929 2677 1168 2745 ordinatcbnem
1178 2679 1301 2769 absque
1304 2680 1401 2769 justo
1502 2657 1503 2736 i

256 2804 357 2851 cause
372 2804 539 2863 recusare·
553 2795 584 2849 ct
599 2806 621 2849 c
635 2783 837 2851 recreatione
847 2796 941 2873 patet
951 2805 1077 2874 semper
1090 2783 1136 2852 ad
1149 2786 1398 2874 Papemrccur·

255 2912 321 2957 sus.
340 2928 384 2942 -
395 2890 456 2957 Hic
471 2888 686 2979 expendenda
701 2891 791 2957 venit
803 2892 954 2981 quaestio,
970 2912 1013 2957 an
1025 2889 1204 2980 Episcopus
1228 2892 1332 2979 possit
1346 2913 1398 2959 or·
1502 2927 1503 2936 κ

257 2997 457 3065 dinationem
472 3017 622 3064 recusare
638 2998 680 3081 ei,
695 2996 750 3086 qui
763 2996 909 3064 ordinari
924 2996 1077 3085 postulat,
1094 2995 1226 3087 quaudo
1236 2997 1272 3063 in
1288 3020 1327 3065 eo
1343 3020 1400 3065 nec
1502 2995 1503 3032 ³

259 3106 413 3192 detectus,
430 3126 489 3172 nec
502 3102 658 3172 delictum
673 3103 847 3193 reperitur,
865 3125 940 3193 quae
953 3104 1021 3170 sint
1036 3126 1133 3171 causa
1144 3103 1295 3193 legitima
1308 3126 1398 3173 eum·
1502 3093 1503 3184 i

259 3213 333 3280 dem
348 3235 367 3279 a
391 3212 489 3279 sacris
504 3210 676 3280 ordinibus
691 3208 834 3277 arcendi.
853 3210 905 3277 Ad
931 3209 1026 3300 cujus
1050 3210 1249 3278 difficultatis
1264 3211 1400 3279 solutio-

258 3342 346 3402 nem,
364 3338 566 3409 exponemus
595 3320 626 3383 1⁰
648 3316 882 3384 nonnullorum
909 3317 1095 3407 opinionem
1111 3316 1311 3385 conclusioni
1327 3339 1400 3386 noc·

259 3438 320 3493 trae
350 3448 390 3492 ax
420 3433 509 3515 parte
536 3423 731 3491 annuariam
743 3448 753 3509 3
787 3426 819 3488 2⁰
845 3422 1083 3490 conclusionem
1100 3423 1203 3513 ipsam
1233 3432 1400 3491 vosmet
1502 3421 1503 3448 ¹

259 3533 494 3601 admittendam
509 3529 726 3598 ostendemus.

304 3640 330 3709 l.
348 3638 538 3729 Euponitur
560 3638 728 3704 contraria
742 3637 976 3706 mosellorum
989 3638 1112 3728 operio.
1141 3674 1186 3688 -
1199 3638 1314 3729 Aliqui
1339 3640 1399 3706 sci·

259 3748 332 3814 licat
348 3756 503 3835 tanquam
528 3744 726 3835 principium
752 3754 892 3834 ponunt,
909 3745 1147 3813 ordinationem
1162 3744 1204 3811 ad
1224 3747 1397 3834 gratiosam

256 3853 514 3943 jurisdictionem
542 3852 722 3940 pertinere3
753 3861 863 3941 postea
893 3874 971 3920 vero
997 3854 1172 3941 gratiosam
1197 3852 1399 3941 jurisdictio-

258 3982 334 4029 nem
350 3960 462 4026 dicunt
486 3958 520 4023 in
536 3958 575 4023 iis
592 3958 726 4043 versari,
754 3980 830 4048 quae
847 3982 906 4049 pro
921 3958 1017 4026 libitu
1033 3960 1212 4049 llpiseopus
1225 3960 1399 4028 concedere

257 4069 310 4135 vel
327 4088 475 4133 recusare
492 4074 612 4155 potest;
633 4066 679 4132 ita
691 4076 739 4149 ut,
756 4067 785 4131 si
800 4067 942 4155 gretiam
952 4075 1089 4152 rccuset,
1103 4066 1227 4133 nnllam
1243 4068 1398 4158 iujuriam

257 4176 351 4244 laciat
364 4174 406 4260 ei,
423 4173 481 4263 qui
503 4171 666 4262 repulsam
693 4173 815 4262 patitur
833 4199 842 4240 :
858 4175 944 4241 uude
968 4173 1127 4260 inferunt,
1144 4174 1397 4269 ordinationem,
