3050 4984
294 446 357 512 tut
665 463 841 511 naimarus
862 463 901 509 on
924 461 1057 510 runicus.

293 587 375 650 tioni
396 585 557 667 subjectis,
586 586 770 668 ceterisque
796 585 843 648 ud
862 602 942 668 quos
963 583 1115 666 pertinet,
1137 589 1175 645 ut
1205 580 1245 645 Tc
1274 579 1307 642 in
1333 577 1430 641 talem

292 702 471 776 wnosccnt
491 702 521 756 et
545 695 716 774 recipiant,
737 693 797 756 sub
822 692 926 774 poenis
951 692 1088 755 arbitrio
1115 697 1223 753 nostro
1248 705 1310 770 pro
1334 685 1431 749 modo

290 801 394 883 culpe
408 799 602 883 inflipendis.
618 800 835 864 Praesentibus
855 799 902 864 ad
918 807 1065 862 nostrum
1090 795 1326 879 beneplacitum
1346 792 1430 856 uali-
1504 789 1505 880 J

292 911 384 972 turis.
407 909 447 973 In
469 926 610 990 pecorum
633 907 732 986 fidem
821 907 1025 972 datum...-
1049 903 1103 979 Ν.,
1128 903 1310 986 Episcopus
1334 899 1377 962 N.
1395 935 1432 946 -
1504 985 1505 998 ἵ

291 1015 325 1078 N
326 1061 346 1092 .,
363 1014 614 1080 concellarius.»

333 1149 487 1218 Notarius
501 1156 612 1218 antem
627 1172 702 1217 curn
714 1147 876 1240 ejusmodi
889 1147 1010 1216 litteras
1024 1145 1195 1238 acceperit,
1206 1143 1431 1236 juramentum

289 1256 385 1348 juxta
399 1257 602 1346 praemissam
617 1256 792 1326 formulam
809 1263 949 1348 prestet,
968 1254 1036 1321 sive
1049 1275 1157 1322 coram
1171 1253 1241 1343 ipso
1256 1249 1430 1340 Episcopo,
1504 1243 1505 1320 J

290 1365 360 1431 sive
380 1385 490 1431 coram
504 1361 573 1448 itto,
590 1386 688 1454 quem
704 1364 881 1456 Episcopus
902 1363 943 1430 ad
967 1360 1188 1451 recipiendum
1201 1358 1430 1449 juramentum
1504 1409 1505 1420 ,

291 1468 506 1560 deputaverit.

334 1577 380 1643 De
394 1576 455 1644 hac
468 1577 628 1647 creatione
642 1577 760 1646 notarii
773 1576 845 1644 fieri
860 1575 954 1644 debet
966 1575 1089 1644 mentio
1100 1573 1193 1642 initio
1207 1579 1355 1658 usurum
1375 1593 1431 1662 pro
1504 1577 1505 1580 ’

290 1706 355 1777 quo
371 1684 548 1752 formulam
564 1684 651 1752 infra
665 1682 870 1753 exhibemus.

335 1791 369 1858 Si
387 1813 464 1858 vero
486 1791 520 1857 in
543 1791 682 1858 decursu
703 1813 872 1882 processus
889 1790 1003 1860 morbo
1021 1790 1127 1858 aliave
1147 1789 1188 1857 de
1209 1811 1308 1857 causa
1327 1790 1433 1879 impe-

290 1897 398 1966 dietur
411 1898 587 1983 actuarius,
606 1897 690 1966 alius
703 1897 873 1988 premisso
890 1898 988 1968 modo
1009 1895 1171 1966 creandus
1185 1904 1250 1982 est3
1269 1896 1356 1964 etde
1374 1896 1432 1962 hac

290 2005 450 2074 creatione
465 2026 502 2072 ac
512 2005 739 2073 substitutione
753 2005 873 2074 mentio
888 2006 966 2073 actis
979 2005 1101 2096 pariter
1113 2003 1285 2072 inserenda
1297 2011 1358 2089 est,
1374 2003 1432 2072 hoc

291 2111 384 2180 verbi
397 2111 502 2199 gratia
518 2110 616 2179 niodo
635 2139 643 2177 :

830 2247 887 2314 ΠΙ.

429 2414 551 2467 Formula
566 2413 697 2466 referendi
711 2415 739 2465 in
755 2413 819 2465 actis
835 2413 1044 2464 substitutionem
1060 2411 1165 2464 atterius
1183 2411 1299 2462 nouauit.

335 2589 451 2655 «Cum
465 2588 506 2651 D.
521 2586 552 2649 N
555 2635 575 2664 .,
591 2587 746 2669 Epe'scopi
761 2587 940 2663 uetuerius,
954 2587 1014 2668 qui
1031 2585 1231 2666 inpraesenti
1247 2601 1349 2647 causo
1371 2583 1431 2646 uu-
1504 2561 1505 2578 ¹

290 2715 408 2779 unque
422 2697 568 2760 irneroiit
584 2712 646 2775 pro
666 2697 826 2771 actuario,
850 2695 996 2776 praviter
1016 2695 1058 2756 sit
1076 2695 1259 2772 infirmatae
1278 2696 1349 2771 (eut
1370 2693 1433 2756 alia
1504 2691 1505 2702 ’

289 2823 387 2868 causa
407 2803 629 2884 exprimatur),
643 2803 690 2864 itu
709 2811 746 2864 ut
758 2811 897 2884 nequeat
916 2803 950 2864 in
970 2801 1076 2882 officio
1099 2803 1241 2864 actuarii
1260 2801 1418 2882 prosequi
1422 2816 1433 2877 ;
1504 2795 1505 2798 ’

290 2911 395 2978 lituu
416 2909 591 2975 Reverend.
614 2909 687 2972 NN.
706 2908 886 2991 Episcopus
900 2908 979 2989 fecit
1002 2926 1054 2972 rnc
1076 2925 1192 2972 vacue
1212 2909 1245 2970 in
1268 2907 1432 2990 potorium
1504 2887 1505 2916 ³

288 3034 356 3082 suu
378 3017 570 3092 residentiae,
589 3025 620 3078 et
639 3034 752 3078 corum
774 3016 989 3098 infrascriptis
1014 3014 1155 3092 escum,
1175 3013 1251 3078 dato
1270 3013 1355 3076 mitt
1377 3017 1433 3094 yu-
1504 3057 1505 3102 3

289 3132 436 3188 ramento
462 3123 640 3202 fidelitatis,
665 3123 756 3204 quod
775 3123 924 3203 praestiti,
948 3141 999 3185 me
1028 3125 1194 3186 notarium
1225 3122 1361 3198 creauit,
1389 3121 1433 3182 ud
1504 3119 1505 3158 ἒ

290 3230 437 3312 effectum
452 3239 490 3292 ut
508 3229 557 3292 illi
569 3230 759 3292 iruervirern
774 3247 836 3310 pro
855 3230 1003 3292 centurio
1023 3231 1057 3292 in
1072 3229 1295 3311 prosecutione
1312 3245 1428 3292 cause.
1504 3209 1505 3276 Ῑ

288 3342 372 3402 Actu
390 3344 466 3399 sunt
486 3335 553 3399 neec
572 3337 625 3399 die
696 3353 803 3399 mense
881 3335 986 3399 locu..
1006 3337 1060 3400 Ita
1086 3344 1142 3399 est.
1164 3371 1202 3382 -
1220 3334 1277 3412 Ν.,
1300 3335 1430 3416 Episco
1504 3361 1505 3408 t

288 3463 362 3530 pus.
378 3479 416 3491 -
433 3444 505 3526 Epo
519 3442 551 3505 N
554 3490 575 3519 .,
583 3445 638 3524 sui
651 3445 747 3508 testis.
762 3479 801 3492 -
815 3443 889 3524 Epo
903 3443 935 3504 N
937 3489 959 3521 .,
967 3443 1022 3522 sui
1035 3444 1133 3506 testu.
1149 3466 1163 3504 u

768 3714 910 3794 CAPUT
933 3715 988 3791 tn.

620 3915 725 3964 FORHA
747 3919 863 3965 LIBELLI
886 3917 1090 3966 accusarunt.

335 4105 505 4206 Ejusmodi
520 4106 699 4180 iormnlnm
719 4110 860 4200 reperies
875 4109 961 4201 apud
981 4110 1159 4199 Megalium
1178 4109 1310 4199 (Proseis
1324 4106 1426 4184 crine,

291 4246 362 4314 cap.
382 4224 435 4309 to,
457 4243 491 4288 n.
516 4223 572 4308 29,
593 4225 625 4286 et
643 4216 728 4308 apud
752 4215 1020 4306 Reiffenstuel(in
1038 4217 1085 4284 tit.
1113 4219 1143 4303 t,
1166 4215 1243 4285 libri
1260 4217 1427 4300 suunt,
