3050 4984
578 488 652 535 rins
675 488 821 535 securos.
1202 472 1264 534 223

169 611 200 675 3.
212 608 380 691 Quomodo
394 608 544 677 fabricari
554 616 585 677 ct
597 610 787 700 presentari
797 608 938 677 debeant
948 608 1110 699 ejusmodi
1124 609 1264 693 articuli,

9 689 15 722 ¹
121 714 223 783 hebes
238 717 272 783 in
287 694 479 785 formuiario
498 714 695 807 (collectione
711 721 744 801 2,
760 717 863 808 capite
886 717 954 806 38).

170 827 200 890 t.
223 822 407 892 Constituto
428 846 507 913 ergo
520 822 585 907 dic,
600 846 693 892 reum
710 831 820 891 monet
832 821 934 915 judex
949 831 987 891 ut
1001 822 1159 914 producat
1174 832 1269 892 testes

122 928 225 997 aliave
241 928 446 1015 documenta,
459 930 579 1021 quibus
587 930 739 999 articulos
750 929 950 998 defensorios
962 930 1101 1021 probare
1114 930 1264 999 intendit.

122 1036 215 1105 Tunc
230 1058 306 1107 reus
321 1038 471 1107 nominet
485 1046 581 1106 testes
596 1059 695 1129 super
711 1038 767 1105 tali
781 1037 836 1106 vel
850 1037 969 1106 talibus
983 1037 1127 1106 articulis
1141 1040 1267 1107 exami-

121 1144 250 1213 nandos
265 1144 315 1235 (hi
331 1166 409 1214 vcro
422 1144 486 1213 uisi
502 1152 628 1235 sponte,
652 1154 789 1235 rogante
816 1166 884 1231 reo,
902 1145 1063 1229 venirent,
1078 1145 1267 1213 auctoritate

118 1250 243 1341 judicis
266 1262 343 1320 sunt
357 1250 501 1341 citandi).
520 1250 676 1341 Singulos
696 1272 776 1341 ergo
800 1250 842 1319 ad
857 1250 1078 1319 defensionem
1092 1250 1267 1342 productos

122 1366 230 1445 testes,
247 1357 353 1427 delato
368 1358 462 1449 prius
474 1356 673 1449 juramento,
686 1356 789 1449 judex
807 1380 896 1426 more
909 1357 1003 1427 solito
1018 1358 1195 1447 examinat,
1210 1380 1265 1427 eo-

121 1486 261 1557 rumque
286 1465 518 1557 depositionem
545 1464 669 1555 recipit.
689 1464 730 1532 Et
755 1465 876 1556 puriter
891 1464 927 1531 fit
946 1465 1179 1555 productorum
1205 1486 1266 1556 pro

121 1580 212 1661 parte
227 1571 275 1639 rei
297 1572 589 1639 instrumentorum
606 1590 756 1639 examen.

169 1682 199 1745 5.
217 1677 310 1747 Sicut
325 1679 429 1771 potuit
455 1700 531 1746 reus
555 1688 670 1746 contra
685 1686 781 1745 testes
797 1679 859 1747 sibi
879 1680 1043 1771 oppositos
1058 1680 1265 1771 exceptiones

120 1805 314 1877 proponere,
333 1786 378 1853 ita
393 1792 496 1874 potest
509 1794 676 1875 promotor
690 1782 810 1852 fiscalis
827 1785 890 1877 (vel
901 1794 1079 1871 accusator,
1095 1786 1123 1853 si
1142 1787 1196 1855 via
1209 1808 1265 1855 sc-

119 1894 294 1961 cusationis
309 1892 511 1984 procedatur)
528 1900 640 1960 contre
652 1898 747 1961 testes
761 1890 804 1960 sd
819 1890 1040 1962 defensionem
1052 1894 1098 1961 rei
1125 1894 1265 1984 produc-

120 2001 341 2092 tosexcipere,
360 2022 417 2069 nec
435 2021 502 2067 non
529 1999 785 2090 ictmopctoria
804 1998 907 2090 judici
921 2000 1103 2089 porrigere,
1127 2001 1264 2092 petendo

120 2115 160 2175 ut
170 2108 349 2177 monadum
364 2107 493 2177 eudicti
509 2114 604 2175 testes
620 2107 875 2196 interrogentur.

168 2219 199 2282 6.
217 2214 324 2283 Finito
339 2215 468 2283 testim
484 2221 515 2281 et
535 2214 829 2281 instrumentorum
847 2233 906 2302 pro
920 2220 1011 2305 parte
1026 2214 1074 2281 rei
1089 2214 1266 2306 producto-

119 2344 196 2389 rum
212 2322 377 2409 examine,
403 2341 529 2388 necnon
545 2318 665 2411 pariter
679 2318 873 2386 examinatis
892 2318 933 2385 iis
948 2319 1100 2389 omnibus
1122 2343 1197 2412 quae
1222 2346 1264 2391 cx

119 2434 259 2519 utreque
274 2436 364 2519 perte
379 2448 439 2518 pro
455 2425 584 2517 repulsa
600 2424 731 2493 testium
743 2424 963 2511 adducuntur,
984 2423 1057 2492 fleri
1071 2433 1175 2516 potest
1188 2450 1264 2519 pro-

119 2556 231 2602 cessus
246 2533 404 2602 detensivi
419 2531 606 2624 publicatio,
632 2552 671 2599 eo
698 2530 766 2599 fere
790 2530 887 2599 modo
909 2552 976 2621 quo
990 2530 1074 2599 tacta
1088 2540 1136 2599 est
1159 2532 1263 2603 offen-

120 2642 184 2710 sivi
202 2668 209 2709 :
228 2640 283 2710 sed
296 2639 472 2733 publicatio
486 2636 647 2731 ejusmodi
665 2639 846 2707 necessaria
869 2658 934 2704 nou
955 2644 1015 2704 est.
1042 2637 1139 2729 (Vide
1157 2640 1264 2709 Pelle-

119 2747 599 2839 gneum,partet,eect.12.)

166 2860 198 2923 7.
216 2856 255 2922 ln
268 2854 374 2923 ceusis
389 2852 540 2921 civilibus
565 2854 602 2919 tit
621 2851 783 2919 conclusio
805 2852 843 2919 in
865 2873 965 2919 causa
987 2873 1081 2921 :non
1095 2860 1203 2923 auum
1228 2856 1263 2923 in

118 2962 362 3048 criminalibus3
380 2961 457 3051 quia
480 2960 515 3027 in
541 2959 593 3027 his
615 2968 689 3027 ante
711 2958 870 3051 prolatam
886 2958 1092 3047 contendam,
1117 2972 1263 3031 remanet

118 3092 247 3161 semper
263 3090 319 3136 reo
333 3090 434 3137 nores
459 3066 664 3135 defensiones
679 3065 882 3157 producendi
904 3066 1051 3134 facultas.
1067 3067 1149 3149 Quas
1166 3090 1261 3137 novio

118 3178 324 3245 defensiones
347 3176 472 3268 quoties
489 3173 725 3265 producuntur,
741 3174 851 3242 locum
877 3173 955 3241 dant
969 3196 1056 3242 noro
1070 3180 1233 3266 processui
1252 3206 1259 3245 :

118 3285 351 3353 examinantur
370 3304 488 3374 nempe
508 3292 603 3350 testes
629 3282 756 3351 noviter
779 3280 941 3373 producti,
971 3280 1023 3349 rel
1052 3304 1138 3352 nore
1159 3283 1262 3352 docu-

119 3400 249 3478 menta3
274 3412 414 3483 suasque
427 3389 631 3480 exceptiones
645 3388 801 3479 proponit
814 3387 932 3473 fiscus3
949 3388 1003 3455 cui
1026 3396 1057 3455 ct
1081 3411 1142 3479 pro
1171 3400 1261 3481 parte

119 3499 167 3567 rei
183 3498 269 3567 fiunt
280 3498 517 3589 responsiones.

167 3612 197 3676 Β.
215 3606 353 3689 Quando
379 3628 454 3675 reus
470 3603 552 3673 nihil
568 3626 692 3674 norum
708 3605 805 3673 habet
821 3604 862 3672 ad
878 3605 930 3672 sui
949 3604 1170 3674 defensionem
1186 3628 1262 3697 pro·

118 3714 318 3801 ducendum,
334 3714 474 3781 citantur
487 3720 594 3804 partes
603 3711 643 3779 ad
655 3712 847 3780 senteutiam
862 3709 1065 3779 definitivam
1077 3739 1086 3797 ;
1100 3733 1168 3803 quo
1180 3712 1262 3782 cito-

117 3824 218 3891 tiou'rs
230 3822 357 3889 decreto
371 3820 468 3888 simul
483 3828 656 3889 monentur
669 3830 705 3887 ut
717 3820 849 3887 veniant
861 3841 937 3885 oum
949 3819 1017 3885 suis
1030 3819 1187 3909 petronis,
1203 3842 1260 3888 seu

116 3929 297 4015 advocatis,
313 3929 371 4019 qui
387 3928 501 3995 merita
515 3950 633 4014 causes,
651 3935 724 3995 ente
750 3926 921 3994 sententie
935 3926 1172 4015 probationem,
1189 3923 1261 3994 dis-

116 4036 253 4104 cutiant.
456 4110 459 4119 Δ

163 4148 196 4213 9.
226 4143 288 4211 Die
303 4165 382 4233 ergo
408 4141 450 4211 ed
477 4142 670 4213 sententiam
698 4141 900 4210 definitivam
930 4139 1105 4230 assignato,
1128 4138 1260 4209 auditur

116 4252 229 4347 primo
256 4251 431 4321 advocatus
456 4252 516 4338 rei,
542 4251 594 4319 vei
611 4251 678 4341 ipse
702 4272 791 4337 reus,
818 4249 846 4317 si
869 4270 937 4317 sese
963 4248 1070 4341 ipsum
1087 4247 1260 4319 defendere
