3050 4984
303 474 341 546 38
676 498 855 546 rnncrsrus
878 500 915 545 os
937 496 1071 546 molens.

305 646 322 686 α
344 626 582 711 oppugnantes.
600 619 694 689 Unde
710 620 898 713 insipienter
917 631 996 713 puto
1014 620 1158 689 locutum
1175 622 1278 689 fuisse
1298 624 1446 690 Ptittar-

306 752 323 793 a
346 750 432 809 cnm,
457 728 514 819 qui
537 734 645 796 notam
669 728 844 821 impietatis
861 727 963 796 inurit
981 728 1059 796 hnic
1079 728 1300 798 constitutioni
1320 752 1445 799 renun-

306 862 321 900 «
345 834 488 903 tiationis
510 835 676 903 Societatis
697 836 791 923 lesn;
813 858 888 905 oum
912 835 1054 903 Ecclesia
1074 858 1141 905 non
1161 838 1261 929 possit
1282 860 1391 906 errare
1409 839 1443 904 in

305 942 574 1035 «approbatione
601 944 798 1033 religionum
821 950 855 1011 et
882 966 1016 1012 suarum
1041 944 1243 1035 regularum,
1267 951 1304 1014 nt
1330 943 1445 1014 docent

304 1077 319 1117 a
346 1051 576 1136 Bellarminus,
599 1050 762 1137 Valentia,
784 1058 845 1119 etc.
868 1051 990 1119 Earum
1008 1051 1097 1119 enim
1118 1050 1308 1143 approbatio
1325 1060 1446 1143 spectat

306 1183 321 1222 n
345 1157 385 1226 ad
403 1157 568 1225 materiam
593 1178 734 1243 morum,
751 1156 786 1224 in
801 1180 867 1248 qua
888 1154 1002 1225 saltem
1023 1156 1162 1248 impium
1183 1163 1215 1224 et
1235 1159 1444 1226 temerarium

304 1291 321 1331 n
344 1270 392 1332 est
416 1264 522 1333 dicere
546 1262 734 1332 Pontificem
755 1286 849 1355 posse
869 1285 979 1332 errare
1002 1288 1020 1328 n
1049 1263 1146 1355 (libro
1170 1268 1201 1352 t,
1225 1265 1329 1356 capite
1353 1268 1386 1352 3,
1406 1265 1447 1333 de

302 1375 404 1441 Statu
415 1385 446 1440 et
461 1372 575 1464 Officio
593 1372 813 1453 secularium,
829 1392 864 1438 n.
882 1371 972 1460 245).

344 1479 521 1549 Praedictas
536 1498 614 1547 vero
632 1479 851 1570 exceptiones,
873 1479 933 1546 etsi
952 1477 1099 1567 regulam
1117 1476 1211 1545 valde
1233 1477 1443 1567 restringant,

302 1588 417 1655 merito
440 1584 656 1656 communiter
675 1586 813 1671 admitti,
839 1585 1012 1677 probatum
1036 1584 1123 1671 vide,
1148 1596 1219 1653 tum
1242 1584 1330 1677 apud
1354 1586 1446 1653 Reit-

301 1693 440 1763 lenstnel
458 1695 503 1785 (in
524 1694 571 1761 tit.
593 1698 623 1779 t,
640 1693 717 1760 libri
735 1692 911 1779 enecat,
929 1714 950 1760 a
970 1714 1004 1761 n.
1028 1692 1097 1783 65),
1114 1700 1183 1760 tum
1204 1690 1292 1784 apud
1310 1699 1448 1761 caeteros

301 1802 495 1885 canonistas,
519 1800 574 1868 ubi
591 1800 712 1868 dictum
736 1800 867 1868 titulum
889 1800 1130 1868 commentariis
1150 1799 1331 1887 illustrant3
1347 1807 1447 1892 atque

301 1911 399 1979 etiam
415 1910 502 2001 apud
520 1907 712 1990 moralistas,
733 1908 790 1975 ubi
806 1914 1006 1999 praeceptum
1022 1905 1063 1975 de
1084 1907 1281 1977 correctione
1302 1907 1449 1976 fraterna

301 2026 481 2108 exponunt.

347 2127 476 2195 lincunt
488 2129 534 2192 2³.
547 2162 591 2176 -
603 2124 645 2192 St
658 2122 812 2191 delictum
825 2123 867 2191 sit
882 2122 1045 2191 occultum
1054 2134 1085 2190 et
1095 2122 1217 2191 nemini
1227 2122 1377 2203 noxium,
1391 2144 1450 2188 sn-

299 2236 412 2326 perr'or
435 2233 469 2300 in
495 2230 684 2323 corripendo
711 2228 860 2299 excedere
880 2231 992 2321 nequit
1011 2229 1158 2312 modum,
1186 2252 1208 2297 a
1234 2228 1452 2297 denuntiante

297 2342 518 2433 postulatum.
535 2338 630 2406 -Si
651 2338 861 2421 denuntians,
883 2337 976 2405 verbi
991 2338 1108 2427 gratia,
1130 2336 1280 2430 postulet,
1295 2345 1333 2404 ut
1349 2359 1451 2429 supe-

303 2450 371 2517 rior
381 2449 620 2540 delinquentem
631 2452 752 2513 secreto
767 2453 798 2512 et
810 2446 939 2512 nemine
949 2453 1108 2536 praesente
1118 2451 1260 2531 moneat,
1271 2452 1303 2512 et
1316 2452 1452 2537 paterne

304 2556 459 2644 corrigat,
476 2554 508 2621 id
523 2552 658 2621 omnino
669 2552 836 2619 observari
851 2552 958 2620 debet.
970 2552 1063 2619 Adeo
1075 2560 1113 2619 ut
1127 2551 1272 2641 graviter
1280 2559 1359 2619 tuno
1372 2574 1453 2643 peo-

304 2672 391 2730 oaret
411 2660 571 2752 superior,
596 2658 626 2724 si
647 2658 872 2725 denuntiatum
896 2658 1024 2749 publice
1042 2657 1256 2726 confunderet
1275 2667 1332 2726 ant
1351 2660 1454 2750 puni-

304 2777 364 2837 ret.
388 2770 436 2837 lta
455 2776 564 2837 tenent
583 2765 732 2835 doctores
750 2768 977 2834 communiter.
999 2792 1016 2831 «
1037 2767 1132 2835 Ratio
1146 2776 1206 2851 est,
1224 2767 1269 2835 ait
1285 2767 1453 2835 Reiffens-

308 2904 325 2941 «
350 2877 416 2945 tuel
440 2876 485 2965 (in
506 2876 553 2943 tit.
581 2878 611 2958 l,
635 2874 692 2941 lib.
714 2874 888 2958 abactas,
918 2896 950 2940 n.
977 2874 1045 2964 ll),
1074 2873 1152 2965 quia
1175 2874 1254 2943 alias
1275 2875 1394 2965 injuste
1420 2885 1454 2943 et

309 3012 324 3047 n
349 2984 493 3074 graviter
517 2981 698 3049 diffamaret
720 2980 901 3065 subditum,
927 3002 987 3047 nec
1009 2988 1166 3070 paternus
1192 2990 1366 3068 corrector,
1392 2982 1451 3049 sed

309 3122 325 3159 α
350 3092 489 3184 injustus
504 3088 651 3182 proditor
664 3097 757 3157 esset.
774 3114 791 3153 n
809 3088 874 3155 Pro
888 3110 953 3180 qua
966 3110 1001 3155 re
1017 3087 1135 3157 adduci
1149 3089 1230 3157 solet
1246 3088 1341 3158 valde
1356 3098 1451 3158 nota·

307 3202 392 3287 bilis,
419 3222 460 3267 ex
484 3204 594 3267 saneto
620 3195 807 3284 Augustino
829 3194 1053 3287 depromptus,
1079 3216 1184 3263 canon
1208 3196 1250 3264 St
1266 3198 1452 3287 peccaverit

306 3312 372 3400 (ta,
390 3331 423 3399 q.
439 3311 471 3391 1,
488 3326 593 3373 causae
610 3303 657 3394 2),
675 3304 709 3369 in
725 3325 791 3393 quo
803 3302 886 3369 inter
898 3302 962 3369 alia
974 3302 1187 3371 sicbabetnr:
1207 3303 1326 3387 «Quid
1339 3312 1398 3390 est,
1413 3306 1451 3373 in

311 3442 327 3481 n
352 3430 382 3484 te
396 3414 566 3506 peccavit?
580 3412 631 3479 'lu
647 3410 708 3477 scis
729 3410 808 3500 quia
822 3410 1006 3502 peccavit..
1024 3409 1061 3477 Si
1084 3410 1172 3478 solus
1189 3411 1274 3478 nosti
1351 3421 1383 3479 et
1398 3413 1451 3478 vis

310 3553 326 3591 a
349 3544 460 3591 coram
475 3512 627 3588 oninibus
638 3538 787 3605 arguere,
805 3538 870 3584 non
883 3538 919 3584 cs
927 3524 1092 3608 correptor
1104 3516 1160 3585 sed
1174 3517 1358 3608 proditor...
1376 3519 1450 3586 nti-

310 3658 328 3701 n
350 3628 480 3723 quando
503 3624 651 3695 homiues
674 3622 917 3714 reprehendunt
939 3645 1011 3710 nos,
1035 3624 1122 3715 qnod
1144 3626 1237 3715 quasi
1259 3646 1325 3692 non
1345 3628 1451 3694 corri-

310 3768 327 3805 (ι
350 3739 488 3829 piamus,
507 3739 563 3799 ant
577 3738 692 3822 putant
712 3750 773 3798 nos
787 3730 868 3798 scire
888 3732 976 3821 quod
991 3730 1166 3817 nescimus,
1188 3740 1245 3800 aut
1258 3741 1374 3822 putant
1388 3757 1452 3802 nos

309 3874 327 3913 n
351 3855 454 3913 tacere
469 3840 556 3933 quod
573 3838 705 3906 scimus.
723 3836 788 3904 Sed
803 3838 885 3906 forte
898 3837 986 3928 quod
1002 3839 1064 3906 scis
1080 3848 1111 3907 et
1121 3860 1182 3929 ego
1198 3839 1265 3907 scio
1283 3866 1290 3907 :
1308 3840 1365 3908 sed
1381 3864 1451 3909 non

310 3981 327 4019 n
351 3972 460 4020 coram
486 3956 517 4015 te
541 3945 695 4036 corripio,
724 3944 801 4034 quia
821 3966 935 4012 curare
960 3946 1049 4031 volo,
1077 3968 1143 4014 non
1172 3968 1334 4015 accusare.
1356 3947 1453 4017 Sicut

311 4089 327 4128 n
351 4056 500 4129 homines
521 4052 660 4121 adulteri
681 4052 715 4118 in
736 4050 887 4119 domibus
909 4052 989 4138 suis,
1013 4053 1048 4119 in
1067 4060 1190 4121 secreto
1211 4063 1343 4145 peccant
1362 4082 1370 4121 ε
1387 4057 1451 4124 ali-

311 4196 327 4235 n
351 4162 482 4261 quando
502 4160 596 4228 nobis
623 4158 808 4251 produntur
828 4158 870 4226 ab
891 4160 1051 4227 uxoribus
1073 4161 1153 4245 suis,
1180 4159 1371 4254 plerumque
1394 4186 1451 4232 ze-

312 4304 329 4343 «
351 4270 506 4355 lantibus,
534 4266 709 4365 aliquando
736 4264 927 4335 maritorum
953 4264 1091 4335 ennom
1116 4266 1352 4359 querentibus.
1380 4266 1452 4339 Nos
