3050 4984
295 483 334 547 to
671 498 844 548 mammos
865 499 905 544 na
926 496 1060 546 sunrcra.

294 623 515 692 nuntiatorem
524 645 663 715 punam
679 621 911 714 postulantem,
926 643 995 690 esse
1007 621 1099 690 aiam
1116 620 1350 714 inquisitionis,
1368 640 1438 685 non

295 752 374 798 vero
382 729 473 798 viam
483 728 747 799 denuntiationis.

340 838 505 906 Probatur
519 837 561 906 Π.
578 841 634 906 Ec
646 839 763 929 plassa.
781 876 825 890 -
837 837 933 920 Quod
946 846 1070 906 veteres
1081 839 1166 930 juris
1179 837 1263 906 sacri
1276 836 1441 929 iuterpre-

296 945 514 1038 tesduplicem
526 945 818 1032 denuntiationem,
836 943 877 1013 ad
890 945 1120 1016 correctionem
1133 943 1254 1012 sedicet
1266 950 1298 1012 et
1308 942 1441 1034 adpoe-

298 1077 390 1134 nam,
415 1052 636 1140 distinxerint,
658 1053 796 1144 probant
811 1060 981 1144 sequentes
996 1051 1113 1141 glossae
1130 1060 1237 1120 textus
1256 1077 1264 1118 ι
1285 1051 1443 1120 «Forma

302 1187 319 1224 a
343 1160 403 1227 ista
418 1160 541 1252 (nempe
550 1158 888 1250 funcdisententiam)
907 1158 1025 1251 triplex
1035 1167 1130 1228 est...
1152 1188 1159 1225 :
1177 1167 1213 1226 ut
1228 1157 1257 1225 si
1270 1166 1387 1247 agatur
1403 1159 1442 1224 in

302 1292 319 1334 u
342 1265 480 1336 maetdum
504 1267 731 1349 accusationis,
752 1275 785 1336 et
799 1268 954 1358 probetur
969 1267 1110 1352 crimen,
1130 1265 1310 1356 deponatur
1323 1264 1441 1332 Reus:

303 1401 319 1440 a
341 1375 419 1465 quia
437 1375 490 1442 hic
510 1385 557 1443 est
577 1374 709 1444 effectus
724 1375 977 1444 accusationis...
994 1375 1080 1444 Cum
1101 1373 1210 1462 agitur
1218 1395 1283 1464 per
1297 1372 1448 1462 inquisi-

303 1507 321 1546 α
344 1482 477 1563 tionem,
494 1481 557 1549 alia
568 1505 663 1573 poena
677 1483 896 1573 imponitur...
912 1482 998 1550 Cum
1022 1502 1100 1550 vcro
1114 1480 1300 1572 proceditur
1310 1501 1372 1570 per
1385 1479 1448 1547 de-

305 1617 322 1656 u
345 1589 596 1672 nuntiationem,
625 1589 688 1657 nisi
716 1590 750 1657 in
767 1589 893 1658 duobus
919 1590 1084 1681 praedictis
1108 1587 1236 1656 casibus
1262 1586 1450 1676 (irmindii

306 1721 322 1760 a
345 1717 460 1786 nempe
472 1709 503 1764 ct
514 1696 687 1787 simonia),
704 1698 746 1766 ad
757 1696 980 1788 poenitentiam
988 1696 1097 1786 agitur
1108 1694 1327 1786 peragendam
1342 1719 1350 1759 :
1364 1702 1448 1760 tuuc

306 1831 323 1868 n
346 1803 380 1869 in
397 1803 560 1895 praedictis
581 1803 710 1873 duobus
725 1806 852 1873 casibus
867 1806 966 1874 etiam
980 1805 1128 1895 punitur,
1145 1802 1228 1871 sicut
1241 1824 1318 1870 cum
1334 1801 1450 1887 agitur

306 1937 323 1976 a
347 1932 405 2001 per
431 1911 668 1980 accusationem
694 1912 746 1979 vel
761 1912 1007 2003 inquisitionem
1019 1962 1086 1980 .....
1108 1918 1212 1978 :tunc
1226 1909 1261 1977 in
1280 1907 1448 1999 praedictis

306 2041 322 2080 a
346 2015 487 2103 casibus,
502 2040 567 2084 uon
578 2025 626 2084 est
636 2021 815 2086 necessaria
828 2017 1018 2087 admonitio.
1034 2016 1243 2086 Denuntiatio
1254 2038 1332 2084 vero
1343 2037 1448 2103 regu-

307 2149 323 2187 a
346 2121 457 2190 lariter
481 2123 517 2190 iit
532 2123 573 2191 ad
590 2125 815 2215 poenitcutiam
839 2124 1074 2215 peragendam3
1091 2132 1123 2192 et
1137 2122 1207 2214 ejus
1229 2121 1359 2190 effectus
1374 2121 1449 2190 sive

306 2256 322 2294 a
347 2229 422 2298 finis
437 2239 484 2299 est
499 2233 699 2323 poenitentia
716 2233 884 2324 impositio
904 2260 911 2300 :
929 2243 961 2301 et
983 2243 1061 2301 tunc
1076 2231 1258 2301 necessaria
1270 2237 1318 2297 est
1330 2228 1449 2296 chari-

308 2363 324 2402 «
349 2339 446 2406 tativa
459 2339 658 2426 admonitio,
675 2339 754 2408 alias
770 2339 939 2432 repellitur
953 2339 1174 2408 denuntiator.
1190 2339 1255 2408 Pro
1270 2337 1449 2428 supradic-

306 2471 323 2510 ι(
345 2453 455 2514 torum
472 2446 609 2516 faciliori
623 2447 749 2534 notitia,
766 2457 842 2516 nota
854 2469 970 2515 versus
985 2457 1154 2538 sequentes
1172 2473 1180 2514 ι

426 2661 439 2693 u
455 2646 569 2704 Quntuor
581 2661 643 2698 ecce
654 2649 739 2698 modis
751 2649 836 2712 agitur
849 2647 882 2697 da
896 2649 1024 2711 crimine;
1036 2659 1096 2697 cum
1109 2646 1166 2710 quis

427 2743 440 2774 u
458 2727 573 2787 Nuntiat,
587 2732 700 2790 accusat,
716 2730 830 2794 inquirit,
846 2732 872 2779 et
886 2728 983 2792 excipit
1000 2731 1080 2778 :ante

431 2824 444 2854 u
461 2808 600 2870 Admonet,
610 2809 739 2872 inscribit,
755 2811 870 2873 intamat,
884 2813 910 2860 et
922 2809 1021 2873 obligat
1030 2811 1110 2858 extra.

432 2907 444 2933 α
461 2888 503 2937 Sic
518 2893 601 2951 caret,
614 2893 639 2940 et
653 2889 770 2954 deponit,
781 2895 807 2940 et
819 2893 932 2953 amovet,
945 2894 1023 2954 atque
1035 2887 1140 2953 repellit
1149 2890 1214 2953 (1).»

350 3077 400 3144 Ex
426 3078 466 3144 iis
482 3078 598 3166 glossae
625 3080 735 3147 verbis
750 3080 828 3148 satis
843 3089 929 3172 patet
944 3077 1109 3173 quomodo
1125 3085 1250 3144 veteres
1264 3075 1348 3166 juris
1363 3078 1452 3143 sacri

307 3185 401 3275 periti
415 3186 504 3254 viam
518 3186 771 3256 denuntiationis
787 3189 1004 3257 intellexerint
1012 3215 1021 3274 ;
1034 3185 1315 3255 denuntiationem
1328 3207 1452 3274 nempe

306 3292 399 3382 cujus
420 3293 494 3360 linis
510 3295 562 3382 sit,
592 3317 656 3362 non
671 3295 829 3386 depositio
847 3296 919 3383 Rei,
941 3305 995 3365 aut
1010 3295 1073 3363 alia
1088 3316 1185 3385 poena
1199 3291 1329 3383 proprie
1346 3289 1449 3378 dicta,

307 3398 363 3465 scd
377 3404 532 3471 correctio
544 3428 600 3472 seu
610 3405 818 3496 poerritentiae
832 3405 994 3496 impositio
1003 3429 1017 3487 ,·
1037 3426 1103 3494 que
1118 3400 1240 3469 scilicet
1256 3399 1453 3490 delinquens

309 3527 367 3572 nee
381 3507 538 3598 officium,
556 3534 613 3578 nec
627 3511 835 3602 dignitatem,
851 3533 910 3580 uec
923 3509 1119 3578 beneficium
1136 3509 1276 3595 amittat,
1292 3506 1348 3575 sed
1374 3515 1453 3574 tau-

310 3620 380 3680 tum
411 3616 506 3683 alicui
531 3618 730 3709 poenitentiae
756 3619 958 3710 subjiciatur.
986 3617 1136 3708 idipsum
1169 3624 1279 3683 autem
1305 3615 1453 3705 apertius

310 3719 423 3788 eadem
439 3724 546 3812 glossa
561 3725 710 3816 patefacit
724 3726 786 3794 hoc
800 3726 899 3795 modo
917 3752 924 3791 :

359 3828 574 3899 «Videamus
595 3833 733 3923 qualiter
757 3841 789 3901 et
805 3830 936 3924 quando
957 3830 1117 3898 Praelatus
1141 3826 1314 3920 procedere
1335 3826 1456 3895 debeat

313 3935 394 4002 uad
421 3935 665 4027 inquisitionem
691 3939 886 4027 faciendam,
914 3949 946 4007 et
971 3937 1059 4030 quali
1086 3957 1181 4028 prena
1203 3935 1248 4002 sit
1265 3933 1456 4026 puniendus

313 4069 329 4108 r
354 4044 411 4135 qui
425 4044 629 4114 convincitur
643 4045 678 4114 in
700 4048 839 4117 modum·
852 4043 1082 4138 inquisitionis.
1114 4045 1208 4113 Tunc
1231 4050 1341 4111 autem
1356 4041 1457 4111 dehet

343 4303 374 4366 (t)
388 4303 487 4365 Glossa,
502 4299 529 4352 in
543 4303 622 4367 caput
635 4299 753 4368 Qualiter
762 4302 802 4367 24,
815 4299 852 4351 tit.
868 4304 893 4364 1,
905 4298 965 4351 thri
977 4303 992 4350 5
1003 4297 1119 4361 Deerat,
1130 4295 1165 4349 ad
1174 4294 1285 4346 terbum
1298 4293 1403 4345 ronna.
