3050 4984
536 442 611 489 etus
634 442 778 489 srsrrsnr.
1162 422 1222 484 175

84 569 156 653 post
173 562 320 657 elapsum
341 564 518 634 terminum
535 565 676 656 ajudice
692 562 920 655 prenscriptnm
944 589 950 629 :
966 560 1089 653 primo,
1106 584 1224 653 excep-

84 681 205 749 tionem
226 680 506 772 procuratorium
528 680 679 763 soeundu,
701 678 922 770 exceptionem
942 678 1153 747 recusationis
1170 678 1227 769 jn-

83 788 174 869 dicis,
195 790 222 856 si
244 789 285 856 de
300 811 386 857 novo
408 798 556 878 emergat
577 797 635 857 aut
659 788 854 865 innotescat;
875 785 982 867 tertie,
1003 786 1227 877 exceptionem

85 897 443 983 excommunicationis,
470 896 597 965 etiamsi
622 895 725 987 judex
746 916 897 985 expresse
920 901 951 961 et
973 892 1168 962 nominatim
1187 892 1228 961 ad

84 1002 169 1071 hanc
182 1004 406 1094 exceptionem
422 1002 669 1095 proponendam
685 1002 867 1070 terminum
881 999 1000 1067 fixerit.

129 1109 273 1190 Qunsno
299 1114 346 1177 7¹.
362 1150 408 1162 -
423 1112 473 1177 An
495 1109 596 1178 etiam
616 1106 807 1177 deducetdis
825 1105 1064 1198 exceptionibus
1075 1128 1227 1198 peremp-

84 1218 178 1284 tonis
196 1217 300 1308 possit
317 1216 426 1307 judee
447 1216 624 1285 terminum
647 1216 840 1308 praefipere?
864 1213 1025 1302 -Negat
1047 1213 1160 1281 Glossa
1182 1214 1226 1305 (in

84 1332 181 1415 eaput
198 1328 231 1410 t,
243 1323 283 1391 de
293 1323 561 1417 Exceptionibus,
576 1323 676 1391 verbo
688 1320 891 1411 metasse
903 1327 976 1387 tum
990 1342 1031 1387 ex
1042 1342 1080 1387 eo
1090 1319 1176 1409 qnod
1187 1320 1229 1388 sit

85 1430 200 1519 regula
213 1431 373 1520 generalis
388 1452 482 1522 posse
502 1432 710 1521 exceptiones
729 1427 966 1519 peremptorias
988 1426 1108 1517 opponi
1125 1450 1229 1519 usque

84 1538 127 1603 ad
150 1539 343 1605 sententiam
355 1564 364 1625 ;
388 1546 459 1605 tum
483 1560 523 1605 ne
546 1535 693 1627 alioquin
723 1555 904 1625 gravamen
930 1555 985 1601 reo
1008 1532 1177 1618 inferatur,
1200 1535 1229 1601 si

86 1653 227 1735 nequeat
246 1654 318 1738 post
339 1643 516 1736 praefixum
540 1666 561 1709 a
575 1641 685 1734 judice
704 1642 884 1709 terminum
906 1639 1006 1707 dietas
1025 1640 1228 1730 exceptiones

86 1774 268 1842 opponere;
288 1774 343 1821 eas
356 1751 540 1843 praesertim
561 1772 636 1841 ques
655 1758 728 1841 post
748 1748 897 1839 elapsum
918 1747 1093 1839 praefatum
1117 1749 1228 1816 termi-

87 1880 171 1926 num
185 1858 361 1945 orirentur,
379 1867 435 1927 ant
450 1868 527 1925 tunc
543 1856 690 1948 primum
702 1855 947 1924 innotescerent.

130 1960 355 2031 Nihilominus
382 1962 492 2053 plnres
521 1963 697 2029 canonista
738 1963 824 2049 (cum
860 1961 1020 2051 Layman,
1060 1960 1227 2053 Pirrhing,

86 2069 381 2160 Schmslzgrueber
403 2071 453 2160 ...)
478 2070 523 2137 ita
543 2068 811 2158 distinguendum
831 2068 1042 2135 existimant:
1061 2068 1112 2136 vel
1129 2069 1208 2159 jude

86 2176 233 2267 praefixit
258 2177 380 2245 dictum
404 2177 582 2245 terminum
610 2199 687 2244 cum
713 2174 896 2264 cognitione
919 2197 1039 2260 causas,
1065 2175 1114 2242 vel
1136 2199 1230 2245 cansa

87 2283 237 2351 nondum
254 2286 383 2374 cognita
405 2312 412 2351 :
431 2285 459 2352 si
474 2284 566 2375 prius
582 2305 648 2351 non
662 2283 779 2374 poterit
794 2304 870 2350 rens
887 2282 995 2372 elapso
1017 2282 1076 2351 boc
1092 2284 1230 2351 termino

86 2391 325 2481 peremptorius
340 2390 545 2481 exceptiones
557 2411 738 2481 proponere
757 2416 763 2456 :
783 2410 875 2458 secus
889 2397 998 2457 sutem
1016 2388 1049 2455 in
1061 2389 1230 2480 posteriori

87 2519 178 2565 casu.

131 2604 171 2670 In
198 2604 294 2695 praxi
317 2612 428 2671 tamen
453 2604 634 2672 consultius
655 2602 796 2689 videtur;
813 2612 850 2672 ut
875 2603 977 2694 judex
999 2604 1231 2674 ecclesiasticus

89 2710 311 2801 proponendis
332 2710 578 2801 exceptionibus
596 2710 826 2801 peremptoriis
849 2708 976 2777 nullum
998 2712 1148 2801 praefigat
1164 2722 1231 2781 ter-

90 2817 238 2903 minum3
268 2840 310 2885 ne
334 2817 455 2885 scilicet
483 2816 564 2885 dum
592 2817 665 2885 lites
685 2824 857 2907 amputare
881 2816 942 2883 hoc
967 2816 1075 2885 medio
1100 2820 1228 2909 satagit,

90 2945 186 2991 novae
205 2923 253 2990 liti
269 2946 312 2991 ex
326 2924 387 2992 boc
402 2925 473 3015 ipso
488 2924 622 2993 oriturae
634 2924 771 3014 januam
789 2926 923 3015 aperiat.
950 2924 1044 3013 (Vide
1061 2923 1230 2995 Schmalz-

90 3030 242 3118 grueber,
258 3029 293 3097 in
307 3029 440 3099 titulum
454 3034 511 3116 25,
527 3030 603 3097 libri
617 3034 637 3096 2
650 3030 881 3116 Decretalium,
900 3054 934 3097 n.
953 3034 1019 3121 27.)

134 3136 279 3217 Qussno
304 3140 349 3203 8².
374 3174 418 3189 -
445 3136 615 3219 Quomodo
637 3138 835 3227 exceptiones
852 3139 994 3229 proponi
1016 3138 1175 3209 debeant?
1190 3180 1234 3195 -·

95 3243 214 3311 10N0n
231 3241 350 3311 sufficit
363 3242 435 3310 illes
449 3252 535 3311 certo
551 3244 701 3324 existere,
723 3252 754 3311 et
767 3266 837 3312 esse
853 3266 894 3312 ex
910 3244 989 3312 actis
1004 3247 1161 3335 notorias5
1178 3249 1235 3317 sed

93 3350 209 3418 debent
224 3372 312 3419 areo
327 3350 367 3419 de
381 3350 466 3419 facto
480 3350 615 3441 allegari
633 3358 665 3418 et
679 3351 811 3442 opponi.
829 3350 865 3419 Si
885 3352 974 3420 enirn
990 3375 1064 3421 reus
1083 3355 1154 3424 illas
1168 3379 1234 3426 non

94 3466 245 3549 opponat,
260 3458 526 3549 regulariter-non
536 3457 630 3527 debet
643 3458 746 3549 judex
759 3458 799 3526 ad
810 3460 1048 3529 essattendere.
1066 3463 1113 3529 lta
1128 3472 1236 3533 tenent

94 3566 240 3633 doctores
248 3566 479 3635 communiter.
496 3565 617 3633 «Ratio
626 3573 686 3653 est,
698 3566 743 3633 uit
754 3565 1046 3656 Scbmalzgrueber
1059 3569 1105 3659 (in
1116 3570 1164 3639 tit.
1178 3576 1232 3663 25,

97 3672 196 3740 «lib.
221 3675 240 3738 2
265 3672 406 3758 beonet,
431 3696 465 3741 n.
491 3672 562 3763 28),
594 3673 671 3763 qnia
699 3682 808 3741 tacens
835 3674 870 3740 in
898 3674 1024 3763 judicio
1053 3680 1235 3749 consentire

98 3808 115 3846 ι
136 3780 280 3865 videtur,
307 3780 417 3871 etqui
439 3779 473 3846 in
495 3780 611 3847 eodem
633 3802 699 3847 non
721 3781 855 3872 opponit
875 3781 930 3872 jus
951 3782 1013 3850 sibi
1035 3795 1232 3877 competens,

99 3886 222 3955 «illud
242 3894 391 3953 censetur
413 3888 588 3954 remittere.
617 3913 633 3949 u
659 3888 713 3955 Ab
739 3888 798 3955 bac
821 3896 932 3957 tamen
954 3891 1099 3979 generali
1122 3897 1235 3985 regule

94 3992 243 4063 recedere
258 3993 352 4060 debet
368 3991 468 4082 judex
492 3992 527 4059 in
546 3991 674 4062 duobus
693 3994 831 4062 casibus.
850 3995 975 4077 Primo,
998 3996 1129 4088 quando
1148 4010 1236 4072 actor

98 4109 143 4168 est
173 4099 474 4169 excommunicatus
509 4121 575 4167 non
612 4100 785 4181 toleratus;
816 4112 891 4169 tunc
924 4103 1028 4190 enim,
1066 4106 1126 4173 etsi
1160 4130 1234 4177 reus

98 4206 320 4301 exceptionem
346 4206 694 4275 excommunicationis
725 4230 788 4275 non
818 4217 972 4300 opponat,
1007 4210 1100 4280 debet
1132 4213 1235 4306 judex
