3050 4984
538 480 612 526 rsus
641 479 785 525 munos.
1166 457 1228 520 419

90 600 289 670 consuetudo
305 602 349 670 ita
374 599 535 690 generalis
549 599 665 683 evasit,
693 607 730 666 ut
748 621 808 689 pro
824 595 937 686 regula
949 595 1045 665 hodie
1061 595 1227 665 habentur.

90 708 199 797 Atque
213 708 328 777 merito
352 731 391 777 ea
415 710 515 777 etiam
527 708 613 798 juris
635 705 818 774 communis
832 704 1010 773 moderatio
1025 703 1157 773 inducta
1169 710 1228 773 est.

89 813 163 883 Non
178 814 265 883 enim
281 816 465 883 institutum
481 814 543 883 tuit
559 812 772 882 restitutionis
798 812 833 880 in
857 812 1020 900 integrum
1036 810 1229 896 remedium,

90 918 157 988 nisi
183 929 220 989 ut
241 921 386 1012 reparari
402 921 502 1011 possit
518 920 675 990 damnum
690 941 748 1011 per
775 917 929 1009 injustam
954 917 1144 985 seutentiam
1156 917 1231 985 illa-

89 1034 174 1096 tum.
205 1028 309 1097 Porro
334 1028 450 1119 judex,
480 1028 538 1119 qni
566 1026 758 1097 sententiam
787 1023 1023 1116 pronuntiavit,
1049 1024 1230 1093 timendum

89 1133 200 1213 hahet,
216 1158 258 1203 ne
270 1134 475 1226 aliquatenus
489 1134 523 1203 in
535 1134 687 1225 opinione
702 1132 832 1223 publica
846 1130 992 1216 vilescat,
1009 1129 1037 1199 si
1057 1152 1227 1221 perperam

89 1262 123 1307 se
148 1242 377 1331 pronuntiasse
401 1240 539 1311 fateatur
568 1268 576 1309 ε
604 1239 691 1311 unde
706 1261 766 1307 nec
780 1236 872 1306 facile
885 1236 1037 1307 concedet
1052 1237 1231 1307 restitutio-

88 1369 164 1416 nem
177 1348 211 1415 in
227 1349 413 1438 integrnm3
432 1356 475 1433 et,
491 1348 518 1417 si
533 1369 605 1417 eam
620 1346 786 1431 concedat,
801 1354 833 1414 et
847 1367 976 1415 causam
999 1345 1117 1413 iterum
1137 1342 1230 1435 judi-

88 1462 151 1539 cet,
167 1477 234 1524 non
249 1454 342 1523 facile
365 1454 508 1545 priorem
524 1456 715 1521 sententiam
730 1452 881 1521 mutabit.
897 1452 985 1540 Ergo
1008 1450 1109 1519 multo
1125 1451 1230 1541 magis

87 1559 192 1646 decet,
207 1570 239 1629 et
253 1562 376 1630 bonum
389 1562 557 1653 publicum
572 1561 779 1651 aliquatenus
803 1558 1000 1650 expostulat,
1016 1565 1052 1627 ut
1075 1579 1134 1648 pro
1149 1580 1229 1626 con-

87 1669 233 1737 cessione
248 1668 460 1737 restitutionis
483 1668 518 1735 in
545 1667 710 1756 integrum
725 1664 809 1733 adiri
824 1664 938 1733 debeat
950 1665 1051 1755 judex
1067 1664 1227 1756 superior,

86 1783 186 1866 atqrm
200 1783 237 1843 ut
247 1775 277 1841 is
288 1775 367 1865 (non
381 1796 459 1843 vero
472 1774 529 1866 qui
541 1773 610 1865 jam
619 1772 787 1863 judicavit)
803 1794 934 1841 causam
952 1772 1072 1840 iterum
1091 1794 1229 1861 cognos-

86 1890 140 1951 eat
152 1881 344 1951 etdirimat.

131 2015 277 2097 Qnmrro
291 2019 338 2082 9⁸.
367 2052 412 2067 -
429 2014 605 2098 Quodnam
620 2012 817 2082 concedetur
842 2026 969 2105 ternpus
984 2011 1030 2081 ad
1052 2012 1229 2104 petendam

84 2122 327 2189 restitutionem
339 2122 376 2189 in
387 2123 562 2213 iateqrum,
580 2118 788 2212 ecquomodo
802 2132 931 2211 tempus
942 2118 1028 2189 ittad
1038 2120 1081 2187 sit
1093 2142 1229 2212 compu-

87 2228 253 2297 tandum?
266 2266 311 2281 -·-
329 2233 360 2297 1⁰
374 2228 471 2297 Certa
485 2236 534 2296 est
548 2227 710 2317 &necatis
735 2226 861 2316 regula,
877 2225 1008 2295 concedi
1024 2226 1127 2317 ajure
1146 2250 1229 2318 qua·

85 2336 275 2404 driennium
294 2336 376 2427 (lege
393 2334 495 2420 finali,
513 2356 542 2401 a.
572 2333 613 2401 de
639 2336 749 2425 Temp.
767 2334 804 2400 in
827 2333 943 2425 intepr.
967 2334 1104 2424 restit.);
1132 2342 1228 2425 atque

84 2442 169 2511 illud
184 2442 437 2535 quadriennium
452 2450 501 2509 est
514 2440 719 2522 continuum,
737 2440 783 2508 ita
795 2439 917 2509 scilicet
931 2446 968 2509 ut
982 2440 1016 2508 in
1032 2462 1070 2508 eo
1086 2462 1228 2531 compu-

84 2550 149 2619 tari
164 2550 302 2618 debeant
316 2549 412 2617 etiam
427 2547 496 2616 dies
510 2547 651 2616 feriales.

130 2690 167 2752 2⁰
185 2711 203 2749 a
218 2684 338 2753 Minori
356 2683 598 2752 numerandum
613 2691 662 2750 est
678 2681 774 2772 (illud
794 2681 1061 2775 quadriennium)
1085 2682 1126 2749 ab
1141 2704 1227 2751 auno

87 2819 106 2857 a
129 2792 290 2881 vigesimo
303 2790 417 2883 quinto
434 2790 537 2858 atatis
550 2788 721 2880 completo,
735 2812 801 2880 quo
815 2791 922 2859 minor
935 2812 1003 2857 esse
1021 2788 1153 2877 desiuit,
1170 2811 1229 2857 us-

86 2923 105 2963 a
128 2920 195 2990 que
209 2898 250 2966 sd
263 2919 387 2965 anuum
404 2896 672 2986 assumptorum
691 2895 753 2962 nisi
767 2894 897 2963 veniam
914 2894 1017 2965 aetatis
1032 2896 1227 2987 impetrave-

85 3033 103 3070 (ι
127 3007 193 3091 rit;
212 3013 289 3072 tunc
302 3004 389 3072 enim
402 3027 422 3071 a
436 3003 489 3071 die
503 3024 568 3093 quo
583 3002 681 3070 venia
691 3002 794 3069 aetatie
809 3002 940 3071 obtenta
953 3002 1016 3070 fuit
1030 3012 1062 3071 et
1077 3004 1227 3074 intimata

85 3140 103 3179 a
127 3112 385 3205 quadriennium
396 3110 562 3179 numerari
577 3109 682 3177 eidem
697 3108 804 3177 dehet.
823 3135 840 3173 n

129 3252 165 3315 3ο
186 3273 202 3311 o
233 3245 397 3330 Ecclesiae,
415 3243 549 3328 civitati,
576 3252 607 3311 et
622 3242 694 3309 aliis
719 3242 776 3334 qui
790 3242 865 3333 jure
890 3242 1055 3311 minorum
1069 3245 1223 3333 gaudent,

85 3382 103 3421 u
127 3354 244 3443 incipit
258 3374 389 3421 currere
402 3375 421 3418 a
433 3351 485 3417 die
499 3348 591 3417 factae
608 3350 663 3439 (et,
677 3359 713 3417 ut
726 3348 829 3439 aliqui
844 3357 972 3439 putant,
986 3350 1224 3441 innotescentis)

85 3488 103 3527 a
128 3460 288 3545 iaesiouis3
306 3470 343 3526 ut
356 3458 508 3526 statuitur
523 3456 625 3546 capite
637 3456 783 3523 Ecclesia
801 3458 834 3539 1,
849 3465 880 3523 et
905 3456 1125 3547 sequentibus,
1142 3456 1226 3524 tituli

84 3596 103 3633 a
127 3568 170 3636 de
187 3570 223 3633 ln
236 3566 403 3657 inteqrum
416 3562 628 3642 restitutione,
645 3562 680 3627 in
695 3565 726 3628 6.
742 3562 927 3651 Excipitur,
946 3562 1008 3629 nisi
1024 3571 1080 3629 aut
1095 3584 1224 3653 praeva-

85 3703 102 3741 a
127 3674 255 3761 moade,
271 3679 328 3740 sut
341 3671 430 3739 fraus
445 3668 626 3753 manifesta,
643 3678 700 3735 aut
714 3667 779 3735 elia
805 3668 1005 3737 rationabilis
1020 3690 1117 3737 cansa
1136 3668 1226 3760 judi·

83 3809 101 3847 a
126 3803 200 3849 cem
212 3786 341 3849 moveat
353 3777 394 3845 ad
409 3775 662 3869 quadriennium
677 3772 931 3843 extendendum.
946 3800 962 3841 n

128 3920 164 3982 Ρ
185 3913 392 4005 «Maioribus
406 3932 594 3980 concessum
609 3908 792 4001 computari
806 3906 901 3977 debet
925 3906 1023 3995 adie,
1039 3931 1105 4001 quo
1125 3921 1226 3979 cessat

85 4050 103 4087 a
127 4043 227 4089 cause
249 4019 417 4102 absentie,
435 4017 486 4086 vel
513 4016 645 4084 alterins
660 4014 903 4105 impedimenti,
921 4022 1055 4105 propter
1076 4015 1163 4105 qnod
1180 4015 1226 4084 eis

85 4158 103 4195 a
127 4125 319 4196 conceditur
341 4125 511 4193 restitutio.
545 4122 642 4213 (Lege
665 4124 706 4189 In
730 4120 782 4188 dis
807 4125 839 4207 1,
864 4130 897 4188 et
917 4121 989 4211 lego
1005 4122 1107 4208 finali,
1125 4146 1153 4191 c.
1187 4124 1226 4191 de

85 4266 104 4305 a
132 4236 244 4323 Tcmp.
261 4233 297 4299 in
312 4233 428 4321 iateqr.
449 4231 566 4320 restit.)
583 4227 753 4318 Excipitur
769 4226 930 4295 restitutio
955 4250 996 4295 ex
1010 4250 1107 4297 causa
1123 4242 1226 4301 metus
