3050 4984
259 439 321 503 336
633 456 809 504 mcrsrm
830 456 871 501 ns
891 454 1025 503 munis.

304 577 393 645 «Die
411 580 451 644 tt
461 576 535 667 julii
553 579 651 662 1583,
667 578 886 667 Congregatio
910 577 1050 647 concilii
1139 575 1266 645 censuit
1278 573 1405 643 babere

259 710 278 753 c
299 683 408 753 locum
423 683 536 752 tamin
552 684 820 774 suspensionibus
838 696 871 752 et
886 683 1161 775 prohibitionibus
1180 680 1402 772 temporariis,

259 815 277 859 c
299 813 397 882 quam
412 791 587 882 perpetuis.
605 790 808 881 Temporalis
821 792 912 859 enim
928 790 974 881 (1)
990 790 1168 882 probibitio
1182 798 1214 856 et
1227 788 1404 879 suspensio

260 898 436 986 «dicetur,
464 898 519 965 nbi
545 920 586 966 ex
611 898 728 967 delicto
758 900 886 967 occidte
913 897 1221 989 extra-judicialiter
1249 894 1404 987 procedit

260 1030 278 1071 r
299 1004 489 1096 Episcopus,
517 1002 559 1072 nd
575 1028 675 1073 sunm
704 1006 943 1098 beneplacitum
970 1004 1176 1097 probibendo
1190 1002 1242 1071 vel
1257 1025 1405 1093 suspen-

259 1140 277 1178 «
300 1112 418 1197 dendo,
436 1134 511 1203 qnae
524 1112 658 1180 demum
674 1122 806 1203 tempus
820 1135 890 1181 sure
903 1112 1194 1181 administrationis
1211 1131 1278 1177 non
1296 1132 1405 1177 exce-

259 1244 277 1285 «
299 1220 393 1289 dont.
412 1246 428 1283 o
451 1216 560 1309 (Apud
575 1218 714 1307 Giraldi,
731 1220 906 1311 Expositis
915 1218 1006 1310 juris
1018 1218 1159 1307 Pontis,
1175 1226 1265 1307 parte
1280 1220 1315 1300 2,
1327 1238 1405 1283 see·

257 1328 421 1415 nonsit.)

298 1434 350 1501 Ex
379 1433 439 1501 hac
470 1431 562 1502 valde
594 1432 736 1501 notanda
763 1432 992 1504 deliberatione
1021 1432 1092 1501 brec
1125 1429 1308 1520 colligenda
1341 1452 1404 1497 ve-

257 1542 379 1609 niunt:

300 1647 425 1728 Primo,
443 1646 568 1713 censuit
582 1668 696 1715 revera
710 1647 811 1715 Sacra
824 1648 1055 1737 Congregatio,
1071 1669 1092 1714 a
1105 1645 1296 1714 Tridentino
1304 1653 1401 1713 textu

255 1754 423 1845 Episcopis
433 1751 575 1821 conferri
588 1760 779 1845 potestatem
794 1754 1024 1844 suspensiones
1050 1754 1153 1823 etiem
1161 1762 1340 1843 perpetuos
1353 1774 1403 1819 ex

256 1860 431 1930 informata
443 1860 638 1927 conscientia
653 1859 862 1929 decernendi.
878 1860 1042 1942 Secundo,
1060 1862 1186 1929 censuit
1201 1882 1261 1951 pro
1272 1869 1401 1950 tempo·

254 1968 343 2036 roric
354 1965 535 2034 habendam
550 1988 619 2033 esse
630 1968 889 2057 suspensionem,
905 1990 1003 2059 qnam
1015 1968 1196 2058 Episcopus
1207 1965 1402 2056 pronuntiat

255 2073 502 2143 indeterminate
522 2095 579 2141 seu
595 2073 636 2141 ad
650 2074 887 2165 beneplacitum
912 2098 1024 2161 suum,
1050 2082 1161 2165 utpote
1187 2096 1262 2164 quae
1282 2071 1400 2140 saltem

256 2202 331 2251 cum
346 2182 417 2272 ipsa
431 2180 582 2271 Episcopi
595 2180 874 2249 administratione
886 2184 1025 2271 expiret.

303 2287 419 2369 Tertio,
454 2287 564 2355 timuit
586 2307 627 2354 ne
651 2286 754 2355 nimia
778 2288 863 2356 foret
886 2296 1026 2380 potestas
1046 2288 1131 2375 baeo,
1159 2310 1180 2355 a
1208 2285 1400 2356 Tridentino

256 2394 381 2486 synodo
396 2393 563 2485 Episcopis
588 2393 716 2480 mileto,
731 2417 773 2463 ex
789 2394 965 2463 informata
977 2396 1176 2463 conscientia
1185 2392 1396 2486 procedendi.

255 2500 297 2569 Et
326 2500 538 2569 deliberatum
572 2510 622 2567 est
656 2523 735 2569 num
760 2500 967 2592 atiquatenus
993 2502 1147 2591 restringi
1175 2500 1317 2569 deberet.
1348 2500 1399 2566 Ite

255 2608 339 2675 mato
354 2616 461 2675 tamen
484 2615 561 2674 tnnc
574 2609 721 2675 restricta
734 2608 890 2694 nonfuit,
907 2610 1007 2677 etiam
1036 2609 1144 2700 quoad
1157 2607 1400 2699 prohibitiones

252 2728 284 2783 et
294 2716 513 2805 suspensiones
518 2726 708 2804 perpetuos,
725 2714 761 2781 in
776 2737 842 2806 quo
853 2725 993 2808 potestas
1008 2717 1080 2783 brec
1092 2715 1327 2806 Episcoporum
1340 2712 1397 2779 vi·

256 2823 393 2891 debatur
405 2821 508 2909 magis
524 2820 707 2890 exorbitare
720 2831 751 2889 et
764 2822 924 2890 abusibus
933 2823 1069 2914 januam
1084 2822 1236 2914 pandere.
1254 2820 1320 2889 Sed
1335 2842 1400 2887 ne-

255 2951 319 3020 que
334 2936 443 3019 postea
456 2927 563 2995 ullum
582 2928 793 2997 intervenisse
817 2928 978 3019 ejusmodi
1003 2929 1213 2998 restrictionis
1229 2927 1401 2996 decretum

256 3035 424 3126 probatur.

302 3142 389 3231 Ergo
417 3141 598 3210 etiamnum
627 3141 796 3234 Episcopis
823 3145 979 3235 competit
1002 3151 1143 3236 potestas
1168 3140 1399 3232 suspensiones

254 3247 499 3340 pronuntiandi,
519 3271 584 3317 non
600 3258 727 3317 tantum
742 3250 784 3317 ad
798 3250 1036 3342 beneplacitum
1049 3272 1107 3318 sen
1129 3250 1252 3339 absque
1267 3257 1399 3338 tempo—

256 3358 302 3425 ris
318 3355 600 3442 determinatione,
618 3357 675 3425 sed
689 3358 787 3425 etiam
796 3371 988 3450 perpetuos.

305 3460 444 3551 Objicies
459 3462 549 3529 :Etsi
562 3460 639 3529 olim
653 3462 752 3531 Sacra
765 3462 983 3552 Congregatio
996 3462 1133 3531 Concilii
1145 3460 1281 3553 praefato
1298 3460 1399 3529 modo

256 3567 484 3648 declaraverit;
498 3567 694 3660 jamdudum
712 3571 869 3637 tamenin
883 3570 1063 3661 oppositam
1088 3569 1280 3635 sententiam
1295 3566 1396 3645 nbiit;

255 3684 352 3767 prout
370 3676 406 3741 in
419 3696 516 3741 cansa
539 3674 732 3743 Lucionensi
751 3677 782 3766 (8
798 3676 910 3767 aprilis
928 3675 1039 3765 1848),
1062 3675 1275 3766 expositionis
1299 3694 1399 3764 para-

255 3782 380 3873 grapho
394 3780 588 3872 pennitimo,
603 3791 777 3852 annotatur
792 3782 843 3849 his
859 3784 967 3851 verbis
986 3810 994 3849 :
1015 3810 1033 3847 a
1058 3783 1158 3851 Sacra
1181 3790 1293 3849 auum
1305 3784 1400 3849 Gon-

261 3918 277 3955 u
299 3890 458 3979 gregum,
481 3889 541 3956 etsi
555 3889 634 3957 olim
648 3892 810 3958 censuerit
835 3899 933 3981 caput
945 3890 1090 3980 primum
1104 3889 1232 3957 concilii
1253 3886 1400 3955 Triden-

261 4024 278 4063 α
301 3999 363 4064 tini
376 3996 528 4065 sessionis
551 4000 590 4061 tt
616 3993 668 4085 (de
687 3997 955 4086 deformatione),
971 3996 1090 4065 babere
1104 3997 1212 4065 locum
1226 3995 1261 4061 ia
1278 3993 1400 4085 prodi-

289 4234 319 4297 (t)
333 4232 401 4283 Loco
414 4234 481 4283 enim
493 4230 596 4283 videtur
609 4230 749 4297 tegendum
760 4238 857 4286 nutem.
