3050 4984
525 546 598 591 rins
627 546 772 593 munos.
1153 524 1212 589 25¹

75 664 202 755 pellatia
215 666 427 757 permittitur.
438 663 503 733 Sed
518 674 687 735 sensusast
701 688 768 734 non
778 666 946 756 prohiberi
952 667 1216 758 appellationem,

76 795 111 841 ex
124 795 167 842 eo
183 773 317 864 praeeise
331 773 419 865 quod
436 775 493 841 bat
508 774 548 843 ab
564 783 637 842 actu
653 772 937 864 satra-judiciali,
954 772 990 841 id
1004 782 1052 841 est
1064 796 1085 841 a
1099 795 1219 862 grava-

76 879 164 947 mine
179 878 449 970 extra-judicium
473 879 573 947 illato.
601 880 728 961 Quibus
743 879 933 970 praenotatis
946 878 988 947 ad
1003 879 1218 970 quaestionem

77 986 302 1078 respondetur.

114 1093 140 1161 I.
175 1096 347 1184 Tanquam
373 1094 487 1184 rapula
515 1094 675 1185 pann-alis
706 1092 953 1162 admittendum
982 1106 1028 1161 ast
1056 1094 1222 1185 appellari

75 1222 164 1289 passe
175 1222 197 1267 a
208 1201 458 1291 prauaminibus
468 1200 786 1292 entra-judicialiter
798 1200 912 1268 illatas.
921 1199 1104 1269 -Constat
1112 1223 1153 1268 ex
1166 1223 1220 1268 aa·

77 1308 138 1396 pite
158 1308 245 1377 Cam
260 1309 302 1375 sit
316 1312 467 1377 Romana
486 1308 531 1399 (b,
549 1308 588 1376 de
601 1308 907 1399 Appellationibus)‚
928 1306 984 1375 ubi
996 1328 1147 1397 expresse
1163 1307 1221 1376 de·

78 1414 221 1481 cernitur
235 1414 451 1505 appellantem
463 1439 481 1483 a
493 1415 683 1503 gravamine
699 1423 773 1483 ante
788 1414 853 1481 litis
869 1414 1065 1502 ingressum,
1081 1435 1150 1481 esse
1161 1437 1221 1481 au·

79 1518 234 1589 diendum
244 1547 253 1607 ;
271 1530 302 1588 et
317 1520 481 1612 ejusmodi
505 1520 736 1612 appellationes
760 1522 880 1611 passim
897 1520 1029 1588 ameris
1044 1520 1222 1589 canonibus

80 1627 224 1716 permitti
238 1654 246 1711 ;
260 1628 412 1719 quamvis
435 1628 625 1718 subjiciatur
651 1649 705 1695 eas
719 1626 784 1695 dici
800 1627 908 1718 potius
922 1628 1168 1718 provocationes
1180 1626 1222 1694 ad

81 1756 220 1817 eausam
238 1756 339 1825 quam
352 1734 592 1826 appellationes.
612 1734 702 1803 ldem
725 1741 848 1802 constat
868 1757 909 1801 ex
925 1734 1028 1825 capite
1045 1734 1223 1802 Conserta-

83 1840 161 1907 tioni
176 1842 222 1929 (8,
239 1841 288 1909 tit.
308 1845 360 1926 15,
384 1841 460 1909 libri
478 1846 510 1925 2,
529 1843 563 1909 iu
579 1842 625 1930 6),
643 1840 700 1909 ubi
714 1841 760 1909 sic
786 1839 971 1907 deoarnitur
998 1867 1005 1906 :
1033 1842 1223 1908 Statuimns

83 1958 118 2013 nt
132 1946 175 2013 ab
194 1946 414 2028 electionibus,
438 1946 727 2038 postulationibus,
751 1946 992 2037 provisionibus
1008 1958 1040 2013 et
1060 1946 1223 2037 quibusli-

84 2052 130 2119 bet
146 2052 477 2143 eatra-judieiallbus
491 2054 617 2123 actibus
643 2054 821 2145 (inquibus
838 2066 948 2144 potest
970 2054 1148 2145 appellatio
1169 2054 1224 2120 in-

85 2161 233 2249 terpam),
251 2161 397 2252 quisquis
413 2185 453 2229 aa
465 2162 508 2231 eis
523 2174 701 2252 praeatum
715 2183 747 2229 se
760 2173 929 2251 reputans,
943 2182 1005 2250 per
1025 2161 1223 2251 appellatio·

85 2267 131 2333 nis
148 2266 339 2357 beneficium
353 2291 534 2357 pronomen
557 2269 689 2337 illatum
705 2267 935 2337 desideraverit
960 2269 1116 2349 reuocari,
1134 2268 1225 2335 intra

86 2374 192 2442 bearn
217 2374 282 2443 dies
299 2376 490 2466 (postquam
504 2376 658 2465 soluerit),
674 2376 704 2443 si
716 2375 805 2455 velit,
822 2374 974 2466 appellet.
995 2374 1083 2441 ldem
1106 2377 1225 2442 iterum

86 2481 247 2571 colligitur
269 2504 311 2550 ex
335 2482 438 2572 capite
460 2486 558 2551 Bona
578 2483 745 2551 memoria
768 2483 837 2571 (51,
858 2480 898 2549 de
916 2480 1221 2572 Appellationibus).

87 2588 237 2656 Doctores
251 2596 361 2657 autem
376 2589 410 2655 in
422 2589 482 2656 hae
497 2588 657 2656 firmanda
667 2588 749 2657 thesi
759 2591 893 2659 omuino
908 2588 1116 2656 concordant.
1130 2588 1226 2678 (Vide

87 2694 298 2781 Laurentum,
325 2698 448 2763 Forum
470 2696 728 2775 ecclesiasticum,
753 2696 788 2762 in
811 2696 860 2762 tit.
888 2699 943 2779 28,
959 2695 1018 2764 lib.
1038 2700 1057 2763 2
1084 2696 1224 2779 Deerat,

87 2826 118 2891 q.
142 2804 251 2891 1082.)
279 2802 321 2870 Et
337 2804 529 2891 intelligitur
544 2803 584 2871 de
597 2802 845 2891 gravaminibus
860 2802 957 2870 illatis
973 2824 993 2869 a
1007 2823 1225 2891 quocumque,

89 2909 120 2974 id
136 2920 182 2977 est
197 2932 263 2977 non
277 2919 405 2979 tantum
422 2933 441 2979 a
456 2912 636 3000 superiore,
653 2910 708 2976 sed
723 2911 821 2977 etiam
837 2910 878 2976 ab
893 2908 977 2975 aliis.

132 3017 170 3083 ll.
187 3018 373 3108 Appellatio
389 3041 412 3084 a
425 3019 618 3109 pronomine
634 3016 951 3106 entra-judicialiter
963 3016 1058 3083 illato
1071 3015 1162 3084 dabat
1177 3016 1230 3082 in-

90 3123 196 3213 terjiu'
209 3124 299 3192 intra
315 3123 423 3192 decem
438 3124 588 3215 diespost
603 3124 771 3213 capullum
785 3144 978 3212 pravamen.
995 3160 1040 3173 -
1056 3121 1092 3188 ld
1111 3144 1230 3212 nempe

91 3250 238 3317 expresse
247 3229 432 3299 decernitur
441 3232 538 3299 citato
549 3232 652 3320 eapite
664 3229 907 3299 Conscertationi
917 3231 961 3315 (8,
977 3227 1017 3295 tle
1028 3227 1229 3319 Appellatio·

91 3335 196 3417 nibus,
216 3338 252 3403 in
270 3336 312 3425 b).
345 3336 436 3405 Unde
465 3338 572 3427 elapso
589 3336 649 3405 hoo
676 3336 829 3421 termino,
861 3343 1017 3423 gravatus
1043 3332 1229 3425 appellandi

92 3442 246 3511 beneficio
262 3443 459 3511 destituitur.
1316 3491 1318 3494 ·

136 3550 188 3618 lll.
206 3550 305 3619 Dicta
320 3550 499 3640 appellatio
513 3550 589 3639 fieri
604 3549 694 3617 debet
709 3548 756 3617 ad
773 3542 869 3616 illum
879 3546 1040 3638 judiam,
1061 3548 1119 3638 qui
1137 3546 1230 3615 debe-

94 3668 142 3721 ret
154 3655 250 3737 aditi,
267 3657 297 3723 si
314 3680 457 3747 pravam
473 3658 508 3723 in
518 3655 690 3746 judicium
705 3668 867 3746 tanquam
887 3677 960 3721 reus
982 3667 1166 3722 vocaretur.
1183 3690 1227 3705 -

99 3790 115 3825 a
139 3762 321 3831 Notandum
340 3765 394 3855 (ait
408 3765 600 3849 Laurenius,
618 3764 714 3831 citato
728 3762 812 3851 loco)
826 3763 914 3852 quod
929 3784 949 3828 a
964 3761 1156 3850 gravamine
1166 3782 1230 3828 ex-

98 3896 114 3931 «
138 3870 358 3960 tra-judiciali,
373 3892 431 3939 seu
446 3880 540 3939 extra
549 3870 713 3961 judicium
729 3869 831 3951 illato,
857 3891 921 3936 non
938 3868 1038 3959 possit
1059 3866 1227 3958 appellari,

99 4002 116 4039 a
142 3976 198 4043 nisi
210 3978 252 4045 ad
267 4000 343 4047 eum
355 3978 570 4068 superiorem,
580 3978 637 4068 qui
651 3986 754 4067 potest
762 3976 846 4043 adiri
857 3997 916 4066 per
924 3975 1060 4043 modum
1069 3974 1228 4064 querelae;

101 4111 117 4143 n
143 4083 279 4173 eoquod
302 4084 472 4175 appellatio
492 4082 766 4174 extra-judicialis
786 4081 876 4149 uliud
892 4103 957 4148 non
973 4081 1014 4148 sit
1042 4103 1140 4169 quem
1156 4103 1235 4170 pro-

101 4214 118 4249 «
147 4191 262 4257 vocatio
290 4192 331 4258 sd
361 4214 503 4275 caumm,
533 4190 667 4279 vimque
694 4189 916 4256 conventionis
944 4187 1070 4255 habeat.
1097 4212 1113 4249 o
1138 4187 1234 4270 Hinc,

101 4296 188 4362 verbi
202 4298 318 4389 gratia,
332 4298 360 4365 si
382 4298 456 4389 quia
471 4296 633 4391 appellare
650 4294 726 4367 velit
740 4318 759 4364 a
773 4294 966 4389 gravamine
983 4317 1041 4390 per
1055 4294 1234 4385 paroebum
