3050 4984
577 456 652 502 osas
675 456 820 503 secunus.
1207 440 1268 504 585

126 576 252 663 induit;
267 577 354 649 unde
368 586 399 648 et
412 577 520 672 quoad
535 578 645 670 ipsum
660 600 698 646 eo
711 578 1016 670 omniaperagcndo
1027 578 1177 668 veniunt,
1193 603 1268 672 qum

124 708 226 778 supro
241 684 349 778 quoad
363 708 459 755 reum
474 683 615 755 indicata
627 694 715 756 suut.
732 686 855 755 Formo
870 693 979 755 autem
997 696 1220 758 accusatorem
1235 688 1271 757 in

125 791 212 862 dicto
225 815 302 862 cusu
313 792 445 881 citandi,
460 793 556 884 eique
572 793 769 862 defensionis
783 794 961 862 terminum
974 792 1164 886 assignandi
1179 804 1270 887 pote·

124 902 169 970 rit
182 921 250 970 esse
265 901 457 994 hujusmodi
473 929 480 970 :

175 1035 192 1075 o
207 1010 292 1078 Cum
305 1031 345 1077 ea
358 1010 422 1078 liae
440 1032 542 1102 usque
552 1010 674 1078 habitis
689 1022 863 1101 appareat,
882 1009 1053 1080 dominum
1067 1014 1111 1081 N.
1137 1034 1272 1082 accusa-

127 1131 242 1198 torem,
258 1117 292 1185 in
307 1117 365 1186 lite
380 1139 482 1208 mom
492 1118 596 1186 movit
610 1130 724 1186 contra
739 1117 915 1186 dominum
925 1121 984 1201 N.,
996 1117 1273 1188 calumniatorem

126 1226 280 1306 eutitisse,
295 1223 487 1294 reuerendus
501 1228 545 1296 Ν.
568 1224 714 1294 Vicarius
729 1224 891 1315 qeneralis
902 1224 1053 1306 decreuit,
1066 1237 1172 1316 prout
1182 1247 1273 1315 prn·
1360 1275 1363 1282 ·

125 1333 209 1400 senti
218 1332 344 1404 decreto
357 1332 511 1414 decernit,
528 1331 654 1400 dictam
668 1345 890 1400 accusatorem
902 1334 945 1404 N.
963 1332 1075 1414 citare,
1093 1331 1187 1424 eique
1207 1344 1271 1400 ter-

126 1439 256 1508 minum
279 1452 350 1509 octo
376 1438 505 1508 dierum
520 1440 689 1529 assipnare
704 1438 750 1508 ad
764 1438 1021 1530 comparatdum
1036 1453 1068 1507 et
1083 1439 1268 1522 dicendum,

126 1570 228 1638 quare
247 1570 314 1616 non
335 1546 449 1616 debeat
463 1545 510 1614 ad
521 1569 637 1638 peenas
651 1546 934 1615 calumniatorum
948 1545 1173 1615 condemnari.
1190 1550 1271 1615 Acta

126 1667 202 1724 sunt
216 1655 285 1724 hue
309 1654 361 1723 die
434 1655 553 1722 mensis
627 1676 757 1723 anno...
775 1691 819 1706 -
833 1657 907 1745 Epo
924 1656 983 1734 Ν.,
1014 1654 1160 1722 Vicarius
1174 1677 1272 1744 pene-

126 1762 218 1832 ralis.
231 1801 275 1813 -
285 1766 359 1854 Epo
372 1765 430 1844 Ν.,
445 1763 626 1830 actuarius.

174 1895 191 1936 a
211 1875 249 1938 In
273 1870 513 1963 suprascripti
544 1870 665 1939 decreti
687 1870 919 1951 caecutionem,
939 1868 1051 1938 eodem
1066 1869 1118 1937 dic
1145 1869 1271 1938 uocauit

123 1980 283 2070 prefatus
305 1977 498 2046 reverendas
530 1978 675 2047 Vicarius
690 1977 863 2068 penerolis,
885 1980 1047 2045 loannem
1061 1979 1121 2059 Ν.,
1146 1977 1271 2068 episco-

121 2086 211 2178 palis
224 2087 323 2156 curie
339 2107 515 2167 cursorem,
541 2085 634 2177 eique
656 2085 804 2154 libellum
818 2084 985 2154 citationis
1001 2085 1204 2176 camipnauit
1221 2099 1273 2154 te-

126 2195 215 2262 noris
229 2195 386 2285 sequentis
405 2220 416 2260 .·

174 2325 191 2366 o
217 2304 301 2370 Cum
323 2325 363 2370 ca
384 2303 553 2392 hucusque
574 2299 697 2368 totins
719 2300 754 2367 in
779 2321 880 2368 causa
901 2311 1017 2368 contra
1042 2299 1206 2368 dominun
1225 2303 1269 2373 N.

126 2419 230 2489 nsota,
245 2419 407 2499 appareat
419 2405 591 2475 dominum
604 2407 647 2477 N.
666 2417 915 2488 acccusatarem,
929 2404 1204 2474 calumniatorem
1214 2428 1274 2474 ea-

126 2514 238 2596 titisse,
255 2511 446 2583 renuendas
462 2515 520 2596 N.,
548 2511 697 2581 Vicarius
717 2512 890 2602 peneralis,
909 2511 1013 2581 eidem
1028 2516 1072 2584 N.
1090 2513 1275 2582 acacsatori

126 2621 308 2689 terminum
318 2619 536 2712 defensoriam
546 2631 617 2688 octo
632 2619 761 2688 dierum
775 2643 796 2687 o
802 2619 962 2711 presenti
972 2619 1273 2711 computandorum

125 2729 312 2819 assipnans,
347 2750 422 2796 eum
450 2727 532 2796 citat
564 2726 611 2796 ad
643 2726 903 2818 comparendum
933 2749 1046 2796 caram
1082 2750 1115 2796 se
1145 2726 1199 2796 die
1216 2779 1268 2811 ...,

123 2835 208 2902 horo
225 2885 277 2915 ...,
303 2835 337 2902 in
364 2834 452 2903 atrio
476 2832 631 2925 episcopii
639 2832 782 2924 judiciis
805 2832 1010 2925 expediendis
1031 2831 1207 2916 destinato,
1225 2834 1272 2904 ad

123 2940 295 3012 dicendum
310 2963 412 3033 quare
426 2963 494 3010 non
509 2940 624 3010 debeat
638 2939 685 3010 ad
693 2963 813 3032 poenas
826 2941 1106 3010 calumniatorum
1119 2940 1270 3010 condem-

122 3049 210 3118 nari.
226 3048 444 3140 Praecipitquc
454 3049 616 3140 prefatus
628 3046 819 3117 renuendas
842 3048 990 3117 Vicarius
1005 3048 1164 3138 peneralis
1175 3069 1271 3140 pree-

123 3168 246 3226 sentem
270 3156 459 3225 citationem
486 3167 517 3222 et
541 3155 675 3224 termini
700 3154 875 3244 defemorii
899 3155 1154 3246 assipnationem
1183 3155 1270 3224 dicto

125 3263 256 3334 domino
287 3265 330 3336 N.
366 3261 595 3354 personaliter,
628 3262 680 3332 uel
700 3262 736 3330 in
772 3260 870 3330 domo
905 3262 1011 3332 solitae
1040 3262 1266 3347 habitationis,

126 3370 287 3439 intimari.
316 3374 442 3439 Datum
470 3370 505 3438 in
529 3370 727 3440 cancellaria
751 3368 928 3462 episcopali
951 3369 1060 3439 die...
1088 3369 1204 3438 messis

124 3479 249 3548 anni...
276 3515 320 3530 -
339 3481 412 3568 Epo
433 3480 491 3560 Ν.,
527 3478 673 3548 Vican'us
699 3476 875 3568 peneralis.
904 3515 948 3528 -
970 3480 1043 3569 Epo
1066 3481 1124 3560 Ν.,
1155 3490 1271 3546 actua-

125 3588 206 3655 rius.

173 3694 313 3784 «intar
320 3692 500 3786 praedictus
513 3696 656 3762 loannes
673 3695 732 3775 Ν.,
751 3713 873 3776 cursor,
887 3704 1067 3785 postquam
1080 3693 1184 3785 officia
1210 3716 1268 3762 suo

119 3804 255 3892 functus
271 3813 328 3883 est,
344 3800 390 3870 ad
408 3823 459 3869 me
474 3800 663 3868 actuarium
678 3822 834 3882 reuersus,
852 3798 965 3868 retulit
979 3823 1013 3868 se
1033 3799 1157 3868 dictam
1183 3800 1268 3868 cita-

124 3909 245 3976 tionem
263 3921 365 4000 prout
383 3908 418 3976 in
440 3907 608 3977 mandatis
623 3907 755 3976 domino
781 3909 826 3979 N.
839 3906 1058 3998 personaliter
1142 3906 1194 3976 die
1211 3959 1264 3990 ...,
1338 3987 1342 3994 .

123 4016 206 4085 hora
225 4066 276 4097 ...,
291 4015 470 4086 intimasse.
490 4015 569 4084 Acta
589 4027 663 4084 seint
682 4015 751 4085 ltaec
765 4014 817 4083 dic
888 4014 1006 4084 manis
1078 4037 1203 4083 anno...
1219 4054 1264 4070 -

123 4125 197 4214 Epa
213 4125 355 4194 loannes
370 4126 429 4208 Ν.,
445 4145 568 4207 cursor,
588 4123 718 4216 affirmo
734 4135 901 4215 utsupra.
919 4163 964 4177 —
978 4127 1051 4215 Epo
1066 4127 1123 4207 Ν.,
1149 4136 1264 4195 actua-

122 4253 240 4298 raus.»
