3050 4984
304 460 367 525 270
680 477 855 525 mauranus
877 478 917 525 os
939 478 1072 525 mutans.

198 661 203 668 .
307 630 324 667 ι
345 599 450 691 judici
469 598 520 667 vel
535 597 702 689 judicibus
723 623 745 667 a
766 622 830 690 quo
848 599 955 685 dohet,
972 600 998 667 si
1015 598 1110 666 facile
1128 598 1161 666 id
1183 599 1254 665 ficri
1272 597 1387 689 possit,
1403 618 1432 663 ne

305 737 322 775 ι
346 710 482 777 ulterius
494 707 680 800 procedant.
698 734 714 773 s
735 708 1051 799 [Schmulzgrneben
1068 707 1259 793 citatolooo,
1274 727 1307 773 n.
1326 710 1393 795 li.)

345 820 378 885 4ο
399 814 483 896 Quid
507 816 561 902 agi
583 814 682 905 possit
705 816 739 882 in
757 836 835 882 casu
857 838 926 904 quo
946 814 1021 905 quis
1042 836 1084 883 ex
1105 821 1194 882 metu
1209 814 1304 902 gravi
1328 811 1376 901 (id
1397 820 1432 877 est

299 919 431 990 cadente
454 921 489 988 in
511 928 709 989 constantem
735 921 857 1009 virum)
882 919 1062 1010 impeditur
1087 920 1264 1010 quominus
1288 915 1431 1009 appellet?

303 1054 320 1094 ι
343 1028 556 1118 Respondeo:
577 1027 605 1094 is
624 1049 733 1095 corani
745 1026 886 1116 jndices
902 1048 968 1116 quo
984 1027 1155 1117 protestari
1170 1032 1289 1116 potest,
1302 1023 1390 1117 quod
1401 1021 1431 1089 ob

302 1162 318 1200 ιι
343 1132 437 1203 talem
448 1156 578 1202 eausam
588 1156 644 1201 seu
653 1156 831 1222 gravamen
841 1133 1004 1224 appellare
1017 1134 1125 1218 vellet,
1133 1134 1196 1201 nisi
1205 1132 1430 1222 prohiberetur.

302 1266 318 1303 ι
341 1240 405 1309 Vel
420 1240 447 1307 si
461 1261 570 1307 coram
588 1239 643 1307 illo
657 1239 768 1329 judice
781 1239 951 1329 protestari
968 1239 1152 1322 nouanda,
1166 1238 1218 1306 vel
1229 1239 1303 1329 ejus
1317 1238 1429 1329 copiam

300 1372 317 1411 ιι
342 1347 458 1414 habere
470 1368 534 1413 non
549 1355 664 1436 potest,
680 1354 756 1414 tune
772 1346 1034 1436 protestationem
1051 1346 1145 1413 utam
1158 1346 1262 1413 iacere
1272 1356 1375 1435 potest
1388 1366 1431 1409 oo·

301 1480 318 1517 ι
343 1476 411 1521 ram
424 1453 566 1521 honestis
577 1454 672 1539 viris,
681 1474 778 1521 causa
785 1452 1009 1543 appellationis
1017 1474 1181 1543 expressa.
1195 1452 1364 1542 Habetque
1373 1451 1431 1517 hac

300 1588 316 1623 ιι
342 1560 527 1650 protestatio
546 1560 696 1627 eurndem
720 1560 882 1646 effectum,
903 1582 1001 1650 quem
1022 1560 1207 1651 appellatio.
1228 1586 1245 1624 o
1266 1558 1431 1648 (Schmun-

296 1666 448 1753 grusber,
469 1668 503 1733 in
520 1666 569 1733 tit.
589 1670 643 1752 28,
660 1666 683 1734 Ι.
708 1667 855 1750 2Decr.,
873 1688 906 1733 n.
925 1665 994 1755 to.)
1019 1667 1154 1734 Constat
1167 1690 1209 1734 ox
1228 1664 1386 1735 Decretali
1399 1664 1432 1732 Si

290 1774 407 1865 justus
430 1774 498 1863 (ts,
520 1772 560 1841 de
583 1773 887 1865 Appellationibus),
913 1774 948 1840 in
970 1795 1034 1865 qua
1054 1774 1100 1841 sic
1120 1773 1300 1864 Gregorius
1315 1773 1360 1842 tx
1377 1800 1384 1839 :
1399 1771 1432 1838 Si

291 1881 406 1970 justus
425 1894 541 1961 neotus,
564 1880 738 1969 quominus
757 1880 983 1971 appelluucm's,
1008 1892 1039 1947 te
1056 1893 1200 1962 accusat,
1227 1880 1274 1948 ad
1293 1879 1431 1972 appella-

298 1987 396 2055 tionis
410 1989 574 2078 reperiaris
594 1988 786 2077 beneficium
798 1988 1000 2069 convolasse·
1016 1986 1195 2055 dummodo
1211 1987 1303 2055 intra
1317 2001 1431 2077 tempus

298 2118 361 2186 quo
378 2096 465 2163 licite
476 2108 688 2187 prouocatur,
710 2116 823 2162 coram
838 2094 953 2185 judice
968 2118 989 2161 a
999 2118 1063 2185 quo
1081 2096 1263 2186 appellasse
1278 2094 1429 2164 wiuari:

298 2203 350 2271 uel
367 2203 395 2271 si
411 2203 528 2271 habere
549 2203 651 2293 ipsius
671 2202 802 2291 copiam
821 2202 1009 2294 nequivisti,
1036 2203 1071 2269 in
1085 2204 1264 2293 praesentia
1284 2202 1430 2271 donorum

297 2311 455 2391 virorum,
485 2309 722 2400 protestatione
747 2330 844 2400 super
867 2308 928 2376 ltoe
943 2309 1129 2399 proposita,
1151 2330 1267 2377 causas
1293 2308 1429 2400 appella-

299 2418 395 2485 tionis
410 2416 544 2485 duceris
559 2415 800 2507 caprimendas.

816 2700 837 2789 s
861 2698 919 2767 vi.

482 2870 521 2921 Ad
542 2883 619 2934 wem
633 2868 750 2933 jndicem
767 2869 908 2933 appellatio
924 2868 981 2918 fleri
997 2868 1079 2932 possit
1091 2874 1135 2919 aut
1151 2868 1253 2921 debeat.

340 3068 523 3135 Pnoeosrno
559 3065 599 3130 1³.
625 3102 669 3114 —
693 3065 825 3132 Scelusa
854 3088 931 3133 cusu
959 3066 1190 3157 appellationis
1223 3066 1270 3135 ad
1296 3071 1423 3157 Papum,

296 3171 533 3262 appellandum
556 3183 602 3238 cst
616 3194 637 3237 a
647 3173 668 3262 j
672 3170 761 3239 udiee
779 3170 933 3262 inferiore
948 3171 994 3241 ad
1014 3172 1167 3263 proxime
1179 3196 1235 3241 seu
1250 3173 1427 3243 immediate

295 3280 514 3369 superiorem·
525 3300 592 3346 nott
603 3292 726 3357 autem
738 3276 1034 3368 docpraetermisso,
1047 3279 1294 3349 admediatum.
1306 3320 1350 3333 -
1358 3282 1425 3349 Pro·

293 3386 389 3453 hatur
405 3386 507 3475 capite
524 3383 641 3453 Dileeti
659 3386 724 3473 (66,
741 3385 780 3454 de
800 3386 1108 3477 Appellationidus),
1124 3389 1158 3456 in
1174 3411 1239 3479 quo
1259 3390 1306 3457 sic
1327 3390 1426 3457 Hono-

293 3492 363 3560 rius
384 3490 429 3559 111
448 3518 455 3559 :
477 3516 495 3556 ιι
513 3491 564 3559 Ex
581 3500 671 3581 parte
687 3492 848 3561 dictorum
869 3494 990 3583 prioris
1009 3504 1041 3562 et
1059 3504 1239 3563 conventus
1264 3497 1327 3565 tuit
1349 3494 1425 3564 exci-

299 3626 315 3663 ιι
338 3597 457 3689 piendo
476 3599 677 3689 propositum
697 3626 704 3665 :
723 3598 823 3689 quod,
841 3622 916 3667 oum
938 3600 1060 3670 omisso
1082 3600 1263 3671 dioecesano
1278 3602 1424 3692 Episcopo

297 3733 313 3770 ι
337 3706 450 3774 fuisset
471 3704 515 3773 ad
538 3705 829 3795 Archiopiscopum
856 3706 1067 3796 appellatum,
1092 3708 1133 3774 od
1155 3730 1253 3799 quem
1275 3708 1424 3797 gradatim

297 3842 314 3875 ιι
337 3811 442 3879 iuerat
457 3810 700 3902 appellandum,
718 3811 751 3877 in
768 3832 866 3879 causa
880 3813 950 3902 ipsa
965 3812 1091 3903 dejure
1106 3815 1279 3905 procedere
1295 3838 1359 3884 nou
1373 3812 1423 3881 de-

297 3948 313 3983 ιι
337 3918 431 3987 bebai
458 3944 466 3985 :
492 3916 549 3985 sed
572 3918 649 4009 quia
674 3916 820 3985 officialis
843 3918 1086 4010 Archicpisoopi
1111 3920 1301 4011 huiusmodi
1320 3941 1422 4008 excep

297 4054 313 4091 ιι
339 4028 458 4095 tionem
485 4024 653 4091 admittere
682 4023 874 4113 denegabat,
905 4026 967 4117 ipsi
993 4026 1034 4093 nd
1066 4034 1209 4095 nostram
1238 4028 1423 4097 audientiam

297 4160 313 4197 ι
337 4131 551 4223 appellarunt.
564 4128 722 4210 Quocirca
735 4130 927 4199 mandamus
936 4140 1096 4221 quatenus
1106 4135 1282 4204 sententias
1290 4144 1358 4226 post
1369 4134 1423 4199 hu·

298 4266 313 4305 ιι
334 4237 477 4332 jusmodi
493 4237 739 4328 appellationum
755 4237 835 4305 latas
857 4238 890 4303 in
912 4260 978 4323 eos,
1000 4238 1197 4309 denuntietis
1219 4243 1345 4333 penitus
1366 4259 1422 4307 non
