3050 4984
312 511 374 576 1111
686 531 863 579 rarcrarus
885 532 924 580 ua
946 532 1079 580 runicus.

308 651 469 744 pendetur
487 677 494 721 ε
511 653 616 740 debet,
634 675 693 746 per
708 655 898 724 sententiam
912 653 1204 742 interlocutoriam,
1217 654 1312 725 talem
1330 677 1452 748 excep-

307 760 443 848 tionem,
467 768 576 852 utpote
591 761 744 854 injustam
766 769 797 830 et
816 761 1055 831 frustratoriam
1074 762 1217 855 rejicere,
1232 763 1452 855 rejectamque

306 866 481 956 declarare,
508 876 540 937 et
561 891 599 937 ea
624 889 689 937 non
713 868 917 938 ohannein
942 890 1094 962 processu
1117 891 1263 963 pergere.
1288 870 1337 938 lta
1359 891 1452 938 com-

306 975 447 1044 maniter
471 974 617 1046 doctores
637 999 714 1046 cum
736 975 948 1046 Reiffenetuel
971 979 1019 1069 (in
1040 977 1095 1045 tit.
1124 980 1158 1064 1,
1180 976 1240 1045 lib.
1267 978 1449 1064 taceret,

304 1102 338 1149 u.
360 1081 451 1173 23⁷).
472 1083 512 1152 Et
531 1082 615 1152 ratio
634 1091 720 1175 petet
738 1109 745 1151 :
762 1104 838 1151 nam
858 1091 930 1152 orta
948 1083 1149 1177 exceptione,
1169 1082 1264 1153 debet
1279 1081 1383 1176 judex
1408 1081 1452 1151 de

304 1211 341 1259 ea
358 1189 449 1281 prius
459 1188 618 1281 judicare,
635 1209 734 1281 qnam
749 1188 790 1258 ad
806 1192 1020 1282 questionem
1037 1190 1248 1283 principalem
1264 1189 1418 1258 deveniat
1437 1219 1446 1259 :

307 1299 389 1368 Cum
410 1295 594 1388 receptione
604 1295 749 1387 probatu
774 1297 829 1388 (ait
849 1295 1000 1366 Clemens
1014 1297 1088 1387 111),
1103 1297 1238 1389 questio
1253 1296 1454 1388 principalis

300 1401 497 1491 perimetur,
514 1414 590 1470 ante
607 1415 653 1470 cst
674 1402 927 1495 eoqnosceudum
943 1402 983 1472 dc
995 1404 1080 1495 ipsa,
1099 1426 1201 1495 quam
1214 1399 1262 1471 od
1280 1399 1453 1494 definitio-

305 1506 356 1574 nis
376 1507 553 1576 articulum
568 1509 771 1601 procedatur
793 1510 832 1602 (c.
855 1510 1080 1579 Intelleximus
1102 1513 1135 1596 1,
1153 1509 1239 1579 tituli
1255 1512 1309 1596 111,
1327 1508 1405 1577 libri
1430 1512 1451 1576 2

304 1613 455 1705 liceret).
477 1614 548 1685 lam
566 1638 643 1684 vero
658 1616 761 1708 judex
781 1618 969 1686 inanitatem
988 1617 1187 1710 exceptionis
1202 1638 1452 1707 recognoscens,

304 1721 423 1812 injuste
438 1729 560 1811 ageret,
576 1723 640 1792 nisi
659 1745 729 1791 eam
750 1724 877 1793 irritem
896 1724 1074 1793 declararet
1093 1751 1101 1792 ι
1117 1723 1236 1815 rejecta
1250 1732 1359 1792 antem
1374 1731 1454 1791 tan-

304 1850 401 1920 quam
417 1829 506 1897 inaui
518 1831 718 1920 exceptione,
736 1839 883 1900 remanet
897 1829 1138 1901 continuandus
1151 1852 1321 1923 processus
1334 1829 1452 1899 eodem

305 1934 402 2004 modo
416 1957 454 2004 ac
466 1936 493 2004 ei
509 1937 673 2028 proposita
688 1958 754 2006 non
767 1936 891 2007 luisset.

349 2042 490 2124 Quaerro
511 2047 556 2112 ³⁸.
573 2081 618 2098 ··-
640 2045 780 2128 Quando
801 2068 877 2114 reus
895 2047 1116 2139 exceptionem
1139 2045 1454 2115 crimenentur

301 2153 428 2242 suctum
437 2151 580 2244 prebere
593 2153 751 2244 nequiuit,
770 2173 814 2221 un
825 2155 929 2245 pessit
939 2177 961 2222 u
967 2152 1084 2245 judice
1097 2153 1211 2246 oliqrce
1220 2177 1321 2244 poena
1327 2151 1456 2246 plecti?

304 2295 349 2313 -
362 2259 588 2350 Respondetur
601 2260 760 2350 negative.
778 2259 940 2329 Probatur
956 2283 997 2330 ex
1014 2260 1166 2329 decretali
1188 2263 1297 2351 Super
1314 2260 1364 2358 lies
1377 2262 1452 2352 (16,

304 2367 354 2435 tit.
375 2369 406 2452 1,
425 2366 481 2434 lib.
504 2368 690 2458 timeret).
709 2367 791 2436 Nam
815 2367 860 2435 ibi
883 2367 1089 2436 Innocentius
1105 2367 1151 2436 111
1169 2367 1343 2458 distinguit
1365 2369 1457 2438 inter

305 2474 516 2565 objectionem
524 2473 672 2542 criminis
685 2495 759 2567 qum
774 2473 811 2541 fit
821 2497 841 2543 a
850 2475 918 2543 Reo
929 2475 1080 2562 civiliter,
1096 2475 1129 2542 id
1140 2483 1199 2562 eet,
1212 2486 1251 2543 ut
1262 2475 1304 2544 ab
1316 2497 1456 2544 acernu-

306 2581 393 2649 tione
409 2582 460 2649 uel
474 2581 699 2663 testificatione
713 2582 833 2674 uliquis
848 2583 1048 2674 repellatur;
1058 2591 1169 2651 eteam
1180 2581 1303 2674 qnmfit
1313 2589 1350 2650 ut
1360 2584 1455 2674 quis,

302 2687 371 2777 jam
389 2687 508 2758 electus
525 2697 558 2756 ct
577 2691 802 2775 confirmatus,
819 2689 894 2780 jure
918 2712 978 2758 sno
998 2689 1156 2781 acquisito
1172 2689 1213 2757 ad
1235 2688 1456 2781 prelaturam

305 2795 357 2864 vel
372 2794 561 2884 dignitatem
577 2796 738 2888 privetur.
754 2796 796 2863 Et
811 2795 847 2863 in
869 2795 1011 2865 secundo
1024 2818 1103 2864 casn
1122 2794 1290 2864 dumtaxat
1306 2795 1458 2865 decernit

306 2924 435 2994 poenam
458 2901 751 2972 extraordinariam
775 2895 1005 2994 imp'oneudam
1033 2925 1103 2971 esee
1127 2925 1182 2972 reo
1204 2903 1261 2994 qni
1284 2903 1458 2995 exceptio-

306 3031 380 3078 nem
403 3011 540 3101 probere
558 3009 716 3100 nequivit.
732 3010 829 3079 Unde
849 3032 1049 3102 consequeus
1064 3017 1112 3078 est
1127 3019 1165 3079 ut
1184 3010 1218 3077 in
1240 3010 1343 3101 priori
1357 3033 1455 3098 casu,

306 3116 438 3208 quando
459 3138 574 3206 nempe
590 3138 677 3184 mere
688 3117 829 3185 ciuiliter
842 3117 964 3184 crimen
980 3116 1147 3207 objicitur,
1170 3115 1261 3185 nulla
1279 3139 1376 3208 poeua
1397 3119 1459 3185 iu-

308 3223 450 3312 lligeuda
465 3224 508 3291 sit
519 3223 705 3314 excipienti,
723 3231 754 3290 et
769 3223 804 3292 iu
818 3223 987 3314 probanda
1000 3224 1187 3316 exceptione
1203 3221 1381 3293 deficienti.

353 3331 495 3413 Qunerro
517 3334 562 3398 11.
585 3367 630 3383 --
653 3328 794 3413 Quando
816 3353 901 3410 reus,
927 3329 1067 3398 ciuiliter
1088 3330 1259 3420 excipiens,
1286 3330 1457 3420 objectum

308 3436 461 3508 delictum
473 3438 637 3529 potunt,
654 3461 699 3506 un
712 3438 817 3528 tejas
831 3435 942 3505 delicti
953 3449 1071 3505 auctor
1078 3437 1181 3528 possit
1195 3434 1337 3529 ajrrdice
1348 3461 1456 3529 prena

304 3548 424 3641 plectit
440 3581 485 3600 ι·-
500 3544 725 3638 Respondetur
741 3545 908 3634 negative3
925 3544 981 3614 aed
1001 3543 1095 3613 debet
1110 3553 1237 3614 motum
1254 3544 1358 3638 judex
1372 3569 1456 3616 eum

308 3655 365 3748 qui
379 3652 539 3746 objectum
551 3652 703 3721 delictum
717 3661 862 3743 patrasse
876 3652 1044 3720 convictus
1059 3651 1134 3738 luit,
1150 3652 1192 3719 ab
1202 3652 1382 3721 accurando
1397 3675 1456 3722 re·

307 3761 439 3856 pellere,
461 3760 487 3829 si
501 3761 542 3830 ait
556 3770 738 3839 accusator;
758 3759 811 3827 vel
830 3781 851 3828 a
870 3757 1083 3843 teedficaudo,
1101 3759 1129 3826 ei
1150 3759 1191 3825 sit
1209 3759 1310 3826 testie
1328 3759 1455 3852 Sequi-

309 3880 363 3940 tur
384 3893 426 3942 ex
450 3867 563 3960 regula
583 3865 739 3957 generali,
755 3867 842 3959 qnod
864 3866 966 3957 judex
988 3889 1057 3934 sese
1076 3866 1319 3934 accommodare
1335 3865 1455 3936 debeat

310 3975 483 4047 intentioni
503 3983 534 4042 et
554 3972 613 4041 lini
632 3972 769 4062 agentia,
792 3973 970 4064 famaque
990 3972 1092 4042 libelli
1115 3972 1157 4041 ab
1177 3971 1233 4041 illo
1254 3975 1450 4064 proponitae;

309 4093 407 4179 prout
420 4081 525 4176 capite
540 4080 690 4163 Qualiter
703 4083 758 4167 24,
776 4079 815 4149 cle
829 4082 954 4161 Arcem,
972 4087 1004 4148 et
1016 4102 1087 4171 cap.
1105 4079 1195 4148 Licet
1209 4083 1262 4167 30,
1280 4079 1321 4148 de
1335 4081 1456 4150 Simo-

310 4193 379 4274 niu‚
398 4187 620 4282 prescribitur
634 4187 684 4256 bia
698 4186 806 4255 verbis
823 4212 831 4253 ε
852 4187 893 4254 Ut
902 4187 1011 4277 jueta
1018 4185 1142 4277 judicii
1157 4187 1305 4278 formem
1319 4201 1456 4258 senun-

311 4299 359 4370 tin
372 4317 498 4390 quoque
511 4294 658 4364 dictetur.
673 4293 834 4363 Probatur
845 4292 1028 4383 insuperex
1040 4293 1145 4384 capite
1156 4295 1241 4362 Cum
1253 4292 1393 4364 dilectus
1404 4297 1454 4388 (2,
