3050 4984
268 432 328 498 idi
641 453 817 500 raacrarus
839 453 878 499 on
899 451 1035 499 ruamus.

265 572 526 668 deprehendatur
548 596 589 643 ex
611 574 733 643 malitia
754 574 837 644 falso
858 571 1075 643 denuntiasse.
1099 573 1181 657 Quae
1202 597 1298 667 pona
1319 575 1405 646 eludi
1515 644 1516 647 ,

265 689 384 775 posset,
409 689 441 751 et
467 681 625 752 inutiliter
647 682 752 775 posita
776 681 902 770 fnisset,
930 681 958 749 si
980 680 1201 771 denuntiator,
1226 682 1306 752 dum
1326 685 1405 754 falso

262 787 443 876 denuntiat,
475 796 639 858 suummet
667 787 888 856 testimonium
917 787 1123 880 interponere
1153 797 1260 880 posset
1291 816 1299 858 :
1328 812 1404 860 narn

262 895 476 988 quantumvis
496 902 627 987 apertus
646 894 873 982 calumniator,
886 916 955 963 sese
966 892 1027 963 bae
1040 917 1196 965 nnavoee
1211 903 1404 987 protegeret,

262 1027 320 1095 epo
340 1002 451 1072 delicti
470 1002 558 1071 testis
575 1003 641 1094 fui.
663 1003 699 1071 ld
722 1011 851 1072 tantum
871 1003 996 1072 ratione
1018 1002 1120 1094 officii
1134 1002 1262 1093 publici
1277 1004 1333 1096 jus
1351 1029 1407 1074 oa-

261 1111 415 1180 nonieum
434 1108 583 1195 indulsit,
603 1117 640 1178 ut
655 1109 682 1176 si
703 1107 833 1178 definiat
846 1110 882 1177 in
897 1108 1066 1201 probando
1086 1109 1174 1203 quod
1189 1107 1404 1200 denuntiarit,

261 1238 327 1285 non
348 1225 575 1306 praesumatur
595 1213 775 1284 malitiosus
794 1213 1024 1300 calumniator,
1046 1215 1109 1282 nisi
1128 1215 1284 1307 probetur
1309 1244 1316 1283 :
1340 1241 1407 1310 quo

262 1324 374 1393 iavore
388 1331 474 1390 earet
492 1321 640 1414 privatus
654 1321 874 1408 denuntiator,
892 1321 1098 1390 incumbente
1117 1322 1181 1415 ipsi
1196 1323 1404 1414 obligatione,

261 1431 289 1498 si
317 1430 352 1497 in
378 1427 546 1521 probando
572 1427 712 1518 detioiat,
740 1429 860 1498 bonam
886 1451 979 1498 suam
1000 1429 1099 1498 fidem
1120 1429 1311 1499 ostendendi
1333 1438 1407 1501 eta

261 1547 459 1633 praesumpta
473 1535 636 1606 calumnia
653 1559 722 1605 sese
743 1535 928 1629 purgandi3
945 1537 982 1604 in
997 1559 1062 1629 quo
1077 1536 1106 1605 si
1125 1536 1264 1627 deficiat,
1282 1528 1406 1608 salum·
1515 1586 1517 1593 »

261 1647 425 1716 niatorum
445 1643 550 1735 poenis
571 1642 756 1734 subjicitur.
781 1643 822 1710 Et
843 1665 921 1712 vero
946 1643 974 1711 si
996 1653 1188 1735 procurator
1209 1645 1340 1733 linealis,
1363 1669 1405 1714 ex

262 1751 396 1844 eoquod
407 1749 552 1820 offioium
567 1750 733 1842 publionm
746 1748 969 1820 denuntiando
980 1762 1139 1840 exereeat,
1156 1760 1325 1845 suspectus
1336 1775 1408 1822 esse

260 1883 328 1929 non
347 1859 471 1944 debeat,
495 1879 553 1926 neo
568 1879 588 1926 a
603 1855 737 1926 ferendo
757 1856 942 1927 testimonio
961 1856 1087 1949 repelli,
1105 1880 1166 1927 our
1183 1857 1282 1927 etiam
1302 1858 1406 1950 judex

262 1990 329 2035 non
344 1973 451 2058 posset
464 1987 533 2033 esse
546 1963 647 2033 simul
663 1962 774 2032 testis‘t
788 1964 883 2046 Quod
899 1973 1007 2033 tamen
1019 1964 1128 2033 omnia
1140 1965 1217 2057 jura
1229 1965 1403 2058 repellunt.
1515 1978 1516 1981 ’

262 2073 359 2144 Absit
371 2095 450 2161 ergo
461 2081 498 2140 nt
512 2071 548 2139 in
561 2072 661 2140 curiis
676 2071 912 2163 episcopalibus
922 2069 1007 2140 diota
1019 2071 1131 2164 opinio
1144 2072 1187 2141 ad
1200 2073 1330 2164 praxim
1342 2097 1408 2142 un-

262 2203 360 2274 quam
367 2178 557 2267 reducatur,
570 2177 615 2246 ita
625 2177 715 2271 quod
724 2175 844 2247 fiscalis
856 2186 1024 2270 promotor
1031 2176 1292 2248 denuntiatorem
1308 2180 1408 2250 simul

482 2293 525 2353 at.

263 2297 294 2359 et
305 2294 744 2474 disiiridailgdenuntiatorem
759 2389 938 2481 privatum,
957 2389 1009 2458 vel
1022 2391 1207 2459 voluntarie
1221 2389 1405 2480 denuntiat,

260 2501 313 2576 vel
336 2523 376 2568 eu
393 2497 592 2588 obliqatione
606 2495 772 2564 eharitatis
791 2505 848 2565 aut
863 2494 999 2587 justitiae
1017 2525 1025 2564 :
1046 2497 1075 2565 si
1095 2497 1188 2588 prius
1207 2520 1274 2568 non
1289 2521 1402 2591 posse,

261 2609 288 2680 si
308 2607 467 2700 posterius
482 2627 575 2696 posse
595 2604 631 2672 in
651 2611 765 2672 testem
785 2604 897 2696 recipi,
922 2613 1007 2674 tenet
1027 2605 1178 2674 laudatus
1195 2606 1407 2676 Reiffenstnel

265 2717 373 2809 (citato
384 2713 483 2802 loeo),
498 2710 657 2803 quosdam
668 2711 703 2779 in
713 2711 802 2780 hune
816 2734 949 2781 sensum
962 2710 1126 2781 adducens
1135 2712 1292 2783 doctores.
1309 2715 1406 2783 Ratio

262 2828 371 2889 autem
381 2839 445 2909 qna
455 2817 526 2885 baeo
536 2813 682 2885 doctrina
691 2815 820 2902 nititur,
830 2826 879 2884 est
888 2815 1408 2912 denuntiatoremeeobtiqotioue

260 2935 421 3017 agentem,
438 2922 657 2992 denuntiatori
671 2944 711 2990 ee
726 2923 831 3014 efficio
846 2945 916 2991 esse
928 2924 1209 3016 mquiparandum.
1225 2926 1311 2996 Cum
1325 2949 1407 3018 ergo

257 3034 325 3125 jam
347 3029 555 3122 rejecerimus
574 3029 774 3120 opinionem,
798 3053 872 3123 qum
894 3029 1142 3101 denuntiantem
1160 3055 1201 3101 ee
1221 3034 1326 3126 officie
1343 3057 1406 3126 pro

261 3148 339 3209 teste
354 3138 480 3230 recipit,
499 3137 614 3228 rejecta
628 3143 737 3206 manet
750 3137 811 3206 boe
825 3137 896 3230 ipso
914 3139 1027 3209 eadem
1042 3140 1153 3232 opinio
1168 3140 1210 3210 ed
1226 3141 1407 3212 denuntie-

259 3258 363 3318 torem
377 3269 417 3316 ee
428 3245 625 3338 oblipatione
641 3253 789 3315 extensa.

635 3489 849 3636 Jv.

287 3726 430 3779 Direrimea
445 3726 513 3775 tuter
529 3723 632 3776 modum
651 3724 800 3790 inquirendi
814 3740 846 3776 en
862 3740 933 3778 mero
948 3727 1041 3793 officio,
1057 3728 1202 3780 elmodam
1219 3731 1374 3795 inquirenda·

656 3804 692 3854 nd
708 3807 859 3856 testantium
875 3807 1000 3858 atterius.

300 4002 457 4088 Quamvis
471 4023 509 4070 aa
525 3999 712 4070 discrimina
732 4001 802 4094 jam
821 4002 942 4096 passim
959 4005 1179 4096 attigerimus,
1195 4031 1304 4101 operm
1325 4034 1407 4104 pre-

256 4116 341 4184 tinm
356 4111 464 4181 visum
480 4115 528 4177 est
543 4105 598 4176 bie
612 4107 646 4176 in
661 4131 767 4178 unum
780 4109 912 4179 eolleeta
925 4112 1097 4204 subjicere.

303 4247 320 4288 a
342 4217 504 4296 Differuut
525 4213 613 4291 nodi
633 4214 685 4288 isti
706 4215 740 4286 in
762 4216 925 4310 pluribus,
948 4228 984 4295 ut
1004 4218 1114 4302 videre
1135 4230 1185 4301 est
1203 4224 1291 4325 apud
1309 4226 1407 4322 3103.
