3050 4984
561 542 634 587 rnna
656 540 801 589 secunus.
1184 517 1246 588 lli

115 658 241 729 Etcum
260 660 427 753 dispositio
448 662 503 731 illa
525 662 716 731 Tridentinae
731 663 799 755 juri
818 664 988 732 communi
1009 672 1104 733 antee
1124 664 1246 754 vigenti

116 766 245 857 deroget
262 769 308 857 (ut
321 791 420 861 supra
431 769 654 863 probavimus,
665 778 696 837 et
706 769 821 839 docent
830 772 1050 839 communiter
1059 772 1248 857 canonistee,

115 896 189 942 cum
202 874 370 965 chnsno,
388 877 421 943 in
433 899 503 968 esp.
520 876 571 944 Ad
590 898 696 957 aceres,
714 886 746 944 et
760 885 858 967 ceput
872 880 927 946 Ee
942 889 1062 960 tenore,
1080 877 1120 945 de
1137 882 1246 969 Temp.

116 981 249 1072 ordin),
271 983 378 1051 stricte
397 992 444 1051 est
465 981 717 1075 interpretenda.
740 983 898 1070 Aliunde,
920 984 948 1051 si
965 983 1123 1053 adeantur
1142 984 1251 1053 Sacrae

117 1090 381 1179 Congregationis
403 1089 539 1159 Concilii
559 1089 802 1177 declarationes,
819 1089 871 1158 vel
891 1090 1061 1159 doctorum
1079 1092 1137 1158 hec
1159 1091 1198 1158 de
1217 1114 1253 1159 ra
1304 1169 1308 1178 ,

117 1196 329 1284 {motationes
345 1197 426 1265 nihil
438 1196 560 1288 pariter
570 1205 728 1283 occurret,
742 1218 808 1287 quo
823 1196 874 1264 vel
886 1196 1065 1266 minimum
1081 1196 1250 1281 innuatur,

117 1303 245 1370 extendi
268 1313 484 1372 memoratam
504 1311 692 1393 potestatem
714 1302 752 1370 ad
777 1302 858 1371 alios
883 1311 985 1390 ectus,
1011 1312 1130 1395 prater
1155 1304 1254 1373 modo

117 1409 233 1479 dictam
251 1410 510 1480 interdictionem
525 1418 557 1477 et
571 1410 829 1502 suspensionem.

158 1518 242 1586 Hine
256 1518 466 1587 vehementer
483 1526 605 1585 erraret
624 1516 816 1608 Episcopus,
832 1517 890 1609 qui
911 1516 1037 1585 licitum
1056 1518 1118 1586 sibi
1136 1519 1254 1587 existi-

120 1632 235 1710 maret,
255 1648 297 1693 ex
320 1624 496 1693 informate
515 1624 721 1709 conscientie,
745 1646 803 1692 sau
822 1624 934 1712 vigore
949 1625 1121 1693 memorati
1137 1625 1257 1693 decreti

118 1731 312 1819 Tridentini,
328 1755 528 1824 quemquam
541 1731 847 1817 excommunicem
861 1730 912 1799 vel
925 1729 1095 1800 interdicto
1111 1732 1255 1825 aliquam

118 1839 384 1907 communitatem
402 1846 457 1907 eut
474 1846 594 1906 terram
609 1838 802 1929 percellere;
820 1837 873 1905 vel
889 1837 1109 1928 pecuniariam
1125 1862 1257 1930 poenam

119 1945 213 2013 alicui
232 1946 348 2015 clerico
367 1946 535 2035 infligere;
561 1946 613 2014 vel
638 1968 728 2032 eum,
746 1954 903 2035 tunquam
919 1944 1066 2012 criminis
1086 1968 1193 2033 reum,
1217 1948 1258 2015 ad

118 2052 388 2121 commorandum
409 2054 575 2145 aliquanto
593 2060 739 2143 tempore
757 2051 792 2119 in
811 2051 919 2142 alique
935 2052 1085 2143 religiosa
1107 2052 1206 2123 domo
1226 2062 1259 2123 et

118 2159 157 2227 ad
171 2161 353 2229 vacandum
367 2159 589 2252 spiritualibus
603 2160 765 2228 exercitiis
781 2156 931 2248 adigere;
949 2159 1000 2225 vel
1016 2158 1147 2228 tandem
1163 2161 1259 2252 quid-

117 2290 219 2358 quem
234 2268 322 2337 aliud
343 2268 459 2356 lacere,
477 2276 596 2360 praeter
609 2266 678 2335 haec
691 2266 757 2334 duo
774 2293 781 2332 :
800 2264 990 2333 interdicere
1004 2265 1046 2333 cd
1060 2290 1192 2335 ascensu
1214 2268 1261 2336 ud

119 2374 259 2458 ordines,
275 2387 306 2444 et
320 2375 513 2469 suspendere
528 2375 571 2443 ab
590 2373 768 2453 ordinibus,
787 2372 910 2465 officiis,
932 2372 1158 2464 dignitatibus,
1180 2400 1260 2466 prc-

120 2482 214 2551 dibus
234 2496 264 2551 et
284 2483 459 2551 honoribus
480 2481 705 2550 ecclesiasticis.
730 2481 767 2547 ln
786 2481 912 2547 ceteris
933 2479 1020 2546 enim
1042 2480 1164 2549 dictum
1185 2483 1263 2551 Tri·

118 2590 291 2658 dentinum
311 2589 476 2657 decretum
495 2588 577 2656 nihil
599 2586 804 2672 immutavit3
824 2595 855 2653 et
874 2586 908 2653 iu
924 2586 971 2653 eis
987 2609 1056 2653 sese
1073 2609 1186 2677 gerere
1201 2587 1262 2658 de-

117 2698 173 2765 bet
187 2696 367 2789 Episcopus
387 2704 484 2788 prout
499 2694 639 2786 dejure,
655 2694 789 2785 perinde
803 2716 840 2760 ec
856 2693 882 2760 si
902 2716 966 2762 non
981 2703 1106 2762 exteret
1127 2696 1261 2785 perstate

118 2804 310 2873 Tridentina
324 2802 503 2895 dispositio.

164 2912 238 2981 Non
259 2918 368 2979 tamen
393 2909 517 2977 inficias
542 2910 645 2996 imus,
672 2930 764 3001 posse
789 2908 986 2999 Episcopum
1011 2931 1068 2999 per
1095 2910 1181 2978 viam
1211 2912 1262 2978 in·

118 3021 271 3088 formatos
294 3017 497 3087 conscientie
516 3040 571 3086 eos
591 3016 720 3084 effectus
743 3014 934 3107 producere,
959 3014 1079 3106 quiex
1101 3016 1187 3085 dicta
1210 3018 1263 3086 in-

117 3124 308 3195 terdictione
327 3135 359 3193 et
380 3124 590 3217 suspensione
609 3122 773 3191 indivulse
793 3130 1048 3214 consequuntur.
1075 3123 1145 3208 Sic,
1171 3126 1264 3195 verbi

116 3234 238 3325 gratie,
255 3255 297 3300 ex
313 3256 350 3301 eo
369 3230 456 3325 quod
475 3231 574 3323 possit
594 3228 899 3322 extre-judicialiter
919 3231 1146 3322 presbyterum
1167 3256 1186 3299 e
1207 3232 1263 3300 di-

118 3340 208 3407 vinis
230 3338 444 3431 suspendere,
469 3346 573 3430 potest
597 3338 657 3405 hoc
682 3340 751 3429 ipso
778 3359 854 3405 eum
878 3336 1063 3404 honorariis
1089 3337 1263 3409 missarum

117 3445 273 3537 privare3
296 3446 373 3536 quia
394 3443 447 3511 ille
469 3442 599 3512 effectus
622 3442 868 3534 suspensionem
891 3440 1070 3509 necessario
1094 3447 1265 3537 consequi·

116 3561 178 3620 tur
203 3577 211 3618 ι
239 3552 318 3619 item
339 3573 381 3619 ax
403 3572 440 3618 eo
457 3550 544 3641 quod
565 3550 599 3617 vi
615 3547 734 3616 decreti
750 3546 933 3616 Tridentini
958 3546 1060 3638 possit
1084 3550 1263 3637 paroehum

118 3657 320 3750 suspendere
342 3680 362 3725 a
384 3657 517 3745 divinis,
539 3678 662 3724 necnon
685 3678 705 3723 a
727 3652 884 3746 gradibus
905 3662 936 3721 et
961 3654 1140 3723 honoribus
1163 3657 1265 3723 eccle-

116 3766 276 3852 siasticis,
302 3771 404 3856 potest
425 3764 487 3832 hoc
511 3764 581 3855 ipso
606 3785 682 3829 enm
710 3760 751 3829 ab
778 3761 934 3829 exercitio
963 3783 1051 3829 curae
1083 3783 1263 3852 removere,

117 3874 201 3967 quia
220 3896 295 3942 cum
317 3870 479 3962 ejusmodi
501 3869 710 3960 suspensione
737 3867 990 3960 incompatibilis
1005 3875 1052 3936 eat
1078 3868 1265 3939 animarum

117 4003 203 4049 cura
221 4007 229 4048 :
245 3988 276 4048 et
298 3979 344 4046 sic
361 3978 400 4045 de
416 3978 489 4046 aliis
507 3976 684 4046 effectibus.
704 3975 768 4044 Sed
790 3999 865 4044 cum
886 3974 910 4041 ii
924 3974 1057 4044 effectus
1073 3974 1138 4043 sint
1152 3998 1267 4045 neces-

119 4088 210 4157 sarie
230 4085 425 4155 consecteris
444 4084 539 4153 dictae
557 4082 795 4152 interdictionis
815 4092 872 4151 aut
893 4082 1127 4174 suspensionis,
1150 4084 1267 4152 merito

119 4196 244 4265 dicitur
269 4203 370 4263 totam
399 4192 634 4285 Episcoporum
661 4214 702 4259 ex
731 4190 907 4258 informate
932 4188 1126 4257 conscientia
1152 4214 1269 4282 proce·

121 4301 224 4371 dendi
253 4308 439 4391 potestatem
451 4352 461 4387 ,
490 4299 531 4369 ed
558 4298 617 4370 hos
644 4298 726 4368 duos
748 4304 840 4366 actus
864 4296 1017 4386 restringi
1045 4296 1267 4369 :interdicere
