3050 4984
613 704 639 771 1.

303 862 509 914 Dmunttuts'ouee
524 862 686 929 obttqutorta
701 876 733 913 ee
742 862 807 927 jure
822 863 948 913 saturati.

115 1031 372 1101 Premittendum
384 1032 546 1124 imprimis
560 1041 607 1101 est
622 1034 818 1125 principium
830 1034 980 1123 generale
989 1033 1031 1101 ab
1043 1034 1195 1103 omnibns

80 1136 240 1206 admissum
259 1167 266 1205 :
287 1140 399 1207 Teneri
406 1140 524 1208 scilieet
537 1162 696 1231 quemque
706 1140 752 1209 od
764 1139 975 1208 auertendum
989 1163 1089 1230 qroue
1102 1162 1196 1209 eom·

80 1244 234 1313 nouitatis
249 1245 421 1326 damnum,
438 1246 538 1315 etiam
554 1270 630 1315 eum
644 1247 853 1338 propriosne
868 1245 1095 1328 incommodo;
1115 1248 1195 1315 item

81 1351 165 1417 teneri
179 1374 338 1444 quemque
355 1352 402 1421 od
418 1352 631 1421 auertendum
651 1376 750 1443 qroue
769 1352 929 1421 dommus
940 1353 1101 1445 prosim,
1118 1353 1148 1421 si
1162 1353 1199 1421 id

76 1460 162 1545 possit
175 1459 294 1550 absque
304 1460 440 1551 proprio
453 1484 511 1529 suo
523 1460 728 1541 detrimento,
745 1482 832 1529 secus
845 1462 875 1529 si
887 1484 953 1528 non
964 1461 1065 1552 possit
1080 1460 1198 1551 absque

76 1566 195 1655 proprio
208 1566 348 1634 notabili
367 1566 583 1635 incommodo.
605 1568 677 1650 Qua
691 1565 888 1658 praelueente
909 1567 1053 1657 generali
1071 1566 1196 1655 regula,

78 1670 191 1740 videtur
197 1673 254 1763 jus
270 1673 416 1743 naturale
425 1673 508 1742 eirea
517 1672 729 1743 denuntiandi
743 1673 972 1763 obligationem
983 1675 1030 1742 sie
1040 1674 1200 1765 possede-

79 1778 241 1847 terminari.

115 1888 140 1949 1.
163 1884 198 1953 Si
220 1884 373 1956 delictum
395 1885 546 1955 nocivum
569 1887 609 1955 sit
628 1885 865 1973 communitati,
887 1885 998 1977 etqui
1022 1887 1112 1954 novit
1134 1908 1201 1955 non

77 1990 163 2077 possit
182 1991 251 2059 alio
271 1990 368 2059 modo
389 1990 616 2061 detrimentum
637 2013 758 2079 arcere,
780 2000 908 2060 tenetur
923 1990 1120 2082 judicialiter
1142 1993 1201 2061 de-

77 2098 225 2186 nuntiare,
247 2098 436 2167 etiamnum
457 2098 588 2190 proprio
609 2099 826 2167 incommodo.
850 2101 972 2190 Aperte
994 2100 1139 2190 sequitur
1158 2122 1201 2167 ex

75 2206 231 2290 premisso
255 2204 399 2293 generali
417 2204 589 2295 principio,
613 2194 853 2274 teneri'seilioet
874 2228 1037 2297 quemquo
1054 2228 1203 2273 eommu-

76 2309 171 2377 nitatis
191 2310 426 2380 detrimentum
449 2320 656 2403 praevertere,
678 2312 706 2380 si
726 2312 838 2403 possit,
858 2310 956 2379 etiam
974 2333 1050 2379 eum
1070 2313 1202 2404 proprio

76 2414 283 2486 incommodo.
300 2418 360 2487 Hie
372 2426 479 2487 autem
495 2419 709 2511 supponimus
720 2417 978 2487 denuntiatorem
994 2440 1088 2509 posse
1109 2417 1202 2487 suffi-

76 2520 179 2591 cientes
194 2523 403 2615 probationes
418 2522 520 2614 judici
539 2524 764 2615 suppeditare;
783 2522 869 2592 unde
888 2524 931 2592 ad
944 2523 1201 2594 denuntiandam

75 2632 161 2699 teneri
174 2630 358 2699 censendus
371 2640 429 2701 est.
447 2633 554 2724 Atque
570 2631 603 2699 id
620 2630 869 2721 intelligendum
884 2640 943 2718 est,
960 2633 1085 2703 etiamsi
1099 2632 1202 2702 delie-

75 2742 131 2803 tom
143 2738 183 2807 sit
196 2738 380 2823 occultum
395 2746 426 2807 et
439 2738 507 2807 sive
517 2739 558 2807 sit
568 2744 742 2830 patratum,
756 2739 825 2807 sive
834 2737 1048 2829 patrandnm3
1061 2740 1151 2832 quia,
1160 2764 1202 2810 ex

75 2841 250 2935 hypothesi,
266 2866 394 2936 semper
411 2853 554 2914 remanet
567 2846 649 2914 ratio
662 2845 703 2914 ad
719 2845 980 2914 denuntiandum
994 2868 1128 2935 urgens,
1147 2848 1204 2916 de-

75 2951 254 3021 trimentum
274 2974 389 3043 nempe
404 2952 627 3020 communitati
647 2952 880 3039 obventurum,
901 2953 965 3020 nisi
980 2952 1201 3024 denuntietur.

108 3064 136 3128 2.
154 3062 191 3131 Si
210 3061 366 3129 delictum
389 3063 539 3129 nocivum
554 3060 597 3129 sit
611 3061 709 3129 alicui
728 3061 831 3129 tertiae
849 3083 1007 3151 personae,
1025 3064 1128 3155 etqui
1143 3085 1203 3131 no-

74 3166 109 3232 rit
123 3190 186 3236 non
203 3167 307 3259 possit
326 3166 390 3235 alio
404 3165 501 3235 modo
518 3167 750 3237 detrimentum
769 3166 848 3235 illud
869 3190 990 3254 arcere,
1008 3176 1136 3237 tenetur
1146 3169 1204 3261 ju-

75 3270 223 3345 dicialiter
242 3275 450 3355 denuntiare;
467 3298 533 3343 uon
548 3284 655 3343 mmen
671 3298 745 3343 oum
760 3275 893 3367 proprio
911 3298 970 3342 suo
985 3275 1201 3348 incommodo.

74 3382 274 3475 -Sequitur
289 3384 410 3473 pariter
420 3405 459 3449 er
472 3382 640 3473 premisso
653 3404 751 3472 supra
763 3381 905 3469 generali
917 3382 1088 3474 principio,
1100 3384 1204 3453 teneri

74 3488 179 3559 scilieet
194 3511 362 3582 quemque
377 3511 476 3578 grave
492 3488 648 3556 damnum
667 3488 809 3580 proximi
829 3497 986 3576 avertere,
1009 3490 1037 3557 si
1051 3489 1085 3557 id
1104 3491 1205 3582 possit

74 3593 180 3686 absque
192 3597 331 3688 proprio
345 3595 549 3664 detrimento.

24 3704 25 3737 ³
108 3706 135 3770 3.
161 3703 201 3772 Si
221 3702 377 3771 delictum
399 3700 459 3771 soli
477 3700 678 3792 delinquenti
696 3701 849 3770 nocivum
869 3702 924 3789 sit,
946 3702 1115 3792 quinovit
1137 3727 1204 3774 non

24 3866 26 3901 r
74 3814 187 3877 tenetur
210 3808 295 3877 illud
314 3806 510 3899 judicialiter
533 3807 724 3877 denuntiare
745 3830 819 3876 eom
842 3809 974 3898 proprio
995 3832 1054 3877 suo
1074 3811 1204 3879 incom-

74 3914 155 3983 modo
172 3944 180 3983 ι
199 3916 270 3983 imo
292 3915 418 3984 etiamsi
432 3914 532 4006 possit
546 3914 668 4005 absque
683 3914 817 4006 proprio
834 3914 1051 4003 incommodo,
1069 3940 1135 3985 non
1153 3919 1204 3987 vi-

24 4054 25 4061 *
74 4018 153 4091 detor
173 4022 294 4091 teneri.
310 4060 354 4075 -
367 4021 461 4103 Quod
477 4044 542 4091 non
567 4028 713 4089 teneatur
736 4044 811 4089 oum
830 4021 964 4112 proprio
983 4023 1203 4113 incommodo,

24 4180 26 4201 t
74 4132 210 4220 equitur
230 4127 446 4219 estprincipio
467 4127 611 4219 generali
633 4126 795 4195 neminem
814 4128 916 4195 teneri
930 4128 972 4196 ad
993 4130 1205 4201 avertendum

75 4236 184 4305 malum
202 4235 349 4329 proximi
366 4254 440 4303 oum
461 4235 592 4331 proprio
607 4256 667 4303 suo
682 4233 886 4303 detrimento.
907 4233 999 4316 Quod
1017 4259 1082 4305 non
1100 4247 1209 4313 tenea-
