3050 4984
541 523 617 574 rene
643 514 792 573 ommni.
1172 505 1232 572 597

92 645 190 738 (intre
210 646 389 717 terminum
410 654 520 716 lemen
536 647 739 738 assignatum
754 671 774 715 e
788 647 874 737 jare,
898 645 1008 723 decom
1026 669 1143 740 nempe
1163 647 1234 718 die·

92 754 179 845 rum)
196 760 302 848 polest
321 754 487 825 minutius
505 754 752 848 appellationem
772 754 922 846 excipere
942 762 1039 847 prout
1057 755 1205 848 sequitur
1225 781 1233 824 ι

136 911 152 948 a
171 889 267 954 Anno
342 907 450 954 mertse
519 889 572 954 die
587 936 635 969 ...,
656 889 723 954 loco
742 937 790 969 ...,
807 890 992 974 comparuit
1008 908 1120 955 coram
1143 909 1233 955 reae·

91 997 192 1062 rende
208 998 264 1077 N.‚
287 997 414 1064 Vicario
437 995 594 1080 penerali,
617 995 771 1061 dominus
790 997 823 1060 N
825 1043 846 1074 .,
862 1014 937 1062 rens
957 997 1017 1080 qai
1035 1015 1155 1080 snpra,·
1176 999 1236 1083 qni

91 1104 270 1188 appellavit
283 1124 305 1169 a
318 1105 477 1170 sententia
490 1112 604 1169 eontra
623 1104 732 1188 ipsam
742 1102 912 1186 publicata
934 1105 987 1168 die
1012 1151 1060 1184 ...,
1077 1113 1181 1188 prout
1200 1107 1234 1169 in

92 1215 185 1293 actis,
210 1220 241 1277 et
264 1212 424 1296 apostolos
445 1213 570 1295 petiit:
597 1214 653 1277 cni
675 1211 835 1295 prefatas
857 1213 1052 1278 reverendas
1087 1213 1235 1278 Vicarins

91 1321 252 1404 peneralis
265 1321 443 1404 respondit,
457 1337 490 1384 se
503 1321 729 1402 praestituram
742 1319 834 1403 qnod
845 1319 884 1383 de
893 1319 971 1402 jare
983 1337 1049 1385 esse
1057 1319 1231 1403 judicabit.

91 1429 132 1493 ln
158 1447 300 1511 quoram
319 1427 456 1505 fidem...
474 1461 515 1474 -
543 1426 617 1510 Epo
644 1427 686 1496 N.
715 1425 855 1509 appello.
873 1463 911 1473 -
935 1427 1008 1510 Epo
1037 1427 1092 1506 N.,
1119 1434 1232 1494 aetna-
1310 1460 1313 1474 ·

93 1553 172 1600 raas.
192 1561 208 1594 r>

135 1670 245 1739 Polerl
261 1668 359 1738 etiem
377 1670 446 1763 ipse
468 1692 545 1740 reus
566 1669 687 1761 scripto
702 1677 902 1762 praesentare
916 1667 1064 1740 libellum
1084 1669 1232 1762 appelle-

91 1777 192 1845 tionis
205 1783 244 1846 ul
257 1777 406 1869 sequitur
424 1803 432 1845 :

137 1933 153 1971 a
173 1910 271 1976 Anno
346 1929 455 1978 moise
531 1912 583 1976 die
600 1959 648 1990 ...,
671 1913 738 1977 loeo
770 1957 819 1990 ...,
838 1919 1005 1994 comparet
1019 1929 1233 1976 eoramreoe-

90 2016 194 2083 rende
207 2019 239 2081 N
241 2067 262 2097 .,
281 2018 409 2082 Vinaria
429 2019 586 2101 pancrati,
602 2038 678 2083 anm
693 2019 824 2083 testibus
839 2019 1066 2101 infrascriptis,
1082 2018 1233 2082 dominns

89 2126 125 2190 N
128 2172 148 2204 .‚
171 2134 203 2189 at
227 2126 305 2191 dicit
322 2144 356 2191 se
369 2144 436 2191 esse
449 2127 624 2191 enormiter
640 2133 818 2210 praeatum
830 2143 890 2208 per
909 2127 1101 2191 sententiam
1120 2133 1233 2190 contra

89 2252 167 2298 cerm
186 2233 288 2298 latam
303 2234 432 2299 subdio
454 2251 503 2313 ...,·
518 2233 657 2316 proinde
673 2233 715 2297 ab
729 2250 768 2297 ea
789 2233 931 2317 appellat
953 2240 984 2296 et
1002 2234 1085 2315 petit
1104 2240 1232 2315 aposta·

88 2342 138 2405 los
159 2340 327 2420 instanter,
353 2342 538 2421 instantias,
565 2340 805 2404 instantissime.
831 2339 872 2406 ln
892 2357 1033 2424 quornm
1051 2339 1162 2420 fidem.
1193 2375 1232 2388 -

88 2447 166 2530 Epo
179 2449 221 2516 N.
248 2449 376 2533 appello
396 2457 434 2512 nt
456 2466 568 2532 snpra.
587 2482 628 2495 -
643 2448 717 2530 Epo
739 2448 782 2516 N.
797 2446 853 2529 fni
868 2449 967 2512 testis.
982 2482 1023 2495 -
1037 2447 1110 2530 Epa
1124 2447 1165 2510 N.
1180 2448 1235 2528 sni

91 2557 192 2620 testis.
208 2579 224 2616 r

139 2687 155 2719 «
175 2667 376 2732 Praesmtata
386 2665 455 2746 fuit
465 2663 656 2746 supradicta
673 2663 861 2746 appellatio,
876 2671 908 2728 et
926 2664 1001 2728 siet
1020 2663 1054 2726 in
1071 2669 1231 2746 quaestum

88 2776 249 2854 admissa,
264 2782 296 2837 et
307 2774 342 2835 in
355 2772 436 2836 actis
450 2777 577 2855 recepta
590 2769 638 2833 ad
648 2768 844 2834 mandatnm
857 2770 1027 2834 reverendi
1040 2769 1075 2836 N
1074 2817 1094 2848 .‚
1112 2770 1234 2837 Vicarii

89 2882 267 2968 peneralis,
277 2879 336 2964 pai
347 2878 524 2962 respondit,
535 2884 675 2960 sepront
687 2877 749 2940 erit
759 2876 885 2959 dejure
895 2877 1132 2960 praestiturum.
1150 2881 1232 2941 Acta

89 2997 169 3056 sant
183 2989 249 3054 itae
263 2988 353 3052 die...
369 3022 408 3032 —
418 2986 492 3068 Epo
505 2986 562 3063 N.,
577 2984 755 3049 actuarias.
773 3007 788 3039 »

544 3285 688 3355 CAPUT
710 3284 785 3354 LlX

278 3473 382 3521 nonni
404 3471 590 3518 CONOEDEND!
612 3467 784 3516 Arosnows
806 3467 1041 3515 aminneam&

135 3668 434 3740 «comdemnat
457 3665 499 3730 N.
526 3663 741 3748 appellaverit
766 3662 825 3727 sui
843 3661 896 3730 clio
926 3709 973 3741 ...,
1002 3680 1114 3728 coram
1139 3665 1231 3730 nobis

89 3798 190 3862 snper
203 3779 329 3843 decreto
343 3796 365 3841 a
378 3773 470 3840 nobis
480 3771 609 3856 prolato
622 3771 683 3836 sab
695 3771 749 3834 die
765 3817 812 3849 ...,
823 3777 924 3852 prout
945 3771 979 3834 in
997 3770 1088 3848 actis,
1105 3778 1136 3834 et
1153 3789 1230 3836 aaa·

89 3906 165 3952 sam
178 3883 406 3969 appellationis
417 3879 622 3964 produxerit,
635 3886 736 3962 prout
750 3877 850 3942 latins
865 3878 899 3942 in
913 3878 1019 3942 citatis
1037 3877 1116 3941 actis
1129 3880 1230 3942 conti-

89 4001 205 4068 netur3
234 3990 332 4056 talem
357 3987 608 4072 appellationem
631 3993 664 4050 et
689 3985 760 4068 ejas
792 4002 942 4062 cansam,
971 3991 1080 4067 utpote
1110 3984 1232 4050 nullius

90 4101 216 4167 valoris
240 4098 421 4178 rejecimus,
436 4103 468 4159 et
490 4093 702 4176 rejiciendam
715 4090 953 4174 indicavimus,
967 4098 1067 4173 prout
1089 4091 1128 4157 de
1143 4093 1232 4173 sacto

91 4227 169 4274 eam
190 4209 309 4272 iternm
329 4203 508 4287 rejicimus.
533 4201 649 4268 Veram
662 4199 742 4282 qaia
757 4199 863 4263 denuo
877 4217 899 4263 a
913 4199 1037 4264 demeto
1050 4199 1232 4282 rejecn‘onis

92 4314 273 4403 appellarit
287 4320 318 4380 et
330 4309 490 4401 apostolos
499 4310 605 4396 petiit,
621 4308 707 4394 ipsos
721 4313 824 4393 prom
838 4305 982 4393 dejure,
998 4307 1068 4389 ejus
1087 4310 1231 4400 appella.
