3050 4984
521 464 597 511 rans
623 457 769 512 sunnam.
817 477 820 484 ·
1149 445 1211 512 tta

71 588 104 644 et
122 587 240 646 catera
259 583 517 668 exercendique
534 585 582 648 ad
597 585 737 665 officium
757 585 937 650 vicariatus
948 592 1127 650 noscantur
1137 604 1212 667 per-

71 689 186 752 tinere.
216 689 368 755 Volumus
389 701 500 756 autem
522 691 612 773 quod
631 694 666 755 in
700 691 865 755 Vitorium
888 700 919 754 et
942 691 1119 772 Officiolem
1139 713 1214 758 nos-

72 803 164 858 trum
180 797 365 876 peneralem
384 817 494 862 omnes
508 799 608 864 Nobis
622 800 656 862 in
669 799 869 881 episcopatu,
884 809 914 861 et
933 799 967 861 in
984 799 1214 881 jurisdictione

69 901 210 982 subjecti
225 911 259 965 te
277 913 515 986 recopnoscant,
536 907 707 987 recipiant,
726 912 758 968 et
770 905 956 982 admittant,
972 915 1080 987 atque,
1096 914 1134 969 ut
1149 925 1214 988 por

71 1017 131 1084 est,
147 1009 208 1072 tibi
220 1009 390 1086 obediant,
399 1013 431 1074 si
441 1014 515 1094 auis
527 1030 606 1075 uero
622 1011 804 1075 mobediens
816 1013 929 1092 fiterit,
943 1011 1104 1093 cmrdipna
1114 1031 1213 1093 paena

67 1116 223 1194 feriatur.
242 1119 281 1182 ln
300 1137 454 1201 quorum,
468 1129 525 1183 ete.
546 1121 680 1194 Datum,
702 1127 760 1182 etc.
783 1154 822 1164 —
842 1119 898 1196 Ν.,
918 1119 1097 1202 Episcopus
1115 1120 1157 1188 N.
1174 1155 1213 1166 -

71 1221 131 1298 Ν.,
146 1225 348 1287 secretarius.
362 1250 378 1281 a
396 1261 434 1272 -
450 1225 488 1289 tu
501 1231 640 1308 ponatur
651 1225 795 1306 sigillum
808 1230 960 1289 consueto
974 1225 1052 1288 loco.

614 1431 671 1500 IV.

95 1601 239 1648 EORHDLA
267 1603 509 1650 susmwnottts
535 1604 651 1649 vtcatttt
675 1605 860 1666 osannam,
885 1605 973 1652 tanna
997 1605 1074 1652 aest
1097 1605 1191 1653 CUEIAE

548 1719 738 1766 REPONENDA.

118 1873 135 1903 α
157 1847 196 1912 In
216 1847 340 1913 Christi
357 1851 497 1914 nomine.
521 1851 637 1914 Amen.
659 1885 700 1897 -
718 1850 774 1927 Ν.,
796 1849 1066 1916 Reverendissimi
1083 1850 1218 1916 Domini

74 1955 132 2028 Ν.,
160 1954 316 2038 Episcopi
345 1957 401 2034 Ν.,
430 1958 465 2019 in
492 1957 718 2039 spiritualibus
743 1965 775 2019 et
803 1956 1034 2039 temporalibus
1072 1956 1217 2020 Vitarius

73 2062 248 2142 pomerolis,
269 2063 377 2126 volem
399 2082 433 2127 se
457 2064 625 2127 absentare
648 2083 669 2127 a
690 2066 819 2127 civitate
844 2065 899 2140 Ν.,
925 2083 1025 2127 causa
1051 2064 1151 2127 eundi
1174 2063 1222 2126 ad

73 2169 294 2234 visitationem
313 2171 498 2251 penaralern
515 2171 612 2234 totius
632 2170 775 2234 dioecesis
790 2171 863 2250 (vel,
886 2175 958 2244 ets..
984 2171 1011 2232 si
1025 2171 1164 2234 discedat
1177 2172 1217 2234 oh

73 2276 163 2338 alind
190 2278 385 2358 nogotium);
412 2277 459 2340 ad
482 2277 630 2358 effectum
658 2286 697 2340 ut
717 2279 853 2360 justitia
879 2276 1028 2340 omnibus
1047 2277 1218 2360 aqualiter

74 2383 340 2463 administretur,
372 2389 406 2449 in
434 2388 475 2449 iis
499 2405 573 2468 puae
598 2387 645 2449 acl
669 2386 808 2468 officium
832 2387 1021 2469 episcopalis
1048 2387 1217 2468 repimim's

72 2492 248 2572 pertinent,
270 2493 446 2570 substituit,
470 2493 648 2574 daputaoit,
673 2501 704 2556 et
726 2495 761 2555 in
784 2495 839 2556 sui
861 2493 966 2556 locum
983 2493 1095 2573 posuit
1115 2509 1217 2574 usque

74 2598 125 2662 ad
139 2616 236 2661 suum
254 2600 407 2676 reditum,
428 2599 641 2663 reverendum
659 2599 830 2662 dominum
850 2599 906 2674 Ν.,
929 2617 1003 2662 sum
1025 2599 1217 2662 anctoritate

76 2707 192 2769 eadem
216 2725 283 2787 pua
304 2707 372 2787 ipse
391 2708 526 2787 potitur.
547 2706 616 2770 Hoc
634 2713 665 2769 ct
680 2707 772 2770 omni
788 2706 917 2769 meliori
933 2704 1039 2768 modo.
1065 2705 1137 2786 Epo
1159 2705 1215 2782 Ν.,

85 2811 231 2876 Vicat-ius
250 2814 421 2894 pancratis.
440 2847 481 2859 -
500 2813 715 2878 Prusentibsts
735 2812 855 2876 ibidem
879 2813 920 2878 N.
943 2819 975 2875 et
993 2812 1049 2888 Ν.,
1074 2811 1216 2875 testibus.

76 2953 117 2965 -
132 2919 188 2997 Ν.,
203 2919 428 2984 cancellarius.
444 2941 458 2978 s

622 3043 666 3114 V'.

207 3212 312 3260 FORMA
332 3211 485 3260 CAPOENDAE
509 3215 527 3258 Δ
552 3211 677 3259 VchfflO
699 3211 849 3260 assensu
873 3211 1083 3260 tossnsstoms.

126 3389 143 3428 a
166 3361 267 3430 Debet
292 3364 328 3429 in
355 3363 471 3453 primis
497 3362 651 3430 vinarius
673 3361 836 3450 generalis
858 3361 1021 3453 Episcopi,
1044 3371 1217 3454 postquam

81 3497 99 3538 a
120 3471 242 3539 eiectus
261 3471 370 3556 inerit,
386 3491 500 3561 capere
519 3471 769 3560 possessionem,
789 3467 830 3536 ad
850 3489 949 3559 quam
970 3468 1011 3536 de
1029 3469 1104 3560 jure
1125 3493 1219 3539 eom-

81 3607 98 3644 «
123 3580 217 3646 muni
232 3585 383 3645 tenentur
398 3597 513 3644 omnes
526 3575 695 3660 officialem
711 3597 787 3666 quae
798 3576 956 3665 possessio
967 3575 1006 3643 fit
1019 3576 1080 3645 hoc
1092 3577 1190 3647 modo
1208 3605 1215 3646 :

80 3713 98 3752 a
120 3687 231 3778 primo
244 3693 426 3774 praemonet
440 3683 634 3773 capitulum,
651 3682 740 3773 quod
754 3682 834 3750 velit
854 3683 1090 3772 passessionem
1104 3705 1217 3776 capena

80 3819 98 3857 a
122 3791 204 3859 hora
216 3789 288 3875 tali3
304 3811 371 3880 quo
390 3796 565 3857 mnvosato
586 3787 628 3856 ad
648 3810 767 3855 sonum
782 3808 948 3878 campanae
969 3811 1061 3856 more
1074 3789 1168 3858 solito
1182 3790 1217 3858 in

80 3925 99 3963 a
122 3897 266 3964 Ecclesia
283 3895 472 3978 cathedrali,
493 3895 562 3960 sive
584 3895 619 3960 in
639 3895 798 3978 sacristia,
815 3893 955 3962 ostendit
976 3894 1116 3984 capitulo
1131 3897 1219 3964 litie-

81 4031 100 4068 «
124 4024 178 4068 ras
198 4000 386 4092 potentiales
406 4000 570 4091 Epiumpi‚
592 4021 669 4090 quoe
692 4000 879 4067 numantiae
903 4009 990 4069 sunt.
1018 4001 1108 4091 (Cap.
1134 4003 1219 4070 Cum

80 4137 99 4174 a
118 4110 212 4199 jare,
229 4108 269 4175 dc
286 4109 378 4198 offic.
392 4106 509 4197 delep.)
532 4106 655 4174 Deinde
667 4105 763 4173 dehet
778 4106 850 4174 illas
864 4129 921 4195 per
939 4107 1142 4174 ordinarium
1158 4130 1220 4176 no-

81 4243 101 4284 «
123 4217 244 4285 tarium
260 4216 328 4283 sive
349 4215 577 4284 cancellarium
592 4214 692 4282 curia
711 4214 902 4304 episcopalis
921 4214 985 4302 legi
1002 4216 1119 4304 iamne,
1134 4215 1225 4302 slata,
