3050 4984
538 512 613 557 rias
636 512 781 557 sarriana.
1163 496 1224 560 lla

90 654 107 691 a
130 630 233 715 abest,
249 632 367 721 partim
383 653 509 721 penam
538 634 783 723 persequimar3
800 633 887 701 unde
903 632 974 700 hae
989 634 1071 703 aetio
1091 656 1227 705 nomen·

90 760 107 798 a
129 735 288 804 elaturum
302 760 343 805 ex
358 738 480 827 objaoto
495 740 691 806 nanciscitur
705 740 845 807 :dantur
859 739 980 831 quippe
993 747 1024 808 et
1038 740 1111 809 aliae
1126 744 1228 814 aetia·

91 868 107 904 a
131 866 189 909 nes
201 844 313 911 mixtae
323 846 528 937 exsudjecto‚
544 868 672 936 nempe,
685 846 1049 935 finiumreqandoram,
1060 852 1231 919 communi

92 976 108 1011 a
130 948 326 1032 dividunda,
340 952 481 1042 familia
493 952 721 1020 dmeiseonda.
741 979 758 1015 a

130 1056 268 1124 Certum
292 1067 341 1125 est
364 1059 441 1127 alim
458 1058 545 1149 apud
560 1058 725 1126 Romanas
741 1057 891 1126 debuisse
906 1067 1059 1147 actorem,
1077 1084 1230 1153 expresso

89 1163 224 1231 aetionis
240 1165 384 1250 nomine,
400 1164 564 1232 declarare
586 1187 652 1255 qna
674 1166 800 1232 actione
817 1164 911 1232 vellet
927 1166 961 1232 in
976 1166 1099 1257 judicia
1114 1192 1227 1259 agere;

90 1292 142 1354 an,
161 1268 254 1338 verbi
272 1272 389 1359 gratia,
417 1270 640 1363 Simpliciano,
670 1271 721 1338 vel
737 1271 906 1357 Pauliana,
923 1283 983 1340 eta.
1002 1273 1038 1341 ld
1055 1297 1131 1342 vero
1145 1300 1232 1367 qua·

93 1378 188 1445 modo
202 1378 291 1469 apad
306 1378 428 1446 dietam
444 1378 601 1468 popnlnm
614 1378 711 1445 fuerit
725 1378 962 1463 introductum,
978 1390 1026 1447 sat
1039 1382 1164 1449 erudite
1180 1406 1232 1452 re-

92 1485 196 1573 peries
209 1486 395 1576 expositam
410 1486 498 1576 apud
514 1484 671 1553 Ganzalez
685 1486 733 1575 (in
748 1508 819 1575 cap.
839 1489 871 1565 6,
890 1485 973 1554 tituli
992 1491 1022 1572 l,
1039 1488 1114 1556 libri
1131 1493 1149 1555 2
1169 1492 1233 1558 lle-

92 1599 184 1675 erat.,
200 1615 234 1658 n.
253 1594 321 1659 let
335 1592 434 1683 serp).

133 1698 259 1767 Sensus
269 1721 348 1787 ergo
360 1700 535 1789 propositae
546 1698 737 1790 qaaestianis
751 1720 838 1765 nnnc
850 1700 1030 1785 solvendae,
1042 1712 1107 1769 est:
1123 1718 1231 1771 atram

95 1805 124 1873 ia
149 1806 225 1897 jare
240 1808 395 1875 canoniea
421 1807 534 1875 debeat
546 1806 642 1896 juxta
659 1816 851 1874 memoratas
867 1808 1125 1877 nomenclaturas
1142 1812 1174 1877 in
1191 1812 1234 1878 li-

94 1913 179 1981 bello
190 1914 333 2007 exprimi
349 1935 467 1981 nomen
480 1914 636 1981 aetionis‘.t

134 2020 331 2111 Respondeo
348 2026 378 2087 l⁰
396 2019 712 2111 ajnxtaaliqnosedi
730 2040 846 2087 nomen
860 2022 995 2089 aetianis
1007 2024 1039 2089 ia
1056 2024 1164 2092 libella
1176 2026 1231 2093 de-

98 2154 112 2191 «
133 2129 200 2195 bet.
219 2154 237 2191 »
268 2128 580 2217 (schmazgrueber,
606 2127 641 2192 ia
658 2126 786 2194 titulum
814 2130 845 2211 3,
872 2126 945 2194 libri
963 2132 981 2193 2
1007 2131 1145 2216 Deerat,
1161 2134 1181 2223 ξ
1200 2138 1229 2217 l,

96 2258 127 2301 n.
147 2237 194 2324 6.)
211 2236 377 2317 Quasnam
399 2243 509 2302 textas
531 2233 616 2325 juris
631 2233 771 2321 allegare
798 2233 920 2300 soleant
945 2234 1043 2324 hujus
1072 2238 1237 2328 opinionis

97 2341 236 2430 patroni,
253 2341 375 2408 ibidem
387 2339 479 2408 addit
491 2339 607 2407 citatus
619 2348 743 2407 anetae.

137 2447 333 2539 Respondea
348 2452 393 2515 2⁰.
427 2474 445 2512 a
466 2446 581 2515 Melias
606 2453 743 2537 negatur
756 2468 839 2536 opas
860 2466 929 2515 esse
944 2448 978 2514 ia
995 2448 1103 2517 libello
1119 2473 1237 2520 nomen

100 2582 117 2617 a
138 2555 274 2623 aetionis
295 2553 446 2644 exprimi.
472 2554 519 2621 lta
544 2552 761 2643 receptissima
774 2551 860 2642 apud
878 2554 1023 2621 doctores
1041 2564 1072 2623 et
1091 2557 1122 2622 ia
1141 2564 1235 2648 praxi

102 2688 117 2723 a
137 2662 308 2730 sententia.
321 2660 437 2729 Claros
451 2668 499 2728 est
512 2667 621 2727 textas
632 2659 718 2750 juris
732 2659 878 2728 eanaaiei
896 2660 1003 2751 (eaput
1017 2662 1134 2731 Dilecta
1149 2668 1180 2751 6,
1197 2666 1237 2734 de

102 2796 119 2832 a
138 2768 301 2859 Iudiciis),
317 2769 374 2835 ubi
382 2766 568 2835 Alexander
579 2766 642 2833 lll:
657 2764 861 2835 Providentia
869 2768 1037 2847 attentius,
1053 2792 1093 2836 ae
1105 2772 1237 2839 itasad·

102 2902 119 2937 a
141 2875 254 2957 tiliter,
271 2874 356 2942 aiom
371 2898 393 2941 a
408 2873 521 2941 maltis
534 2873 611 2962 fieri
624 2873 714 2953 salet,
730 2872 919 2961 eujusmodi
947 2875 1032 2941 (actio
1057 2876 1237 2947 intentetur

103 3006 120 3041 a
141 2981 337 3072 &apoduein
347 2978 404 3048 sed
412 2978 602 3069 simpliciter
615 2991 646 3045 et
648 3000 736 3069 pure
743 2980 875 3067 sactum
889 2978 997 3070 ipsam
1010 2994 1040 3047 et
1053 2982 1102 3049 rei
1116 2985 1237 3052 verita-

104 3116 121 3151 «
142 3101 217 3170 tem,
235 3086 416 3156 secundom
427 3086 572 3176 formam
587 3107 760 3165 somnam,
785 3097 816 3152 et
830 3098 1019 3155 sanatorum
1030 3102 1170 3178 patrem
1186 3094 1237 3159 ia-

102 3220 120 3257 n
140 3196 271 3276 stitata,
288 3194 483 3285 investipere
496 3192 625 3260 curetis.
644 3218 660 3255 a
680 3192 727 3258 lta
738 3192 834 3259 citato
848 3191 918 3257 loeo
930 3190 1233 3284 Schmalzgruaber‚

99 3302 153 3390 qai
167 3310 279 3393 postea
292 3309 402 3370 textas
415 3302 449 3367 ia
464 3300 662 3368 eontrarium
674 3298 828 3387 allegatas
842 3296 998 3365 ooafatat.

143 3409 182 3477 Et
195 3430 311 3476 revera
325 3408 459 3476 omnino
473 3405 732 3474 concludendam
760 3414 819 3490 est,
843 3426 908 3471 non
933 3405 1056 3496 requiri
1071 3409 1158 3495 apud
1178 3432 1236 3478 aa·

102 3514 166 3583 rias
179 3514 419 3601 ecclesiastieae,
436 3536 541 3605 neque
556 3512 589 3579 in
615 3510 724 3578 libella
748 3510 849 3596 civili,
874 3532 979 3601 neque
995 3514 1176 3601 prasertim
1202 3518 1237 3584 in

101 3622 274 3706 criminali,
291 3620 392 3689 allam
416 3620 553 3688 aetionis
567 3619 882 3694 denominationem
899 3618 977 3707 qnia
994 3616 1237 3708 dispositionem

101 3728 188 3797 illam
199 3728 394 3799 lustinisnei
404 3727 502 3818 juris,
517 3726 631 3793 saltem
644 3748 665 3792 a
680 3724 782 3792 multo
796 3732 940 3813 ternpore
954 3746 1020 3793 non
1035 3748 1104 3793 esse
1119 3726 1152 3795 in
1169 3729 1241 3800 loro

102 3836 311 3904 ecelesiastica
337 3843 509 3925 receptam,
536 3841 645 3923 aperte
663 3830 876 3916 demonstrat,
906 3837 974 3897 tam
1001 3832 1096 3899 citata
1124 3832 1238 3904 deere-

102 3942 174 4010 talis
207 3941 389 4010 Alexandri
425 3941 481 4026 ill,
518 3950 589 4008 tom
618 3937 782 4029 praeeipue
811 3937 1004 4005 universalis
1032 3936 1239 4011 ecelesiarum

103 4050 223 4139 praxis.

149 4156 186 4225 Et
199 4156 315 4225 merito
328 4155 461 4246 quidem
474 4152 635 4245 ejusmodi
644 4150 771 4219 subtilis
780 4157 812 4219 et
821 4149 960 4218 difficilis
969 4149 1241 4225 denominationis

105 4263 275 4331 necessitas
288 4285 308 4329 a
322 4262 526 4353 simplicitate
538 4259 734 4350 judiciorum
748 4256 1034 4323 ecclesiastieorum
1053 4256 1168 4349 rejecta
1181 4276 1239 4337 ost.
