3050 4984
302 486 362 548 534
671 499 846 546 anamodus
870 501 907 546 aa
929 497 1061 544 tunicas.

297 627 417 708 absono
438 623 586 688 adortari
607 624 760 686 citatione
777 639 1021 706 processuras...
1042 620 1202 686 Datum...
1218 651 1257 666 --
1276 617 1331 694 N,
1355 615 1443 680 Vica-

298 735 367 798 rins
382 731 555 816 beneroles.
570 765 610 780 -
623 730 664 794 N.
668 777 678 810 ,
695 731 878 796 acinarius.
897 755 913 788 s

306 901 311 909 ·
341 865 458 938 Modus
479 873 589 938 autem
606 866 792 960 exequendi
815 866 895 937 etin
914 865 995 936 setis
1013 863 1175 936 referendi
1189 859 1351 957 ejusmodi
1365 861 1443 930 eite-

299 975 421 1046 tionem
438 975 689 1062 monitorialem,
703 974 797 1045 tasilo
817 975 922 1068 aptari
935 974 1055 1067 poterit
1068 993 1109 1044 ex
1124 969 1397 1067 precedentibus.

822 1257 843 1348 ς
869 1256 926 1324 ιιι.

468 1425 588 1478 Famula
597 1425 751 1478 sententiam
760 1425 862 1479 ferendi
873 1430 965 1478 contre
977 1431 1160 1480 contumacem
1171 1428 1271 1478 motem.

342 1647 356 1684 α
379 1624 463 1691 Cum
477 1623 628 1689 dominns
641 1626 673 1688 N
676 1674 682 1686 .
707 1625 754 1689 ad
766 1625 1022 1708 comparandam
1036 1643 1148 1689 caram
1161 1623 1261 1689 Nobis
1281 1631 1331 1688 ter
1355 1625 1445 1707 jari-

300 1733 369 1797 dice
389 1735 506 1796 cz'tatns
524 1733 637 1814 suerit,
657 1751 773 1816 nempe
796 1733 848 1798 die
922 1733 1040 1798 mensis
1114 1733 1195 1796 anni
1211 1779 1258 1810 ...,
1279 1739 1311 1796 et
1330 1731 1388 1796 die

300 1841 417 1905 mensis
440 1839 585 1921 ejusdem
605 1841 696 1918 anni,
716 1849 748 1904 et
769 1841 821 1906 die
903 1841 1021 1905 mensis
1110 1840 1189 1903 dieti
1213 1841 1295 1902 anni
1318 1837 1384 1920 (vol
1407 1837 1449 1902 ad

300 1946 554 2032 comparendum
574 1965 685 2012 coram
704 1949 795 2012 nobis
816 1949 989 2014 monitorio
1006 1949 1235 2034 peremptorio,
1251 1947 1321 2010 vim
1340 1947 1447 2030 tripii-

301 2056 345 2118 cis
359 2055 546 2118 monitionis
566 2053 700 2119 habente
715 2057 833 2122 citatas
850 2057 954 2138 fecerit
973 2055 1026 2120 die
1099 2056 1219 2118 matesis
1300 2057 1386 2118 anni
1404 2037 1447 2118 ...)

301 2170 333 2228 et
359 2164 426 2246 ipse
453 2161 612 2226 mandata
636 2170 749 2226 nostra
774 2162 1024 2240 contemnende,
1047 2169 1225 2226 contumax
1246 2169 1326 2245 past
1349 2161 1448 2224 dietas

301 2269 365 2352 (vol
386 2269 516 2351 dietam)
538 2269 729 2333 monitiones
750 2270 814 2350 (vel
837 2269 1058 2349 monitionem)
1077 2269 1180 2352 faerit
1198 2277 1230 2332 et
1246 2269 1309 2342 sit,·
1330 2267 1448 2332 idcireo

302 2377 350 2440 ad
369 2377 476 2460 ipsum
495 2377 753 2460 compellendum
775 2377 822 2442 ad
841 2376 984 2441 debitam
1005 2375 1104 2440 Nobis
1126 2375 1346 2440 obedientiam
1360 2393 1448 2460 are·
1500 2403 1501 2457 i

302 2484 470 2563 standam,
499 2485 534 2548 in
561 2484 612 2548 bis
636 2485 782 2566 seriptis,
811 2492 924 2549 eontra
949 2503 1026 2549 enm
1049 2486 1242 2550 senientiam
1268 2502 1450 2548 exeommu-

301 2593 472 2658 nicationis
492 2593 630 2676 majoris
647 2591 710 2673 (vol
729 2592 948 2674 suspensionis
966 2611 986 2656 a
1009 2591 1147 2670 divinis,
1168 2591 1195 2656 si
1220 2591 1263 2655 sit
1283 2592 1320 2656 in
1342 2593 1447 2673 saeris)

300 2701 499 2785 proferimus
505 2718 519 2782 ,·
543 2719 609 2783 qna
635 2708 767 2764 maneat
792 2700 1008 2784 illaqueatas,
1032 2701 1131 2764 donee
1154 2717 1266 2765 eoram
1290 2701 1396 2765 Nobis
1421 2719 1449 2764 se
1499 2709 1500 2763 ι

303 2810 406 2887 sistat,
422 2815 454 2872 et
466 2807 677 2872 absolutionis
691 2807 890 2888 benficium,
911 2807 1059 2892 parendo
1079 2809 1182 2887 nobis,
1205 2817 1387 2873 mereatur.
1411 2807 1451 2872 Et

304 2924 341 2980 nt
366 2915 515 3004 omnibns
542 2915 610 2979 bec
642 2916 800 2980 sententia
831 2924 961 2997 pateat,
998 2937 1071 2984 eam
1101 2935 1162 3000 per
1177 2915 1383 2999 ‚affiaionem
1412 2913 1452 2978 ad

305 3024 375 3088 loca
399 3031 581 3108 opportuna
596 3023 767 3108 publicari
787 3023 998 3090 mandamns.
1023 3026 1185 3091 Datum...
1210 3059 1250 3070 -
1272 3025 1306 3088 N
1309 3071 1332 3104 .,
1364 3025 1450 3092 Vita·
1498 3017 1499 3069 i

305 3133 376 3196 rins
388 3130 562 3214 benetalis.
573 3165 614 3178 -·
626 3130 681 3208 Ν.,
697 3132 878 3194 actuarias.
895 3153 909 3192 o

351 3275 389 3342 ln
408 3275 488 3342 actis
501 3281 609 3342 autem
629 3273 794 3342 inseretur
812 3275 984 3362 sententia,
1002 3282 1039 3343 ut
1058 3273 1182 3344 dietum
1203 3280 1252 3342 est
1268 3297 1371 3368 supro
1387 3277 1407 3367 ς
1422 3279 1447 3361 1,
1497 3305 1498 3372 ι

307 3389 340 3449 et
355 3381 401 3449 sie
411 3379 550 3448 addetur
568 3407 576 3448 :

350 3524 431 3588 «In
454 3523 672 3588 executionem
695 3541 772 3606 erqo
797 3523 964 3607 predicte
987 3527 1162 3604 sententie,
1187 3544 1209 3588 a
1233 3525 1370 3590 domino
1399 3527 1446 3602 N,
1496 3544 1497 3582 ι

195 3647 201 3658 ·
316 3632 443 3701 Vicario
470 3630 617 3713 qeneraii
632 3649 693 3712 pro
718 3631 876 3696 tribunati
900 3631 1044 3712 sedente,
1070 3640 1107 3696 nt
1129 3633 1230 3697 moris
1250 3641 1310 3711 est,
1333 3633 1404 3698 alta
1424 3641 1448 3696 et
1496 3585 1497 3679 d

310 3736 507 3819 boteliiqibiii
530 3754 606 3800 voce
628 3738 732 3817 lecte,
756 3738 840 3804 duas
865 3739 1010 3821 ejusdem
1033 3740 1142 3822 copias
1168 3742 1294 3823 aceepit
1313 3741 1447 3805 iamnes

310 3847 366 3923 N,
392 3843 582 3928 episcopatis
603 3845 702 3910 carie
728 3847 874 3923 nuntius,
900 3845 940 3910 de
960 3847 1117 3911 mandato
1139 3847 1313 3912 reverendi
1336 3847 1447 3912 Viearii

310 3951 471 4036 aeneraiis
484 3951 588 4015 valois
596 3952 797 4017 cancellarie
809 3954 999 4036 episcopalis
1015 3955 1075 4037 (vel
1086 3953 1161 4018 olibi
1173 3971 1232 4036 pro
1247 3955 1331 4036 stylo
1344 3955 1445 4018 unius

310 4061 468 4141 cujusque
481 4058 590 4140 eurise)
604 4058 791 4142 affiqendas,
806 4079 889 4144 quas
902 4069 934 4126 et
946 4061 1059 4127 retulit
1072 4061 1194 4126 ibidem
1207 4079 1229 4124 a
1242 4079 1275 4125 se
1290 4063 1395 4144 faisse
1404 4061 1445 4140 af·

310 4166 405 4242 deas.
419 4167 501 4230 Aeta
513 4174 590 4231 sunt
602 4166 670 4232 bea
682 4168 737 4231 die
798 4171 917 4233 mensis
981 4187 1104 4234 aimo...
1118 4203 1158 4216 -
1172 4167 1246 4251 Eoo
1261 4169 1318 4247 N„
1337 4171 1443 4253 episco

308 4271 393 4352 patio
407 4275 507 4342 carin
519 4293 644 4356 cursor,
659 4274 785 4358 affirmo
798 4284 957 4361 utsupra.
975 4313 1014 4325 -
1028 4275 1101 4359 Eoo
1116 4277 1171 4355 N,
1188 4278 1368 4342 actuarios.
1385 4299 1397 4333 ι
1493 4329 1494 4346 ,
