<?xml version="1.0" encoding="UTF-8"?>
<!DOCTYPE html PUBLIC "-//W3C//DTD XHTML 1.0 Transitional//EN"
    "http://www.w3.org/TR/xhtml1/DTD/xhtml1-transitional.dtd">
<html xmlns="http://www.w3.org/1999/xhtml" xml:lang="en" lang="en">
 <head>
  <title>
</title>
<meta http-equiv="Content-Type" content="text/html;charset=utf-8" />
  <meta name='ocr-system' content='tesseract 3.04.00' />
  <meta name='ocr-capabilities' content='ocr_page ocr_carea ocr_par ocr_line ocrx_word'/>
</head>
<body>
  <div class='ocr_page' id='page_1' title='image "./tractatusdejudi00goog_0200.png"; bbox 0 0 3050 4984; ppageno 0'>
   <div class='ocr_carea' id='block_1_1' title="bbox 282 400 1047 465">
    <p class='ocr_par' dir='ltr' id='par_1_1' title="bbox 282 400 1047 465">
     <span class='ocr_line' id='line_1_1' title="bbox 282 400 1047 465; baseline 0.003 -4"><span class='ocrx_word' id='word_1_1' title='bbox 282 400 342 462; x_wconf 78' lang='lat'><strong>192</strong></span> <span class='ocrx_word' id='word_1_2' title='bbox 654 419 830 465; x_wconf 73' lang='lat' dir='ltr'><strong>reserares</strong></span> <span class='ocrx_word' id='word_1_3' title='bbox 855 420 891 465; x_wconf 82' lang='lat' dir='ltr'><strong>us</strong></span> <span class='ocrx_word' id='word_1_4' title='bbox 914 420 1047 465; x_wconf 79' lang='lat' dir='ltr'><strong>runicus.</strong></span> 
     </span>
    </p>
   </div>
   <div class='ocr_carea' id='block_1_2' title="bbox 276 538 1515 4055">
    <p class='ocr_par' dir='ltr' id='par_1_2' title="bbox 276 538 1431 2100">
     <span class='ocr_line' id='line_1_2' title="bbox 281 538 1426 631; baseline 0.008 -32"><span class='ocrx_word' id='word_1_5' title='bbox 281 568 296 599; x_wconf 81' lang='grc' dir='ltr'><strong>ιι</strong></span> <span class='ocrx_word' id='word_1_6' title='bbox 321 538 486 606; x_wconf 83' lang='lat' dir='ltr'><strong>lemnitate</strong></span> <span class='ocrx_word' id='word_1_7' title='bbox 503 548 538 604; x_wconf 89' lang='lat' dir='ltr'><strong>ut</strong></span> <span class='ocrx_word' id='word_1_8' title='bbox 558 538 593 605; x_wconf 92' lang='lat' dir='ltr'><strong>in</strong></span> <span class='ocrx_word' id='word_1_9' title='bbox 608 539 713 606; x_wconf 90' lang='lat' dir='ltr'><strong>causis</strong></span> <span class='ocrx_word' id='word_1_10' title='bbox 727 539 894 626; x_wconf 89' lang='lat' dir='ltr'><strong>civilibus;</strong></span> <span class='ocrx_word' id='word_1_11' title='bbox 913 540 967 607; x_wconf 90' lang='lat' dir='ltr'><strong>sed</strong></span> <span class='ocrx_word' id='word_1_12' title='bbox 985 564 1041 631; x_wconf 92' lang='lat' dir='ltr'><strong>per</strong></span> <span class='ocrx_word' id='word_1_13' title='bbox 1057 541 1346 629; x_wconf 76' lang='lat' dir='ltr'><strong>interrogationem</strong></span> <span class='ocrx_word' id='word_1_14' title='bbox 1357 542 1426 631; x_wconf 82' lang='lat' dir='ltr'><strong>ju-</strong></span> 
     </span>
     <span class='ocr_line' id='line_1_3' title="bbox 281 644 1427 735; baseline 0.005 -28"><span class='ocrx_word' id='word_1_15' title='bbox 281 674 297 708; x_wconf 85' lang='grc' dir='ltr'>ι</span> <span class='ocrx_word' id='word_1_16' title='bbox 321 644 401 711; x_wconf 92' lang='lat' dir='ltr'><strong>dicis</strong></span> <span class='ocrx_word' id='word_1_17' title='bbox 424 654 456 712; x_wconf 89' lang='lat' dir='ltr'><strong>et</strong></span> <span class='ocrx_word' id='word_1_18' title='bbox 478 644 719 734; x_wconf 81' lang='lat' dir='ltr'>responsionem</span> <span class='ocrx_word' id='word_1_19' title='bbox 736 646 784 713; x_wconf 91' lang='lat' dir='ltr'><strong>rei</strong></span> <span class='ocrx_word' id='word_1_20' title='bbox 800 646 966 715; x_wconf 75' lang='lat' dir='ltr'><strong>inducitur</strong></span> <span class='ocrx_word' id='word_1_21' title='bbox 981 646 1047 713; x_wconf 91' lang='lat' dir='ltr'><strong>litis</strong></span> <span class='ocrx_word' id='word_1_22' title='bbox 1069 648 1269 735; x_wconf 73' lang='lat' dir='ltr'><strong>contestatio,</strong></span> <span class='ocrx_word' id='word_1_23' title='bbox 1291 648 1427 715; x_wconf 89' lang='lat' dir='ltr'><strong>etiamsi</strong></span> 
     </span>
     <span class='ocr_line' id='line_1_4' title="bbox 281 750 1422 844; baseline 0.004 -29"><span class='ocrx_word' id='word_1_24' title='bbox 281 777 299 815; x_wconf 87' lang='grc' dir='ltr'><strong>ιι</strong></span> <span class='ocrx_word' id='word_1_25' title='bbox 321 750 514 841; x_wconf 78' lang='lat' dir='ltr'><strong>procedatur</strong></span> <span class='ocrx_word' id='word_1_26' title='bbox 529 774 586 841; x_wconf 90' lang='lat' dir='ltr'><strong>per</strong></span> <span class='ocrx_word' id='word_1_27' title='bbox 600 752 838 819; x_wconf 87' lang='lat' dir='ltr'><strong>accusationem</strong></span> <span class='ocrx_word' id='word_1_28' title='bbox 854 763 886 820; x_wconf 92' lang='lat' dir='ltr'><strong>et</strong></span> <span class='ocrx_word' id='word_1_29' title='bbox 905 760 1071 822; x_wconf 88' lang='lat' dir='ltr'><strong>accusator</strong></span> <span class='ocrx_word' id='word_1_30' title='bbox 1085 775 1150 823; x_wconf 93' lang='lat' dir='ltr'><strong>non</strong></span> <span class='ocrx_word' id='word_1_31' title='bbox 1166 753 1208 821; x_wconf 87' lang='lat' dir='ltr'><strong>sit</strong></span> <span class='ocrx_word' id='word_1_32' title='bbox 1222 776 1381 844; x_wconf 73' lang='lat' dir='ltr'><strong>praesens.</strong></span> <span class='ocrx_word' id='word_1_33' title='bbox 1401 778 1422 820; x_wconf 82' lang='grc' dir='ltr'><strong>ιι</strong></span> 
     </span>
     <span class='ocr_line' id='line_1_5' title="bbox 276 857 1428 951; baseline 0.003 -25"><span class='ocrx_word' id='word_1_34' title='bbox 276 860 324 928; x_wconf 91' lang='lat' dir='ltr'><strong>lta</strong></span> <span class='ocrx_word' id='word_1_35' title='bbox 339 857 513 947; x_wconf 84' lang='lat' dir='ltr'><strong>Pellegrini</strong></span> <span class='ocrx_word' id='word_1_36' title='bbox 533 857 663 948; x_wconf 64' lang='lat' dir='ltr'><strong>(Procris</strong></span> <span class='ocrx_word' id='word_1_37' title='bbox 685 859 900 941; x_wconf 82' lang='lat' dir='ltr'><strong>Vicoriorum,</strong></span> <span class='ocrx_word' id='word_1_38' title='bbox 919 868 1009 948; x_wconf 88' lang='lat' dir='ltr'><strong>parte</strong></span> <span class='ocrx_word' id='word_1_39' title='bbox 1025 863 1058 945; x_wconf 81' lang='lat' dir='ltr'><strong>l,</strong></span> <span class='ocrx_word' id='word_1_40' title='bbox 1075 870 1151 928; x_wconf 88' lang='lat' dir='ltr'><strong>sect.</strong></span> <span class='ocrx_word' id='word_1_41' title='bbox 1173 865 1205 945; x_wconf 82' lang='grc'><strong>9,</strong></span> <span class='ocrx_word' id='word_1_42' title='bbox 1222 882 1255 927; x_wconf 88' lang='grc' dir='ltr'><strong>ιι.</strong></span> <span class='ocrx_word' id='word_1_43' title='bbox 1277 860 1346 950; x_wconf 80' lang='lat'><strong>55),</strong></span> <span class='ocrx_word' id='word_1_44' title='bbox 1362 861 1428 951; x_wconf 87' lang='lat' dir='ltr'><strong>qui</strong></span> 
     </span>
     <span class='ocr_line' id='line_1_6' title="bbox 277 964 1428 1058; baseline 0.004 -26"><span class='ocrx_word' id='word_1_45' title='bbox 277 964 398 1033; x_wconf 89' lang='lat' dir='ltr'><strong>multos</strong></span> <span class='ocrx_word' id='word_1_46' title='bbox 419 965 495 1032; x_wconf 90' lang='lat' dir='ltr'><strong>citat</strong></span> <span class='ocrx_word' id='word_1_47' title='bbox 514 975 662 1033; x_wconf 79' lang='lat' dir='ltr'><strong>auctores</strong></span> <span class='ocrx_word' id='word_1_48' title='bbox 677 965 764 1034; x_wconf 90' lang='lat' dir='ltr'><strong>idem</strong></span> <span class='ocrx_word' id='word_1_49' title='bbox 788 965 963 1054; x_wconf 82' lang='lat' dir='ltr'><strong>tradentes,</strong></span> <span class='ocrx_word' id='word_1_50' title='bbox 990 975 1022 1034; x_wconf 91' lang='lat' dir='ltr'><strong>et</strong></span> <span class='ocrx_word' id='word_1_51' title='bbox 1042 976 1152 1058; x_wconf 90' lang='lat' dir='ltr'><strong>postea</strong></span> <span class='ocrx_word' id='word_1_52' title='bbox 1167 966 1339 1057; x_wconf 79' lang='lat' dir='ltr'><strong>subjungit</strong></span> <span class='ocrx_word' id='word_1_53' title='bbox 1359 966 1428 1037; x_wconf 88' lang='lat' dir='ltr'><strong>hoc</strong></span> 
     </span>
     <span class='ocr_line' id='line_1_7' title="bbox 277 1071 1428 1163; baseline 0.003 -25"><span class='ocrx_word' id='word_1_54' title='bbox 277 1071 374 1139; x_wconf 87' lang='lat' dir='ltr'><strong>modo</strong></span> <span class='ocrx_word' id='word_1_55' title='bbox 392 1099 399 1138; x_wconf 92' lang='lat'>:</span> <span class='ocrx_word' id='word_1_56' title='bbox 421 1099 437 1135; x_wconf 88' lang='grc' dir='ltr'>ι</span> <span class='ocrx_word' id='word_1_57' title='bbox 452 1071 540 1137; x_wconf 89' lang='lat' dir='ltr'><strong>Bene</strong></span> <span class='ocrx_word' id='word_1_58' title='bbox 555 1093 670 1139; x_wconf 87' lang='lat' dir='ltr'><strong>verum</strong></span> <span class='ocrx_word' id='word_1_59' title='bbox 685 1080 744 1156; x_wconf 89' lang='lat' dir='ltr'><strong>cst,</strong></span> <span class='ocrx_word' id='word_1_60' title='bbox 760 1072 848 1162; x_wconf 93' lang='lat' dir='ltr'><strong>quod</strong></span> <span class='ocrx_word' id='word_1_61' title='bbox 863 1072 897 1139; x_wconf 92' lang='lat' dir='ltr'><strong>in</strong></span> <span class='ocrx_word' id='word_1_62' title='bbox 912 1072 1075 1163; x_wconf 83' lang='lat' dir='ltr'><strong>aliquibus</strong></span> <span class='ocrx_word' id='word_1_63' title='bbox 1086 1072 1185 1141; x_wconf 90' lang='lat' dir='ltr'><strong>curiis</strong></span> <span class='ocrx_word' id='word_1_64' title='bbox 1200 1072 1428 1141; x_wconf 87' lang='lat' dir='ltr'><strong>ecclesiasticis</strong></span> 
     </span>
     <span class='ocr_line' id='line_1_8' title="bbox 281 1177 1431 1269; baseline 0.005 -27"><span class='ocrx_word' id='word_1_65' title='bbox 281 1205 298 1242; x_wconf 82' lang='grc' dir='ltr'><strong>ιι</strong></span> <span class='ocrx_word' id='word_1_66' title='bbox 319 1178 413 1245; x_wconf 87' lang='lat' dir='ltr'><strong>aliter</strong></span> <span class='ocrx_word' id='word_1_67' title='bbox 429 1177 613 1267; x_wconf 87' lang='lat' dir='ltr'><strong>proceditur</strong></span> <span class='ocrx_word' id='word_1_68' title='bbox 629 1177 735 1267; x_wconf 91' lang='lat' dir='ltr'><strong>quoad</strong></span> <span class='ocrx_word' id='word_1_69' title='bbox 751 1177 818 1245; x_wconf 91' lang='lat' dir='ltr'><strong>litis</strong></span> <span class='ocrx_word' id='word_1_70' title='bbox 833 1179 1096 1247; x_wconf 82' lang='lat' dir='ltr'><strong>contestationem</strong></span> <span class='ocrx_word' id='word_1_71' title='bbox 1111 1179 1242 1269; x_wconf 90' lang='lat' dir='ltr'><strong>quando</strong></span> <span class='ocrx_word' id='word_1_72' title='bbox 1259 1178 1351 1247; x_wconf 88' lang='lat' dir='ltr'><strong>adest</strong></span> <span class='ocrx_word' id='word_1_73' title='bbox 1365 1204 1431 1248; x_wconf 90' lang='lat' dir='ltr'><strong>ac-</strong></span> 
     </span>
     <span class='ocr_line' id='line_1_9' title="bbox 281 1284 1429 1377; baseline 0.006 -27"><span class='ocrx_word' id='word_1_74' title='bbox 281 1313 298 1350; x_wconf 86' lang='grc' dir='ltr'><strong>ιι</strong></span> <span class='ocrx_word' id='word_1_75' title='bbox 320 1295 460 1370; x_wconf 86' lang='lat' dir='ltr'><strong>cusator,</strong></span> <span class='ocrx_word' id='word_1_76' title='bbox 476 1294 508 1351; x_wconf 91' lang='lat' dir='ltr'><strong>et</strong></span> <span class='ocrx_word' id='word_1_77' title='bbox 521 1284 615 1351; x_wconf 86' lang='lat' dir='ltr'><strong>aliter</strong></span> <span class='ocrx_word' id='word_1_78' title='bbox 631 1284 762 1374; x_wconf 91' lang='lat' dir='ltr'><strong>quando</strong></span> <span class='ocrx_word' id='word_1_79' title='bbox 777 1285 886 1372; x_wconf 81' lang='lat' dir='ltr'><strong>agitur</strong></span> <span class='ocrx_word' id='word_1_80' title='bbox 895 1307 953 1376; x_wconf 93' lang='lat' dir='ltr'><strong>per</strong></span> <span class='ocrx_word' id='word_1_81' title='bbox 962 1286 1051 1353; x_wconf 91' lang='lat' dir='ltr'><strong>viam</strong></span> <span class='ocrx_word' id='word_1_82' title='bbox 1065 1286 1295 1377; x_wconf 89' lang='lat' dir='ltr'><strong>inquisitionis.</strong></span> <span class='ocrx_word' id='word_1_83' title='bbox 1308 1287 1429 1357; x_wconf 91' lang='lat' dir='ltr'><strong>Primo</strong></span> 
     </span>
     <span class='ocr_line' id='line_1_10' title="bbox 280 1390 1429 1481; baseline 0.005 -25"><span class='ocrx_word' id='word_1_84' title='bbox 280 1424 295 1456; x_wconf 75' lang='grc' dir='ltr'><strong>ιι</strong></span> <span class='ocrx_word' id='word_1_85' title='bbox 320 1394 408 1459; x_wconf 90' lang='lat' dir='ltr'><strong>enim</strong></span> <span class='ocrx_word' id='word_1_86' title='bbox 422 1414 511 1475; x_wconf 89' lang='lat' dir='ltr'><strong>casu,</strong></span> <span class='ocrx_word' id='word_1_87' title='bbox 530 1390 557 1456; x_wconf 92' lang='lat' dir='ltr'><strong>si</strong></span> <span class='ocrx_word' id='word_1_88' title='bbox 572 1400 689 1479; x_wconf 84' lang='lat' dir='ltr'><strong>agatur</strong></span> <span class='ocrx_word' id='word_1_89' title='bbox 704 1392 865 1481; x_wconf 88' lang='lat' dir='ltr'><strong>perviam</strong></span> <span class='ocrx_word' id='word_1_90' title='bbox 888 1392 1113 1480; x_wconf 86' lang='lat' dir='ltr'><strong>accusationis,</strong></span> <span class='ocrx_word' id='word_1_91' title='bbox 1130 1393 1221 1461; x_wconf 89' lang='lat' dir='ltr'><strong>citari</strong></span> <span class='ocrx_word' id='word_1_92' title='bbox 1249 1393 1330 1461; x_wconf 90' lang='lat' dir='ltr'><strong>solet</strong></span> <span class='ocrx_word' id='word_1_93' title='bbox 1345 1416 1429 1462; x_wconf 88' lang='lat' dir='ltr'><strong>reus</strong></span> 
     </span>
     <span class='ocr_line' id='line_1_11' title="bbox 281 1496 1430 1591; baseline 0.006 -29"><span class='ocrx_word' id='word_1_94' title='bbox 281 1528 297 1564; x_wconf 81' lang='grc' dir='ltr'><strong>ιι</strong></span> <span class='ocrx_word' id='word_1_95' title='bbox 320 1499 360 1566; x_wconf 88' lang='lat' dir='ltr'><strong>ad</strong></span> <span class='ocrx_word' id='word_1_96' title='bbox 377 1496 617 1565; x_wconf 88' lang='lat' dir='ltr'><strong>contestandam</strong></span> <span class='ocrx_word' id='word_1_97' title='bbox 631 1497 721 1564; x_wconf 89' lang='lat' dir='ltr'><strong>litem</strong></span> <span class='ocrx_word' id='word_1_98' title='bbox 735 1520 834 1588; x_wconf 90' lang='lat' dir='ltr'><strong>super</strong></span> <span class='ocrx_word' id='word_1_99' title='bbox 849 1499 1091 1567; x_wconf 87' lang='lat' dir='ltr'><strong>accusatione...</strong></span> <span class='ocrx_word' id='word_1_100' title='bbox 1109 1498 1333 1581; x_wconf 84' lang='lat' dir='ltr'><strong>Quandovero</strong></span> <span class='ocrx_word' id='word_1_101' title='bbox 1343 1524 1430 1591; x_wconf 89' lang='lat' dir='ltr'><strong>pro-</strong></span> 
     </span>
     <span class='ocr_line' id='line_1_12' title="bbox 281 1603 1430 1694; baseline 0.003 -23"><span class='ocrx_word' id='word_1_102' title='bbox 281 1634 298 1671; x_wconf 82' lang='grc' dir='ltr'><strong>ιι</strong></span> <span class='ocrx_word' id='word_1_103' title='bbox 321 1605 447 1673; x_wconf 91' lang='lat' dir='ltr'><strong>ceditur</strong></span> <span class='ocrx_word' id='word_1_104' title='bbox 462 1626 518 1694; x_wconf 89' lang='lat' dir='ltr'><strong>per</strong></span> <span class='ocrx_word' id='word_1_105' title='bbox 533 1603 620 1670; x_wconf 88' lang='lat' dir='ltr'><strong>viam</strong></span> <span class='ocrx_word' id='word_1_106' title='bbox 643 1604 873 1694; x_wconf 86' lang='lat' dir='ltr'><strong>inquisitionis,</strong></span> <span class='ocrx_word' id='word_1_107' title='bbox 890 1626 956 1673; x_wconf 89' lang='lat' dir='ltr'><strong>non</strong></span> <span class='ocrx_word' id='word_1_108' title='bbox 972 1603 1056 1671; x_wconf 91' lang='lat' dir='ltr'><strong>fiunt</strong></span> <span class='ocrx_word' id='word_1_109' title='bbox 1071 1604 1164 1673; x_wconf 79' lang='lat' dir='ltr'><strong>dicta</strong></span> <span class='ocrx_word' id='word_1_110' title='bbox 1190 1605 1358 1673; x_wconf 84' lang='lat' dir='ltr'><strong>citationes</strong></span> <span class='ocrx_word' id='word_1_111' title='bbox 1380 1608 1430 1675; x_wconf 92' lang='lat' dir='ltr'><strong>ad</strong></span> 
     </span>
     <span class='ocr_line' id='line_1_13' title="bbox 282 1710 1430 1803; baseline 0.003 -26"><span class='ocrx_word' id='word_1_112' title='bbox 282 1743 298 1777; x_wconf 86' lang='grc' dir='ltr'><strong>ιι</strong></span> <span class='ocrx_word' id='word_1_113' title='bbox 321 1710 565 1780; x_wconf 76' lang='lat' dir='ltr'><strong>mntestandam</strong></span> <span class='ocrx_word' id='word_1_114' title='bbox 579 1710 682 1796; x_wconf 90' lang='lat' dir='ltr'><strong>litem,</strong></span> <span class='ocrx_word' id='word_1_115' title='bbox 697 1710 776 1799; x_wconf 92' lang='lat' dir='ltr'><strong>quia</strong></span> <span class='ocrx_word' id='word_1_116' title='bbox 791 1732 857 1778; x_wconf 94' lang='lat' dir='ltr'><strong>non</strong></span> <span class='ocrx_word' id='word_1_117' title='bbox 867 1720 914 1778; x_wconf 89' lang='lat' dir='ltr'><strong>est</strong></span> <span class='ocrx_word' id='word_1_118' title='bbox 930 1732 1232 1803; x_wconf 81' lang='lat' dir='ltr'><strong>personarumque</strong></span> <span class='ocrx_word' id='word_1_119' title='bbox 1247 1716 1430 1781; x_wconf 88' lang='lat' dir='ltr'><strong>contestari</strong></span> 
     </span>
     <span class='ocr_line' id='line_1_14' title="bbox 283 1815 1428 1909; baseline 0.003 -25"><span class='ocrx_word' id='word_1_120' title='bbox 283 1849 299 1885; x_wconf 86' lang='grc' dir='ltr'><strong>ιι</strong></span> <span class='ocrx_word' id='word_1_121' title='bbox 321 1820 362 1887; x_wconf 92' lang='lat' dir='ltr'><strong>lis</strong></span> <span class='ocrx_word' id='word_1_122' title='bbox 378 1817 493 1909; x_wconf 88' lang='lat' dir='ltr'><strong>possit;</strong></span> <span class='ocrx_word' id='word_1_123' title='bbox 512 1815 568 1884; x_wconf 91' lang='lat' dir='ltr'><strong>sed</strong></span> <span class='ocrx_word' id='word_1_124' title='bbox 584 1817 664 1884; x_wconf 90' lang='lat' dir='ltr'><strong>bene</strong></span> <span class='ocrx_word' id='word_1_125' title='bbox 689 1815 727 1883; x_wconf 90' lang='lat' dir='ltr'><strong>fit</strong></span> <span class='ocrx_word' id='word_1_126' title='bbox 739 1816 823 1885; x_wconf 90' lang='lat' dir='ltr'><strong>alius</strong></span> <span class='ocrx_word' id='word_1_127' title='bbox 837 1827 938 1902; x_wconf 90' lang='lat' dir='ltr'><strong>actus,</strong></span> <span class='ocrx_word' id='word_1_128' title='bbox 957 1818 1158 1909; x_wconf 73' lang='lat' dir='ltr'><strong>aequivalens</strong></span> <span class='ocrx_word' id='word_1_129' title='bbox 1174 1818 1240 1886; x_wconf 89' lang='lat' dir='ltr'><strong>litis</strong></span> <span class='ocrx_word' id='word_1_130' title='bbox 1256 1828 1428 1887; x_wconf 84' lang='lat' dir='ltr'><strong>contesta-</strong></span> 
     </span>
     <span class='ocr_line' id='line_1_15' title="bbox 282 1924 1430 2016; baseline 0 -23"><span class='ocrx_word' id='word_1_131' title='bbox 282 1955 300 1993; x_wconf 80' lang='lat' dir='ltr'><strong>tt</strong></span> <span class='ocrx_word' id='word_1_132' title='bbox 322 1926 415 2011; x_wconf 89' lang='lat' dir='ltr'><strong>tioni,</strong></span> <span class='ocrx_word' id='word_1_133' title='bbox 432 1924 552 1992; x_wconf 88' lang='lat' dir='ltr'><strong>scilicet</strong></span> <span class='ocrx_word' id='word_1_134' title='bbox 565 1925 731 2014; x_wconf 81' lang='lat' dir='ltr'><strong>responsio</strong></span> <span class='ocrx_word' id='word_1_135' title='bbox 752 1924 798 1992; x_wconf 91' lang='lat' dir='ltr'><strong>rei</strong></span> <span class='ocrx_word' id='word_1_136' title='bbox 813 1946 911 2015; x_wconf 91' lang='lat' dir='ltr'><strong>super</strong></span> <span class='ocrx_word' id='word_1_137' title='bbox 927 1924 1147 2015; x_wconf 88' lang='lat' dir='ltr'><strong>inquisitione,</strong></span> <span class='ocrx_word' id='word_1_138' title='bbox 1165 1924 1246 1994; x_wconf 90' lang='lat' dir='ltr'><strong>dum</strong></span> <span class='ocrx_word' id='word_1_139' title='bbox 1259 1947 1318 2016; x_wconf 91' lang='lat' dir='ltr'><strong>per</strong></span> <span class='ocrx_word' id='word_1_140' title='bbox 1329 1926 1430 2015; x_wconf 87' lang='lat' dir='ltr'><strong>judi-</strong></span> 
     </span>
     <span class='ocr_line' id='line_1_16' title="bbox 283 2031 661 2100; baseline -0.008 -3"><span class='ocrx_word' id='word_1_141' title='bbox 283 2061 300 2097; x_wconf 87' lang='grc' dir='ltr'><strong>ιι</strong></span> <span class='ocrx_word' id='word_1_142' title='bbox 323 2055 393 2100; x_wconf 91' lang='lat' dir='ltr'><strong>cem</strong></span> <span class='ocrx_word' id='word_1_143' title='bbox 407 2031 626 2099; x_wconf 84' lang='lat' dir='ltr'><strong>examinatur.</strong></span> <span class='ocrx_word' id='word_1_144' title='bbox 644 2055 661 2093; x_wconf 82' lang='grc' dir='ltr'><strong>ιι</strong></span> 
     </span>
    </p>

    <p class='ocr_par' dir='ltr' id='par_1_3' title="bbox 277 2137 1515 4055">
     <span class='ocr_line' id='line_1_17' title="bbox 319 2137 1515 2229; baseline 0 -22"><span class='ocrx_word' id='word_1_145' title='bbox 319 2139 539 2221; x_wconf 79' lang='lat' dir='ltr'><strong>Questionem</strong></span> <span class='ocrx_word' id='word_1_146' title='bbox 567 2137 763 2228; x_wconf 86' lang='lat' dir='ltr'><strong>propositam</strong></span> <span class='ocrx_word' id='word_1_147' title='bbox 792 2138 991 2207; x_wconf 88' lang='lat' dir='ltr'><strong>enucleatius</strong></span> <span class='ocrx_word' id='word_1_148' title='bbox 1023 2142 1267 2229; x_wconf 88' lang='lat' dir='ltr'><strong>perscrutando,</strong></span> <span class='ocrx_word' id='word_1_149' title='bbox 1297 2140 1428 2208; x_wconf 90' lang='lat' dir='ltr'><strong>distin·</strong></span> <span class='ocrx_word' id='word_1_150' title='bbox 1514 2194 1515 2223; x_wconf 71' lang='lat'><strong>,</strong></span> 
     </span>
     <span class='ocr_line' id='line_1_18' title="bbox 278 2245 1515 2345; baseline 0.002 -30"><span class='ocrx_word' id='word_1_151' title='bbox 278 2247 408 2338; x_wconf 82' lang='lat' dir='ltr'><strong>guenda</strong></span> <span class='ocrx_word' id='word_1_152' title='bbox 434 2245 586 2314; x_wconf 91' lang='lat' dir='ltr'><strong>videntur</strong></span> <span class='ocrx_word' id='word_1_153' title='bbox 614 2254 771 2334; x_wconf 91' lang='lat' dir='ltr'><strong>tempora.</strong></span> <span class='ocrx_word' id='word_1_154' title='bbox 804 2246 993 2336; x_wconf 84' lang='lat' dir='ltr'><strong>Antiquitas</strong></span> <span class='ocrx_word' id='word_1_155' title='bbox 1008 2246 1109 2329; x_wconf 88' lang='lat' dir='ltr'><strong>enim,</strong></span> <span class='ocrx_word' id='word_1_156' title='bbox 1140 2258 1177 2315; x_wconf 91' lang='lat' dir='ltr'><strong>ut</strong></span> <span class='ocrx_word' id='word_1_157' title='bbox 1203 2270 1302 2337; x_wconf 89' lang='lat' dir='ltr'><strong>supra</strong></span> <span class='ocrx_word' id='word_1_158' title='bbox 1326 2248 1429 2337; x_wconf 89' lang='lat' dir='ltr'><strong>(sub-</strong></span> <span class='ocrx_word' id='word_1_159' title='bbox 1514 2294 1515 2345; x_wconf 73' lang='lat'>3</span> 
     </span>
     <span class='ocr_line' id='line_1_19' title="bbox 279 2352 1515 2443; baseline 0 -20"><span class='ocrx_word' id='word_1_160' title='bbox 279 2366 355 2424; x_wconf 90' lang='lat' dir='ltr'><strong>sect.</strong></span> <span class='ocrx_word' id='word_1_161' title='bbox 388 2358 417 2437; x_wconf 90' lang='lat' dir='ltr'><strong>l,</strong></span> <span class='ocrx_word' id='word_1_162' title='bbox 448 2377 518 2442; x_wconf 88' lang='lat' dir='ltr'><strong>cap.</strong></span> <span class='ocrx_word' id='word_1_163' title='bbox 549 2357 580 2437; x_wconf 83' lang='lat'><strong>5,</strong></span> <span class='ocrx_word' id='word_1_164' title='bbox 606 2374 699 2443; x_wconf 88' lang='lat' dir='ltr'><strong>prop.</strong></span> <span class='ocrx_word' id='word_1_165' title='bbox 731 2355 758 2441; x_wconf 85' lang='lat'><strong>1)</strong></span> <span class='ocrx_word' id='word_1_166' title='bbox 783 2353 997 2437; x_wconf 89' lang='lat' dir='ltr'><strong>ostendimus,</strong></span> <span class='ocrx_word' id='word_1_167' title='bbox 1027 2356 1060 2421; x_wconf 92' lang='lat' dir='ltr'><strong>iu</strong></span> <span class='ocrx_word' id='word_1_168' title='bbox 1076 2356 1182 2423; x_wconf 91' lang='lat' dir='ltr'><strong>causis</strong></span> <span class='ocrx_word' id='word_1_169' title='bbox 1197 2355 1428 2433; x_wconf 82' lang='lat' dir='ltr'><strong>criminalibus</strong></span> <span class='ocrx_word' id='word_1_170' title='bbox 1514 2352 1515 2371; x_wconf 62' lang='lat'><strong>.</strong></span> 
     </span>
     <span class='ocr_line' id='line_1_20' title="bbox 279 2459 1428 2554; baseline 0 -24"><span class='ocrx_word' id='word_1_171' title='bbox 279 2462 408 2554; x_wconf 85' lang='lat' dir='ltr'><strong>procedi</strong></span> <span class='ocrx_word' id='word_1_172' title='bbox 425 2484 490 2529; x_wconf 90' lang='lat' dir='ltr'><strong>non</strong></span> <span class='ocrx_word' id='word_1_173' title='bbox 507 2468 631 2549; x_wconf 91' lang='lat' dir='ltr'><strong>poterat</strong></span> <span class='ocrx_word' id='word_1_174' title='bbox 645 2459 710 2525; x_wconf 90' lang='lat' dir='ltr'><strong>nisi</strong></span> <span class='ocrx_word' id='word_1_175' title='bbox 720 2481 784 2548; x_wconf 86' lang='lat' dir='ltr'><strong>per</strong></span> <span class='ocrx_word' id='word_1_176' title='bbox 799 2460 1014 2527; x_wconf 81' lang='lat' dir='ltr'><strong>accusationis</strong></span> <span class='ocrx_word' id='word_1_177' title='bbox 1029 2462 1140 2543; x_wconf 86' lang='lat' dir='ltr'><strong>oiam;</strong></span> <span class='ocrx_word' id='word_1_178' title='bbox 1156 2470 1188 2528; x_wconf 90' lang='lat' dir='ltr'><strong>et</strong></span> <span class='ocrx_word' id='word_1_179' title='bbox 1201 2470 1279 2530; x_wconf 87' lang='lat' dir='ltr'><strong>tunc</strong></span> <span class='ocrx_word' id='word_1_180' title='bbox 1293 2482 1428 2552; x_wconf 88' lang='lat' dir='ltr'><strong>semper</strong></span> 
     </span>
     <span class='ocr_line' id='line_1_21' title="bbox 280 2567 1515 2657; baseline 0 -20"><span class='ocrx_word' id='word_1_181' title='bbox 280 2571 389 2656; x_wconf 86' lang='lat' dir='ltr'><strong>fiebat,</strong></span> <span class='ocrx_word' id='word_1_182' title='bbox 419 2578 451 2635; x_wconf 91' lang='lat' dir='ltr'><strong>et</strong></span> <span class='ocrx_word' id='word_1_183' title='bbox 479 2567 719 2657; x_wconf 88' lang='lat' dir='ltr'><strong>requirebatur,</strong></span> <span class='ocrx_word' id='word_1_184' title='bbox 741 2575 927 2633; x_wconf 88' lang='lat' dir='ltr'><strong>accusatum</strong></span> <span class='ocrx_word' id='word_1_185' title='bbox 953 2568 1039 2634; x_wconf 91' lang='lat' dir='ltr'><strong>inter</strong></span> <span class='ocrx_word' id='word_1_186' title='bbox 1063 2578 1094 2634; x_wconf 91' lang='lat' dir='ltr'><strong>et</strong></span> <span class='ocrx_word' id='word_1_187' title='bbox 1109 2578 1339 2654; x_wconf 87' lang='lat' dir='ltr'><strong>accusatorem,</strong></span> <span class='ocrx_word' id='word_1_188' title='bbox 1356 2568 1429 2637; x_wconf 91' lang='lat' dir='ltr'><strong>litis</strong></span> <span class='ocrx_word' id='word_1_189' title='bbox 1514 2572 1515 2575; x_wconf 69' lang='grc'>’</span> 
     </span>
     <span class='ocr_line' id='line_1_22' title="bbox 277 2671 1424 2766; baseline -0.002 -21"><span class='ocrx_word' id='word_1_190' title='bbox 277 2677 477 2747; x_wconf 86' lang='lat' dir='ltr'><strong>contestatio.</strong></span> <span class='ocrx_word' id='word_1_191' title='bbox 495 2673 589 2741; x_wconf 90' lang='lat' dir='ltr'><strong>Unde</strong></span> <span class='ocrx_word' id='word_1_192' title='bbox 618 2681 738 2739; x_wconf 89' lang='lat' dir='ltr'><strong>attento</strong></span> <span class='ocrx_word' id='word_1_193' title='bbox 766 2671 826 2739; x_wconf 89' lang='lat' dir='ltr'><strong>hoc</strong></span> <span class='ocrx_word' id='word_1_194' title='bbox 840 2672 915 2762; x_wconf 83' lang='lat' dir='ltr'><strong>jure</strong></span> <span class='ocrx_word' id='word_1_195' title='bbox 944 2677 1123 2761; x_wconf 88' lang='lat' dir='ltr'><strong>communi,</strong></span> <span class='ocrx_word' id='word_1_196' title='bbox 1142 2696 1220 2742; x_wconf 89' lang='lat' dir='ltr'><strong>vera</strong></span> <span class='ocrx_word' id='word_1_197' title='bbox 1243 2675 1424 2766; x_wconf 89' lang='lat' dir='ltr'><strong>reperitur,</strong></span> 
     </span>
     <span class='ocr_line' id='line_1_23' title="bbox 280 2778 1429 2873; baseline -0.002 -21"><span class='ocrx_word' id='word_1_198' title='bbox 280 2787 375 2852; x_wconf 91' lang='lat' dir='ltr'><strong>etiam</strong></span> <span class='ocrx_word' id='word_1_199' title='bbox 390 2781 497 2873; x_wconf 89' lang='lat' dir='ltr'><strong>quoad</strong></span> <span class='ocrx_word' id='word_1_200' title='bbox 512 2800 680 2869; x_wconf 88' lang='lat' dir='ltr'><strong>processus</strong></span> <span class='ocrx_word' id='word_1_201' title='bbox 694 2778 890 2867; x_wconf 89' lang='lat' dir='ltr'><strong>criminales,</strong></span> <span class='ocrx_word' id='word_1_202' title='bbox 907 2780 946 2847; x_wconf 92' lang='lat' dir='ltr'><strong>de</strong></span> <span class='ocrx_word' id='word_1_203' title='bbox 974 2779 1039 2847; x_wconf 89' lang='lat' dir='ltr'><strong>litis</strong></span> <span class='ocrx_word' id='word_1_204' title='bbox 1054 2782 1295 2849; x_wconf 87' lang='lat' dir='ltr'><strong>contestationis</strong></span> <span class='ocrx_word' id='word_1_205' title='bbox 1310 2802 1429 2849; x_wconf 87' lang='lat' dir='ltr'><strong>neces·</strong></span> 
     </span>
     <span class='ocr_line' id='line_1_24' title="bbox 280 2885 1515 2979; baseline -0.002 -22"><span class='ocrx_word' id='word_1_206' title='bbox 280 2893 371 2957; x_wconf 88' lang='lat' dir='ltr'><strong>sitate</strong></span> <span class='ocrx_word' id='word_1_207' title='bbox 386 2886 547 2979; x_wconf 83' lang='lat' dir='ltr'><strong>generalis</strong></span> <span class='ocrx_word' id='word_1_208' title='bbox 569 2885 695 2974; x_wconf 80' lang='lat' dir='ltr'><strong>regula.</strong></span> <span class='ocrx_word' id='word_1_209' title='bbox 714 2885 829 2954; x_wconf 86' lang='lat' dir='ltr'><strong>Postea</strong></span> <span class='ocrx_word' id='word_1_210' title='bbox 854 2908 944 2973; x_wconf 88' lang='lat' dir='ltr'><strong>vero,</strong></span> <span class='ocrx_word' id='word_1_211' title='bbox 975 2909 995 2953; x_wconf 98' lang='lat' dir='ltr'><strong>a</strong></span> <span class='ocrx_word' id='word_1_212' title='bbox 1024 2886 1224 2979; x_wconf 86' lang='lat' dir='ltr'><strong>temporibus</strong></span> <span class='ocrx_word' id='word_1_213' title='bbox 1237 2889 1428 2978; x_wconf 72' lang='lat' dir='ltr'><strong>praesertim</strong></span> <span class='ocrx_word' id='word_1_214' title='bbox 1514 2890 1515 2969; x_wconf 63' lang='grc' dir='ltr'>ξ</span> 
     </span>
     <span class='ocr_line' id='line_1_25' title="bbox 279 2992 1515 3085; baseline -0.001 -19"><span class='ocrx_word' id='word_1_215' title='bbox 279 2996 458 3066; x_wconf 88' lang='lat' dir='ltr'><strong>Innocentii</strong></span> <span class='ocrx_word' id='word_1_216' title='bbox 472 2995 530 3080; x_wconf 90' lang='grc' dir='ltr'><strong>ΠΙ,</strong></span> <span class='ocrx_word' id='word_1_217' title='bbox 546 2992 680 3061; x_wconf 90' lang='lat' dir='ltr'><strong>inducta</strong></span> <span class='ocrx_word' id='word_1_218' title='bbox 693 3002 742 3061; x_wconf 89' lang='lat' dir='ltr'><strong>est</strong></span> <span class='ocrx_word' id='word_1_219' title='bbox 756 2994 889 3084; x_wconf 89' lang='lat' dir='ltr'><strong>insuper</strong></span> <span class='ocrx_word' id='word_1_220' title='bbox 905 2994 1120 3085; x_wconf 70' lang='lat' dir='ltr'><strong>acquisitionis</strong></span> <span class='ocrx_word' id='word_1_221' title='bbox 1141 2995 1207 3061; x_wconf 83' lang='lat' dir='ltr'><strong>uia.</strong></span> <span class='ocrx_word' id='word_1_222' title='bbox 1231 2995 1270 3061; x_wconf 92' lang='lat' dir='ltr'><strong>ln</strong></span> <span class='ocrx_word' id='word_1_223' title='bbox 1283 2993 1344 3062; x_wconf 90' lang='lat' dir='ltr'><strong>hac</strong></span> <span class='ocrx_word' id='word_1_224' title='bbox 1358 3016 1430 3061; x_wconf 88' lang='lat' dir='ltr'><strong>au·</strong></span> <span class='ocrx_word' id='word_1_225' title='bbox 1514 3052 1515 3065; x_wconf 42' lang='grc' dir='ltr'>ι</span> 
     </span>
     <span class='ocr_line' id='line_1_26' title="bbox 279 3100 1515 3191; baseline -0.004 -17"><span class='ocrx_word' id='word_1_226' title='bbox 279 3119 343 3174; x_wconf 92' lang='lat' dir='ltr'><strong>tem</strong></span> <span class='ocrx_word' id='word_1_227' title='bbox 362 3102 538 3171; x_wconf 88' lang='lat' dir='ltr'><strong>criminalis</strong></span> <span class='ocrx_word' id='word_1_228' title='bbox 561 3122 729 3191; x_wconf 86' lang='lat' dir='ltr'><strong>processus</strong></span> <span class='ocrx_word' id='word_1_229' title='bbox 752 3101 869 3186; x_wconf 79' lang='lat' dir='ltr'><strong>torma,</strong></span> <span class='ocrx_word' id='word_1_230' title='bbox 893 3102 953 3168; x_wconf 85' lang='lat' dir='ltr'><strong>etsi</strong></span> <span class='ocrx_word' id='word_1_231' title='bbox 977 3123 1036 3190; x_wconf 90' lang='lat' dir='ltr'><strong>pro</strong></span> <span class='ocrx_word' id='word_1_232' title='bbox 1061 3108 1167 3169; x_wconf 88' lang='lat' dir='ltr'><strong>actore</strong></span> <span class='ocrx_word' id='word_1_233' title='bbox 1180 3100 1427 3191; x_wconf 91' lang='lat' dir='ltr'><strong>quodammodo</strong></span> <span class='ocrx_word' id='word_1_234' title='bbox 1514 3124 1515 3127; x_wconf 45' lang='lat'>¹</span> 
     </span>
     <span class='ocr_line' id='line_1_27' title="bbox 282 3206 1428 3298; baseline -0.006 -18"><span class='ocrx_word' id='word_1_235' title='bbox 282 3210 532 3280; x_wconf 86' lang='lat' dir='ltr'><strong>habeaturfama</strong></span> <span class='ocrx_word' id='word_1_236' title='bbox 545 3206 686 3297; x_wconf 89' lang='lat' dir='ltr'><strong>publica,</strong></span> <span class='ocrx_word' id='word_1_237' title='bbox 697 3228 764 3297; x_wconf 92' lang='lat' dir='ltr'><strong>qua</strong></span> <span class='ocrx_word' id='word_1_238' title='bbox 776 3215 940 3296; x_wconf 75' lang='lat' dir='ltr'><strong>praeeunte</strong></span> <span class='ocrx_word' id='word_1_239' title='bbox 956 3227 1030 3274; x_wconf 90' lang='lat' dir='ltr'><strong>reus</strong></span> <span class='ocrx_word' id='word_1_240' title='bbox 1044 3207 1077 3273; x_wconf 91' lang='lat' dir='ltr'><strong>in</strong></span> <span class='ocrx_word' id='word_1_241' title='bbox 1092 3206 1254 3298; x_wconf 84' lang='lat' dir='ltr'><strong>judicium</strong></span> <span class='ocrx_word' id='word_1_242' title='bbox 1274 3215 1428 3293; x_wconf 89' lang='lat' dir='ltr'><strong>vocatur,</strong></span> 
     </span>
     <span class='ocr_line' id='line_1_28' title="bbox 281 3300 1515 3406; baseline -0.005 -19"><span class='ocrx_word' id='word_1_243' title='bbox 281 3320 369 3387; x_wconf 88' lang='lat' dir='ltr'><strong>deest</strong></span> <span class='ocrx_word' id='word_1_244' title='bbox 384 3329 491 3384; x_wconf 89' lang='lat' dir='ltr'><strong>tamen</strong></span> <span class='ocrx_word' id='word_1_245' title='bbox 507 3314 637 3406; x_wconf 90' lang='lat' dir='ltr'><strong>proprie</strong></span> <span class='ocrx_word' id='word_1_246' title='bbox 652 3314 759 3380; x_wconf 89' lang='lat' dir='ltr'><strong>dictus</strong></span> <span class='ocrx_word' id='word_1_247' title='bbox 774 3322 862 3380; x_wconf 89' lang='lat' dir='ltr'><strong>actor</strong></span> <span class='ocrx_word' id='word_1_248' title='bbox 877 3336 952 3381; x_wconf 92' lang='lat' dir='ltr'><strong>cum</strong></span> <span class='ocrx_word' id='word_1_249' title='bbox 968 3336 1033 3404; x_wconf 90' lang='lat' dir='ltr'><strong>qno</strong></span> <span class='ocrx_word' id='word_1_250' title='bbox 1053 3314 1121 3381; x_wconf 91' lang='lat' dir='ltr'><strong>litis</strong></span> <span class='ocrx_word' id='word_1_251' title='bbox 1141 3313 1329 3382; x_wconf 88' lang='lat' dir='ltr'><strong>contestatio</strong></span> <span class='ocrx_word' id='word_1_252' title='bbox 1351 3311 1431 3381; x_wconf 89' lang='lat' dir='ltr'><strong>fieri</strong></span> <span class='ocrx_word' id='word_1_253' title='bbox 1514 3300 1515 3389; x_wconf 50' lang='lat' dir='ltr'>f</span> 
     </span>
     <span class='ocr_line' id='line_1_29' title="bbox 282 3416 1515 3517; baseline -0.006 -24"><span class='ocrx_word' id='word_1_254' title='bbox 282 3425 393 3517; x_wconf 90' lang='lat' dir='ltr'><strong>possit.</strong></span> <span class='ocrx_word' id='word_1_255' title='bbox 410 3422 495 3491; x_wconf 83' lang='lat' dir='ltr'><strong>Hinc</strong></span> <span class='ocrx_word' id='word_1_256' title='bbox 509 3420 623 3488; x_wconf 89' lang='lat' dir='ltr'><strong>merito</strong></span> <span class='ocrx_word' id='word_1_257' title='bbox 637 3420 763 3487; x_wconf 87' lang='lat' dir='ltr'><strong>sublata</strong></span> <span class='ocrx_word' id='word_1_258' title='bbox 777 3420 995 3487; x_wconf 80' lang='lat' dir='ltr'><strong>contestandae</strong></span> <span class='ocrx_word' id='word_1_259' title='bbox 1011 3419 1079 3487; x_wconf 89' lang='lat' dir='ltr'><strong>litis</strong></span> <span class='ocrx_word' id='word_1_260' title='bbox 1096 3420 1281 3507; x_wconf 89' lang='lat' dir='ltr'><strong>necessitas,</strong></span> <span class='ocrx_word' id='word_1_261' title='bbox 1296 3427 1328 3487; x_wconf 92' lang='lat' dir='ltr'><strong>et</strong></span> <span class='ocrx_word' id='word_1_262' title='bbox 1341 3440 1431 3487; x_wconf 90' lang='lat' dir='ltr'><strong>con-</strong></span> <span class='ocrx_word' id='word_1_263' title='bbox 1514 3416 1515 3437; x_wconf 83' lang='lat'>³</span> 
     </span>
     <span class='ocr_line' id='line_1_30' title="bbox 280 3526 1432 3626; baseline -0.006 -24"><span class='ocrx_word' id='word_1_264' title='bbox 280 3541 450 3626; x_wconf 90' lang='lat' dir='ltr'><strong>sequenter</strong></span> <span class='ocrx_word' id='word_1_265' title='bbox 478 3530 575 3597; x_wconf 91' lang='lat' dir='ltr'><strong>etiam</strong></span> <span class='ocrx_word' id='word_1_266' title='bbox 603 3528 774 3596; x_wconf 88' lang='lat' dir='ltr'><strong>necessitas</strong></span> <span class='ocrx_word' id='word_1_267' title='bbox 789 3527 967 3618; x_wconf 90' lang='lat' dir='ltr'><strong>specialiter</strong></span> <span class='ocrx_word' id='word_1_268' title='bbox 982 3526 1024 3595; x_wconf 88' lang='lat' dir='ltr'><strong>ad</strong></span> <span class='ocrx_word' id='word_1_269' title='bbox 1040 3528 1101 3596; x_wconf 90' lang='lat' dir='ltr'><strong>hoc</strong></span> <span class='ocrx_word' id='word_1_270' title='bbox 1116 3526 1236 3595; x_wconf 91' lang='lat' dir='ltr'><strong>citandi</strong></span> <span class='ocrx_word' id='word_1_271' title='bbox 1264 3548 1370 3611; x_wconf 90' lang='lat' dir='ltr'><strong>reum,</strong></span> <span class='ocrx_word' id='word_1_272' title='bbox 1390 3536 1432 3595; x_wconf 89' lang='lat' dir='ltr'><strong>ut</strong></span> 
     </span>
     <span class='ocr_line' id='line_1_31' title="bbox 282 3633 1515 3726; baseline -0.002 -16"><span class='ocrx_word' id='word_1_273' title='bbox 282 3643 373 3710; x_wconf 90' lang='lat' dir='ltr'><strong>litem</strong></span> <span class='ocrx_word' id='word_1_274' title='bbox 391 3646 602 3721; x_wconf 89' lang='lat' dir='ltr'><strong>contestetur;</strong></span> <span class='ocrx_word' id='word_1_275' title='bbox 629 3634 724 3726; x_wconf 88' lang='lat' dir='ltr'><strong>eujus</strong></span> <span class='ocrx_word' id='word_1_276' title='bbox 743 3636 983 3704; x_wconf 85' lang='lat' dir='ltr'><strong>contestationis</strong></span> <span class='ocrx_word' id='word_1_277' title='bbox 1008 3636 1090 3723; x_wconf 90' lang='lat' dir='ltr'><strong>loco,</strong></span> <span class='ocrx_word' id='word_1_278' title='bbox 1113 3633 1260 3703; x_wconf 88' lang='lat' dir='ltr'><strong>sufficere</strong></span> <span class='ocrx_word' id='word_1_279' title='bbox 1285 3635 1431 3703; x_wconf 90' lang='lat' dir='ltr'><strong>interro·</strong></span> <span class='ocrx_word' id='word_1_280' title='bbox 1514 3654 1515 3707; x_wconf 82' lang='grc' dir='ltr'>ἶ</span> 
     </span>
     <span class='ocr_line' id='line_1_32' title="bbox 283 3741 1515 3839; baseline -0.006 -21"><span class='ocrx_word' id='word_1_281' title='bbox 283 3748 458 3839; x_wconf 83' lang='lat' dir='ltr'><strong>gatorium,</strong></span> <span class='ocrx_word' id='word_1_282' title='bbox 478 3767 535 3812; x_wconf 93' lang='lat' dir='ltr'><strong>seu</strong></span> <span class='ocrx_word' id='word_1_283' title='bbox 560 3743 775 3811; x_wconf 83' lang='lat' dir='ltr'><strong>constitutum</strong></span> <span class='ocrx_word' id='word_1_284' title='bbox 793 3744 840 3831; x_wconf 90' lang='lat' dir='ltr'><strong>(ut</strong></span> <span class='ocrx_word' id='word_1_285' title='bbox 856 3744 980 3831; x_wconf 88' lang='lat' dir='ltr'><strong>vocant)</strong></span> <span class='ocrx_word' id='word_1_286' title='bbox 999 3744 1059 3828; x_wconf 90' lang='lat' dir='ltr'><strong>rei,</strong></span> <span class='ocrx_word' id='word_1_287' title='bbox 1077 3743 1110 3810; x_wconf 93' lang='lat' dir='ltr'><strong>id</strong></span> <span class='ocrx_word' id='word_1_288' title='bbox 1131 3751 1191 3826; x_wconf 92' lang='lat' dir='ltr'><strong>est,</strong></span> <span class='ocrx_word' id='word_1_289' title='bbox 1209 3741 1429 3811; x_wconf 86' lang='lat' dir='ltr'><strong>examinantis</strong></span> <span class='ocrx_word' id='word_1_290' title='bbox 1514 3758 1515 3797; x_wconf 69' lang='lat'>3</span> 
     </span>
     <span class='ocr_line' id='line_1_33' title="bbox 281 3848 1515 3948; baseline -0.008 -22"><span class='ocrx_word' id='word_1_291' title='bbox 281 3857 401 3948; x_wconf 84' lang='lat' dir='ltr'><strong>judicis</strong></span> <span class='ocrx_word' id='word_1_292' title='bbox 413 3851 696 3941; x_wconf 80' lang='lat' dir='ltr'><strong>interrogationes,</strong></span> <span class='ocrx_word' id='word_1_293' title='bbox 714 3859 744 3918; x_wconf 93' lang='lat' dir='ltr'><strong>et</strong></span> <span class='ocrx_word' id='word_1_294' title='bbox 761 3852 809 3917; x_wconf 92' lang='lat' dir='ltr'><strong>rei</strong></span> <span class='ocrx_word' id='word_1_295' title='bbox 829 3850 874 3917; x_wconf 91' lang='lat' dir='ltr'><strong>sic</strong></span> <span class='ocrx_word' id='word_1_296' title='bbox 889 3850 1077 3938; x_wconf 81' lang='lat' dir='ltr'><strong>interrogati</strong></span> <span class='ocrx_word' id='word_1_297' title='bbox 1096 3848 1330 3938; x_wconf 89' lang='lat' dir='ltr'><strong>responsiones,</strong></span> <span class='ocrx_word' id='word_1_298' title='bbox 1350 3850 1430 3917; x_wconf 90' lang='lat' dir='ltr'><strong>ubi·</strong></span> <span class='ocrx_word' id='word_1_299' title='bbox 1514 3906 1515 3923; x_wconf 66' lang='grc'><strong>,</strong></span> 
     </span>
     <span class='ocr_line' id='line_1_34' title="bbox 284 3963 1515 4055; baseline -0.005 -22"><span class='ocrx_word' id='word_1_300' title='bbox 284 3988 347 4055; x_wconf 89' lang='lat' dir='ltr'><strong>que</strong></span> <span class='ocrx_word' id='word_1_301' title='bbox 361 3963 542 4031; x_wconf 90' lang='lat' dir='ltr'><strong>admissum</strong></span> <span class='ocrx_word' id='word_1_302' title='bbox 555 3968 614 4027; x_wconf 89' lang='lat' dir='ltr'><strong>cst.</strong></span> <span class='ocrx_word' id='word_1_303' title='bbox 1514 3964 1515 3967; x_wconf 73' lang='grc'>’</span> 
     </span>
    </p>
   </div>
   <div class='ocr_carea' id='block_1_3' title="bbox 329 4063 1515 4138">
    <p class='ocr_par' dir='ltr' id='par_1_4' title="bbox 329 4063 1515 4138">
     <span class='ocr_line' id='line_1_35' title="bbox 329 4063 1515 4138; baseline -0.008 0"><span class='ocrx_word' id='word_1_304' title='bbox 329 4072 412 4138; x_wconf 90' lang='lat' dir='ltr'><strong>llinc</strong></span> <span class='ocrx_word' id='word_1_305' title='bbox 436 4070 521 4137; x_wconf 86' lang='lat' dir='ltr'><strong>circa</strong></span> <span class='ocrx_word' id='word_1_306' title='bbox 548 4068 767 4133; x_wconf 87' lang='lat' dir='ltr'><strong>necessitatem</strong></span> <span class='ocrx_word' id='word_1_307' title='bbox 783 4064 1002 4134; x_wconf 75' lang='lat' dir='ltr'><strong>contestante</strong></span> <span class='ocrx_word' id='word_1_308' title='bbox 1019 4064 1084 4131; x_wconf 91' lang='lat' dir='ltr'><strong>litis</strong></span> <span class='ocrx_word' id='word_1_309' title='bbox 1101 4065 1135 4131; x_wconf 91' lang='lat' dir='ltr'><strong>in</strong></span> <span class='ocrx_word' id='word_1_310' title='bbox 1150 4063 1257 4131; x_wconf 91' lang='lat' dir='ltr'><strong>causis</strong></span> <span class='ocrx_word' id='word_1_311' title='bbox 1272 4063 1430 4132; x_wconf 88' lang='lat' dir='ltr'><strong>crimina·</strong></span> <span class='ocrx_word' id='word_1_312' title='bbox 1514 4066 1515 4129; x_wconf 81' lang='lat'><em>3</em></span> 
     </span>
    </p>
   </div>
   <div class='ocr_carea' id='block_1_4' title="bbox 284 4170 1429 4265">
    <p class='ocr_par' dir='ltr' id='par_1_5' title="bbox 284 4170 1429 4265">
     <span class='ocr_line' id='line_1_36' title="bbox 284 4170 1429 4265; baseline -0.006 -15"><span class='ocrx_word' id='word_1_313' title='bbox 284 4180 382 4264; x_wconf 92' lang='lat' dir='ltr'><strong>libus,</strong></span> <span class='ocrx_word' id='word_1_314' title='bbox 409 4178 537 4246; x_wconf 87' lang='lat' dir='ltr'><strong>videtur</strong></span> <span class='ocrx_word' id='word_1_315' title='bbox 564 4174 609 4241; x_wconf 91' lang='lat' dir='ltr'><strong>sic</strong></span> <span class='ocrx_word' id='word_1_316' title='bbox 636 4174 896 4265; x_wconf 87' lang='lat' dir='ltr'><strong>respondendum</strong></span> <span class='ocrx_word' id='word_1_317' title='bbox 931 4200 937 4238; x_wconf 92' lang='lat'>:</span> <span class='ocrx_word' id='word_1_318' title='bbox 971 4173 1078 4261; x_wconf 91' lang='lat' dir='ltr'><strong>siper</strong></span> <span class='ocrx_word' id='word_1_319' title='bbox 1106 4172 1190 4239; x_wconf 91' lang='lat' dir='ltr'><strong>viam</strong></span> <span class='ocrx_word' id='word_1_320' title='bbox 1213 4170 1429 4243; x_wconf 84' lang='lat' dir='ltr'><strong>accusationis</strong></span> 
     </span>
    </p>
   </div>
   <div class='ocr_carea' id='block_1_5' title="bbox 0 0 1536 4980">
    <p class='ocr_par' dir='ltr' id='par_1_6' title="bbox 0 0 1536 4980">
     <span class='ocr_line' id='line_1_37' title="bbox 0 0 1536 4980; baseline 0 0"><span class='ocrx_word' id='word_1_321' title='bbox 0 0 1536 4980; x_wconf 95' lang='lat' dir='ltr'><strong> </strong></span> 
     </span>
    </p>
   </div>
  </div>
 </body>
</html>
