3050 4984
535 522 609 567 retias
634 518 780 567 securint.
1163 502 1226 565 tls

83 640 348 709 constitutionem
371 640 537 710 Benedicti
562 644 610 709 Xl
616 644 641 707 V
665 642 773 709 lactem
800 664 866 708 nan
899 640 1017 708 babere
1041 642 1076 709 in
1102 642 1226 709 casibus

83 747 133 813 ita
155 749 249 815 certis
266 760 297 817 et
317 748 463 829 notorias,
486 761 524 816 nt
544 749 753 817 matrimonii
770 747 907 815 anilitas
928 748 1022 815 nulla
1035 749 1137 839 possit
1158 763 1227 817 ter-

83 854 300 945 piaersatione
321 857 431 925 celari.
452 860 480 923 A
503 856 603 923 Sacra
621 865 731 923 autem
751 854 1009 943 Congregationa
1033 877 1226 946 responsum

84 970 134 1027 est
154 962 313 1051 neqatioe,
336 975 367 1031 et
388 962 436 1031 ad
454 976 606 1031 mentem.
628 962 678 1029 Ex
700 985 767 1053 qua
791 960 999 1052 responsione
1019 968 1117 1053 patet,
1145 962 1227 1031 velle

84 1067 218 1137 Sacram
243 1070 538 1159 congregationem
562 1077 598 1137 ut
622 1066 833 1136 benedictina
861 1068 1049 1136 constitutio
1073 1075 1226 1158 tanquam

84 1174 291 1264 obligatoria,
311 1176 407 1245 etiam
430 1178 465 1244 in
488 1198 564 1244 casn
584 1176 721 1244 notoriae
741 1174 913 1259 nullitatis,
937 1174 1094 1241 habeatur
1114 1182 1145 1243 et
1169 1174 1229 1243 ob-

84 1292 246 1351 servetur.
265 1282 354 1352 Solet
373 1292 482 1351 maren
502 1281 669 1353 interdum
693 1281 883 1372 dispensare
903 1282 944 1349 ab
962 1279 1173 1349 observandis
1190 1281 1231 1349 iis

84 1388 185 1457 dicta
206 1389 306 1457 baua
322 1389 601 1481 dispositionibus,
618 1412 694 1480 quas
711 1388 824 1456 habita
839 1387 1154 1456 circumstantiarum
1172 1410 1230 1455 ra-

86 1496 188 1581 tione,
210 1496 403 1565 difficilioris
417 1497 623 1566 executionis
643 1496 766 1573 forent;
789 1504 886 1587 prout
901 1494 996 1563 etiam
1015 1495 1136 1563 factum
1152 1517 1230 1586 erga

85 1604 261 1693 praelatnm
281 1602 497 1671 Sunonensem
521 1602 713 1688 Praesulem,
730 1600 840 1671 addita
861 1602 1005 1670 clausula
1026 1611 1058 1669 et
1079 1602 1126 1671 ad
1139 1625 1228 1671 men-

87 1718 167 1773 tem.
196 1706 290 1775 Mens
312 1716 421 1777 autem
448 1708 557 1777 Sacra
583 1708 853 1797 Congregationis
874 1707 937 1775 luit
967 1708 1076 1799 (prout
1092 1709 1229 1779 relatum

85 1813 229 1904 reperio,
244 1838 311 1883 non
325 1815 457 1907 quidem
475 1816 509 1883 in
525 1825 612 1883 tomo
629 1816 785 1884 Thesauri
798 1816 875 1883 anni
891 1816 989 1901 1848,
1002 1815 1058 1882 sed
1075 1816 1108 1881 in
1123 1816 1230 1906 publi-

86 1921 214 1989 catione
242 1922 404 2013 periodica
432 1923 466 1991 la
495 1921 779 2014 Gemespondance
808 1920 847 1989 de
877 1924 987 2001 Rome,
1016 1922 1076 1989 sub
1101 1922 1230 1991 initium

89 2028 182 2115 (tomi
198 2031 228 2113 1,
242 2051 317 2120 pag.
335 2031 403 2117 ll),
418 2057 435 2095 ιι
448 2029 489 2097 de
504 2029 682 2097 demandar
696 2033 715 2095 a
728 2028 773 2095 Sa
790 2028 932 2096 Saintete
946 2050 992 2095 un
1011 2029 1129 2117 indult,
1146 2052 1229 2121 pour·

92 2158 111 2196 ι
133 2136 292 2203 autoriser
301 2136 531 2225 Mauseigncur
540 2119 744 2241 l’ldquwde
756 2134 1044 2202 Sonoratconlier
1053 2134 1084 2203 la
1095 2137 1231 2204 seconde

91 2264 110 2301 ιι
133 2252 282 2307 sentence
296 2240 462 2311 conforme
476 2247 496 2309 a
509 2263 555 2309 un
569 2242 702 2333 aveque
723 2241 843 2327 voisin,
860 2263 905 2309 vu
920 2239 1162 2328 l'eloignement
1184 2243 1230 2311 du

92 2372 112 2413 ιι
133 2346 390 2438 Metropolitum,
403 2370 447 2416 ou
462 2348 536 2416 bien
556 2347 596 2415 de
610 2372 644 2416 se
659 2350 807 2416 reserver
822 2355 904 2415 cette
918 2348 1055 2415 seconde
1069 2357 1229 2436 sentence,

93 2478 112 2517 ιι
135 2474 175 2519 en
192 2476 226 2520 se
245 2454 362 2521 faisant
382 2456 511 2523 assistet
532 2454 572 2523 de
595 2454 752 2547 quelques
768 2456 904 2544 pretres,
926 2454 983 2546 qni
1007 2454 1159 2523 u'auront
1172 2478 1230 2547 pas

92 2586 113 2623 ιι
135 2560 203 2648 pris
216 2568 288 2650 part
301 2566 322 2627 a
334 2561 365 2627 la
381 2562 540 2652 premiere
555 2569 715 2630 sentence.
734 2587 751 2623 n

134 2666 284 2735 Puncrnn
298 2666 341 2737 X.
354 2706 399 2719 -
409 2670 461 2735 An
474 2690 515 2736 ec
529 2667 736 2736 benedictina
748 2668 974 2737 constitutione
986 2681 1145 2761 sequatur
1153 2671 1233 2763 jam

88 2796 158 2841 non
169 2795 263 2863 posse
283 2796 397 2843 causas
411 2775 669 2843 matrimoniales
679 2797 741 2865 per
757 2776 905 2865 sormam
926 2776 1101 2843 summarii
1109 2776 1234 2867 judieii

88 2880 238 2972 capediri
245 2885 311 2946 t-
324 2886 352 2949 l.
365 2882 501 2951 Certum
510 2892 558 2949 ast
566 2904 679 2949 causas
688 2903 804 2949 omnes
814 2882 1067 2951 matrimoniales
1075 2885 1230 2973 potuisse,

88 2997 166 3055 ante
177 2988 387 3057 benedictum
402 2989 495 3074 XlV,
512 2989 694 3057 summarie
705 2986 864 3079 expediri.
879 2988 1011 3057 Constat
1026 3010 1068 3057 ex
1084 2990 1233 3059 Clemen-

89 3096 160 3163 tina
173 3094 420 3186 Dispendiosam
439 3095 486 3185 (2,
508 3095 548 3163 de
562 3095 722 3184 indiciis),
739 3096 773 3161 in
788 3118 854 3185 qna
867 3095 913 3162 sic
926 3093 1112 3163 decernitur
1129 3124 1137 3164 ε
1153 3100 1235 3165 Sta·

90 3203 216 3271 terimus
230 3215 268 3270 nt
282 3203 320 3269 in
341 3202 446 3270 canses
460 3224 558 3293 saper
578 3202 794 3282 electionibus,
812 3223 936 3269 necnon
950 3224 1047 3293 snper
1061 3206 1234 3271 matrimo-

90 3309 157 3377 niis
224 3308 358 3400 procedi
372 3309 480 3377 oaleat
497 3308 537 3377 de
551 3322 665 3377 catere
679 3308 870 3399 simpliciter
883 3321 914 3375 et
930 3308 969 3377 de
980 3309 1098 3399 plana,
1115 3333 1155 3379 ae
1167 3312 1236 3379 sine

89 3416 231 3505 strepitu
239 3414 364 3505 judieii
377 3428 408 3483 et
417 3416 543 3505 fipnra.
562 3416 641 3483 Haec
655 3425 762 3484 autern
780 3415 914 3483 facultas
927 3417 1105 3485 summarie
1119 3440 1235 3508 procc-

90 3522 196 3589 dendi
206 3523 241 3589 in
256 3522 455 3613 quibuslibet
469 3523 576 3590 causis
591 3522 900 3608 matrimonialibus,
914 3544 1120 3614 nequaqnam
1132 3524 1236 3593 fuerat

92 3638 169 3697 ante
185 3629 357 3720 praelatum
372 3628 568 3698 Pontificem
587 3629 726 3697 sublata.

140 3740 172 3803 2.
188 3735 253 3805 Sed
273 3758 378 3827 neque
400 3736 527 3804 sublata
548 3745 596 3803 est
617 3759 674 3827 per
696 3736 938 3805 benedictinam
961 3738 1234 3824 constitutionem,

92 3844 203 3935 quoad
218 3866 330 3911 causas
345 3843 458 3911 saltem
474 3844 510 3910 in
523 3842 696 3935 quibusda
712 3844 861 3911 nullitate
876 3852 934 3911 aut
946 3844 1108 3913 validitate
1123 3847 1236 3913 matri-

94 3952 199 4019 monii
213 3973 278 4019 non
289 3951 400 4039 agitor
420 3977 427 4016 :
444 3950 618 4041 siquidem,
632 3960 779 4040 utsupra
794 3951 925 4041 (puncto
939 3950 1026 4039 Vlll)
1041 3951 1234 4039 dictumest,

95 4057 334 4127 constitutionis
346 4058 482 4146 hujusce
494 4058 720 4147 dispositiones
730 4058 773 4124 ad
783 4079 895 4125 causas
904 4056 1061 4124 nullitatis
1076 4058 1237 4128 valorisvo

97 4164 382 4232 matrimoniorum
401 4165 657 4252 restringuntur.

144 4276 176 4343 3.
194 4273 231 4339 ln
246 4272 351 4338 causis
365 4279 475 4339 aretem
496 4271 657 4338 nullitatis
679 4272 730 4339 vel
747 4272 921 4341 validitatis
942 4272 1236 4369 matrimoniorum,
