3050 4984
316 428 377 494 stt
688 446 863 494 suscensus
887 447 925 492 os
948 445 1081 492 sunteas.

307 587 391 652 pore
417 569 596 632 uacationis
624 567 833 642 instituendi;
857 565 1060 648 coadjutores
1085 563 1259 627 rectoribus
1279 562 1445 644 parocbia-

314 675 396 738 lium
426 676 585 758 imperitis
612 684 644 738 et
674 676 812 754 infirmis
838 674 961 750 dandi,·
987 689 1102 735 causas
1135 688 1246 734 omnes
1273 669 1448 752 adseram

314 791 472 860 nostrum,
493 791 561 845 tam
582 783 708 862 dejure
722 800 824 866 quarn
844 799 885 844 ea
905 779 1134 843 consuetudine
1152 786 1330 860 spectantes
1344 787 1376 840 et
1385 797 1451 862 per-

314 889 458 966 tinentes,
477 890 607 951 etiamsi
626 889 758 951 baresis
774 891 848 964 sint,
868 885 1079 970 copuosceudi
1095 893 1127 948 et
1144 883 1331 958 decidendi·
1351 885 1451 948 edicto

313 1002 423 1058 nostra
450 995 646 1076 eaequendi;
673 1013 825 1058 censuras
853 992 1058 1076 fulminandi
1065 1011 1075 1066 ;
1104 990 1145 1054 ab
1170 989 1301 1068 ordine,
1330 990 1450 1072 officiis,

314 1101 596 1166 administratione
622 1111 653 1165 et
678 1103 852 1182 beneficiis,
878 1109 978 1184 prout
998 1100 1089 1181 juris
1114 1099 1192 1176 erit,
1219 1099 1451 1181 suspendendi,

310 1209 480 1292 privandi,
504 1208 701 1271 destituendi
719 1217 750 1271 et
770 1207 952 1290 deponendi
955 1225 968 1286 ;
988 1207 1168 1290 inquisitos,
1193 1207 1451 1272 excommunica·

314 1324 361 1379 tos
382 1335 403 1378 a
424 1333 557 1393 canone,
578 1332 748 1396 suspensos
766 1324 797 1379 et
811 1315 995 1378 interdictos
1008 1333 1029 1376 a
1042 1317 1133 1396 jure,
1150 1315 1184 1376 in
1204 1313 1335 1376 casibus
1358 1313 1452 1380 Nabis

311 1423 494 1504 permissis,
518 1421 725 1500 absoluendi,·
747 1439 863 1485 causas
892 1420 1077 1484 criminales
1099 1419 1328 1502 capnoscendi,
1350 1428 1383 1484 et
1402 1420 1452 1482 de·

314 1529 461 1605 cideudi,·
482 1527 652 1592 bracbium
670 1529 826 1592 saeculare
847 1527 1048 1610 implorandi
1051 1547 1062 1600 ;
1084 1528 1159 1608 pias
1180 1527 1365 1590 voluntates
1384 1545 1451 1589 eae·

314 1635 449 1719 petendi·
474 1638 508 1697 in
531 1637 686 1698 erectione
708 1643 739 1701 et
762 1634 955 1714 [undatione
982 1634 1206 1714 berniciorum
1232 1638 1319 1716 jura
1343 1643 1450 1717 patra

313 1749 411 1805 natm
439 1742 669 1822 fundatoribus
703 1742 894 1805 reservandi
899 1760 912 1822 ;
947 1744 981 1804 in
1015 1741 1264 1804 alienationibus
1299 1741 1450 1804 bonoram
1496 1741 1497 1832 J

316 1848 536 1914 Ecclesiantm
550 1858 581 1912 et
592 1848 736 1912 locorum
748 1851 882 1930 piorum
897 1848 944 1911 ad
952 1850 1098 1929 sormam
1110 1865 1281 1912 sacrorum
1294 1866 1450 1912 canonem

314 1957 540 2019 auctoritatem
560 1957 755 2037 prestandi,
776 1964 806 2019 et
827 1957 953 2020 decreta
976 1956 1202 2038 interponendi
1206 1976 1217 2030 ;
1238 1955 1366 2019 litteras
1387 1973 1449 2018 mo-

313 2063 481 2126 nitorialcs
494 2064 528 2125 in
540 2063 651 2144 [orma
665 2065 895 2143 significantes,
909 2081 970 2144 pro
984 2063 1078 2126 rebus
1092 2061 1280 2145 deperditis,
1296 2081 1355 2126 seu
1368 2063 1450 2143 puto

314 2170 496 2246 subtractis,
514 2173 617 2252 juata
628 2170 773 2251 sormam
791 2171 892 2252 juris,
911 2179 941 2232 et
960 2169 1082 2232 bullam
1100 2171 1205 2232 sancti
1221 2169 1274 2231 Pii
1304 2169 1331 2232 V
1347 2187 1450 2233 conse-
1496 2193 1497 2250 t

315 2278 432 2356 dendi;
445 2277 591 2340 ecclesias
604 2295 725 2354 omnes,
746 2277 815 2340 loca
831 2277 890 2358 pia
908 2278 1007 2339 etiam
1026 2284 1186 2356 exempta,
1209 2283 1239 2338 et
1257 2276 1451 2339 monasteria
1496 2251 1497 2290 ¹

314 2385 508 2448 monialium
540 2383 715 2458 visitandi3
745 2383 870 2447 litteras
892 2384 1084 2465 apostolicas
1106 2383 1205 2450 Nobis
1233 2399 1291 2445 seu
1333 2381 1450 2446 Vicario

314 2499 423 2554 nostro
455 2490 592 2554 directas
624 2498 654 2553 et
686 2489 874 2572 diripendcs
904 2490 1089 2571 aperiendi,
1118 2497 1150 2552 et
1182 2489 1262 2570 (nisi
1293 2490 1451 2552 indistria
1496 2491 1497 2564 i

312 2617 458 2680 personae
483 2597 635 2678 leipatur)
663 2597 857 2679 eaequendi;
880 2597 1185 2679 jurisdictionem'
1171 2615 1206 2658 m
1232 2597 1404 2676 repuleres
1425 2601 1497 2657 et

316 2713 489 2786 coemptos,
508 2704 554 2766 ad
568 2703 714 2784 sannam
731 2705 821 2768 sacri
836 2703 939 2766 concil
939 2705 964 2764 ii
986 2701 1174 2781 Tridentini,
1190 2705 1449 2766 constitutionum
1496 2737 1497 2804 t

314 2810 576 2893 apostolc'cantm,
591 2810 834 2874 etdecretorum
852 2809 963 2875 Sacrae
980 2811 1250 2892 Conprepationis
1268 2810 1449 2884 exercendi·

313 2923 554 3002 juramentum,
577 2919 624 2980 ad
640 2917 789 2998 effectum
810 2925 937 2980 tantum
957 2917 1092 2998 apercdi,
1117 2925 1148 2980 et
1169 2917 1351 2982 dummodo
1365 2919 1448 2980 abso·
1496 2985 1497 2998 χ

315 3026 469 3089 lutionem
500 3031 641 3106 petentes
663 3025 796 3106 perJuri
821 3043 887 3088 non
912 3025 993 3100 sint,
1022 3024 1216 3104 releuandi;
1244 3026 1449 3106 confessarios
1496 3035 1497 3082 ;

316 3142 385 3197 tum
409 3132 578 3195 saculares
600 3141 670 3195 tum
693 3131 859 3212 repuleras
873 3131 949 3211 (non
973 3139 1081 3194 tamen
1100 3131 1310 3213 monialium)
1334 3133 1439 3196 ercam'

314 3241 433 3317 naudi,
459 3239 560 3303 etad
585 3237 960 3330 tempuslapprabandu
986 3245 1017 3300 et
1038 3238 1230 3319 facultatem
1255 3243 1302 3301 eis
1331 3256 1447 3304 conces·

314 3365 387 3410 sam
404 3365 445 3409 cn
462 3364 561 3409 eausa
581 3345 773 3423 renuardi,
786 3343 984 3407 voluntatem
1003 3345 1190 3427 puellarum
1210 3345 1362 3410 habitum
1382 3346 1447 3409 reli·

315 3454 422 3537 pionis
441 3454 601 3534 suscipere
620 3455 688 3515 siae
708 3452 855 3533 profiteri
870 3452 1049 3516 volentium
1072 3453 1184 3534 (Nobis
1208 3453 1376 3534 impeditis
1399 3459 1448 3515 aut

315 3561 509 3641 absentibus)
536 3559 747 3642 explorandi,
776 3557 920 3622 licentias
944 3577 1005 3640 pro
1032 3561 1179 3640 inpressu
1206 3562 1241 3622 in
1267 3560 1448 3624 clausuram

316 3666 522 3744 monialium,
543 3684 604 3748 pro
629 3665 723 3728 rebus
750 3673 878 3728 tanmm
904 3667 1104 3743 necessariis,
1131 3665 1331 3748 officialibus,
1359 3667 1449 3744 artifi-

316 3775 416 3852 cibus,
432 3781 464 3836 ct
484 3772 604 3836 colonis
625 3771 828 3835 concedendi.
851 3773 993 3837 Sacram
1012 3771 1241 3854 supellectilem
1259 3773 1393 3858 aliaque
1410 3777 1448 3837 in·

316 3883 473 3945 dumento
493 3879 719 3955 ecclesiastica,
741 3879 776 3940 in
797 3878 914 3961 auibus
934 3897 1028 3943 sacra
1055 3881 1164 3943 unctio
1190 3899 1255 3944 non
1284 3881 1448 3946 abutatur

318 3992 490 4072 (quantum
510 3987 558 4049 ad
567 4002 626 4048 nos
646 3986 778 4068 spectat)
801 3985 1026 4061 benedicendi3
1043 4005 1146 4052 uncum
1165 3987 1218 4052 ael
1233 3988 1347 4069 plures
1368 3992 1445 4052 aioa-

317 4097 396 4172 rios,
409 4093 509 4162 Nobis
521 4093 714 4165 absentibus
731 4093 766 4154 in
780 4111 857 4156 casu
869 4094 1009 4176 alicujus
1024 4097 1232 4173 necessitatis,
1249 4113 1326 4160 cum
1344 4096 1445 4161 eadem

318 4202 371 4266 vel
389 4201 512 4266 minori
529 4201 720 4264 auctoritate
734 4201 865 4264 nomiae
886 4209 995 4266 nostro
1016 4202 1063 4266 ad
1078 4211 1203 4286 tempus
1223 4201 1446 4286 substituendi,
