3050 4984
288 507 349 569 tao
657 524 832 571 raucrrrus
856 524 894 570 oa
915 524 1050 570 runicus.

287 644 402 711 iisdem
419 645 561 713 textibus
578 645 683 713 solent
697 646 875 713 canonista
892 645 1026 731 inferre,
1042 666 1110 712 esse
1124 641 1355 729 concedendos,
1372 643 1431 709 vel

286 750 397 818 decem
416 750 484 819 dies
502 761 574 843 post
593 774 862 843 unamquamque
883 752 1081 839 citationem,
1107 750 1237 842 quando
1257 759 1323 817 tres
1342 750 1430 817 cita-

285 858 388 924 tiones
416 858 624 947 adhibentur,
654 860 706 926 vel
730 858 865 947 triginta
887 859 958 926 dies
982 856 1113 950 quando
1134 856 1307 925 adhibetur
1330 854 1431 923 unica
1512 872 1513 923 ζ

284 973 438 1056 tanquam
454 967 683 1057 peremptoria.

332 1124 350 1164 ι
364 1100 408 1167 Ut
422 1121 501 1187 ergo
519 1100 574 1189 (ait
588 1098 893 1188 Schmalzgrueber‚
911 1100 945 1166 in
959 1100 1007 1166 tit.
1027 1103 1059 1185 3,
1077 1098 1153 1166 libri
1168 1099 1338 1182 2Decret.‚
1356 1097 1376 1188 ᾗ
1391 1102 1429 1185 2,

288 1234 305 1271 ιι
328 1230 362 1275 n.
391 1206 443 1295 ta)
466 1206 563 1274 unica
586 1206 660 1273 talis
684 1207 791 1274 citatio
816 1206 1046 1296 peremptoriae
1069 1204 1229 1273 citationis
1246 1204 1322 1295 jura
1341 1205 1432 1272 obti-
1513 1280 1514 1285 .

287 1340 304 1379 ιι
328 1323 414 1400 neat,
436 1314 501 1381 duo
520 1314 732 1404 requiruntur
749 1339 756 1379 :
771 1312 893 1404 primo,
917 1321 953 1380 ut
967 1312 1139 1403 adjiciatur
1152 1334 1304 1403 expresse
1319 1320 1432 1403 partes
1513 1302 1514 1311 ¹

285 1448 303 1487 ιι
325 1422 417 1487 citari
430 1420 663 1511 peremptorie,
686 1421 738 1489 vel
759 1429 943 1512 apponatur
961 1418 1185 1505 comminatio,
1202 1420 1230 1485 si
1250 1419 1339 1487 citati
1359 1442 1431 1487 non

287 1554 303 1591 ιι
327 1527 582 1617 comparuerint,
596 1526 741 1617 judicem
761 1526 976 1595 nibilominus
994 1524 1035 1592 ad
1059 1525 1278 1613 cognitionem
1296 1546 1432 1617 protes-

287 1660 303 1697 ιι
326 1655 441 1699 surum
462 1642 493 1698 et
510 1634 811 1723 pronuntiaturum.
830 1630 994 1713 Secundo,
1012 1640 1049 1699 ut
1064 1632 1225 1699 contiueat
1238 1631 1431 1720 legitimum
1514 1690 1515 1727 3

286 1766 302 1803 ιι
326 1749 468 1828 tempus,
499 1760 556 1805 seu
579 1747 707 1806 tautum
730 1746 891 1829 quantum
915 1737 1095 1827 requiritur
1117 1739 1157 1805 ad
1178 1746 1243 1805 tres
1262 1737 1431 1829 simplices

286 1874 302 1909 ιι
326 1845 534 1912 successivas.
559 1845 715 1935 Adeoque
735 1844 916 1936 antiquitus
934 1844 1068 1912 concedi
1089 1844 1249 1912 debebant
1275 1848 1314 1911 30
1336 1844 1429 1931 dies,

287 1981 303 2016 ιι
328 1976 406 2020 uam
432 1953 565 2021 totidem
592 1951 850 2020 concedebantur
879 1974 936 2043 per
964 1962 1029 2020 tres
1056 1952 1220 2043 simplices
1246 1952 1430 2039 citationes,

287 2088 304 2123 ιι
327 2068 438 2150 utpote
454 2082 596 2150 quarum
611 2059 756 2150 qualibet
771 2058 1030 2127 concedebantur
1045 2064 1098 2126 to.
1118 2086 1134 2123 »

329 2198 359 2260 3.
377 2194 513 2260 Certum
527 2202 639 2261 tamen
655 2204 703 2261 est
721 2193 846 2261 dictum
863 2194 1044 2262 terminum
1061 2194 1157 2261 citato
1168 2192 1428 2281 assignandum,

284 2302 409 2369 variare
427 2322 533 2391 posse,
553 2321 613 2391 pro
632 2300 732 2367 variis
751 2302 921 2369 curiarum
942 2300 1231 2369 ecclesiasticarum
1251 2308 1432 2369 cousuetu-

283 2409 425 2475 dinibus.
449 2407 535 2475 Nam
557 2407 731 2498 praelatum
755 2408 914 2498 temporis
937 2407 1148 2476 intervallum
1171 2429 1238 2475 non
1258 2417 1307 2475 est
1321 2430 1339 2474 a
1352 2408 1431 2498 jure

283 2514 434 2599 naturali,
460 2513 516 2581 sed
529 2537 550 2581 a
562 2514 701 2604 positivo
717 2514 891 2582 dumtaxat
905 2514 1159 2584 determinatum
1182 2542 1189 2581 :
1207 2514 1340 2582 undeet
1356 2514 1431 2581 dari

283 2631 388 2713 potest
409 2622 554 2709 legitima
575 2621 610 2686 in
632 2621 831 2688 contrarium
857 2622 1066 2691 cousuetudo.
1094 2622 1130 2690 ld
1152 2630 1261 2689 tamen
1283 2643 1428 2711 semper,

282 2752 323 2797 ex
336 2728 411 2819 jure
431 2730 503 2818 ipso
519 2726 672 2812 naturali,
689 2728 911 2795 necessarium
934 2729 1008 2812 erit,
1025 2739 1062 2796 ut
1081 2730 1268 2797 conveniens
1284 2742 1427 2819 tempos,

284 2837 392 2902 habita
408 2835 532 2901 ratione
544 2834 879 2920 circumstantiarum,
897 2835 1102 2903 coucedatur.

327 2970 471 3051 Qunsrro
496 2972 542 3053 4³.
570 3006 614 3018 -
643 2969 692 3035 Aa
719 2967 833 3035 acatio
862 2969 911 3037 rei
938 2969 980 3036 sit
1009 2991 1135 3060 semper
1162 2970 1365 3039 necessaria?
1384 3010 1430 3025 -

288 3104 305 3141 ιι
327 3079 375 3145 lta
390 3076 569 3145 necessaria
583 3084 631 3142 est
646 3076 753 3165 quoad
777 3077 957 3161 absentem,
974 3086 1010 3143 ut
1030 3076 1216 3145 nullatenus
1231 3078 1340 3146 omitti
1360 3081 1431 3171 (per

288 3212 305 3250 ιι
328 3208 361 3250 se
377 3183 549 3275 loquendo)
566 3183 684 3273 possit;
703 3190 747 3269 et,
764 3183 793 3249 si
807 3183 988 3269 omittatur,
1006 3182 1115 3250 omnis
1129 3182 1212 3251 alius
1232 3192 1322 3253 actus
1332 3185 1431 3275 judi-

286 3320 303 3357 ι
325 3292 416 3358 cialis
438 3290 507 3381 ipso
518 3291 593 3381 jure
615 3292 727 3358 irritus
747 3297 780 3357 et
797 3290 907 3358 nullus
922 3300 980 3357 est.
1004 3292 1219 3383 Advertitque
1238 3292 1359 3381 Gonig,
1387 3317 1429 3362 ne

290 3428 306 3465 ιι
328 3399 463 3490 quidem
484 3398 665 3465 Summum
690 3397 880 3465 Pontificem
897 3421 938 3465 ex
957 3398 1157 3488 plenitudiue
1174 3400 1338 3490 potestatis
1353 3423 1430 3467 eam

289 3534 304 3570 ι
328 3527 422 3598 posse
437 3506 599 3586 omittere,
616 3515 647 3571 ct
661 3503 739 3571 dare
754 3506 947 3571 sententiam
961 3505 1107 3593 partibus
1120 3506 1315 3573 naucitatis.
1332 3505 1431 3575 Ratio

289 3644 305 3681 ι
329 3623 388 3699 est,
405 3611 482 3703 quia
495 3633 572 3678 curn
586 3610 626 3677 ad
645 3610 867 3679 defensionem
883 3620 1014 3702 spectet,
1028 3612 1111 3701 juris
1126 3622 1175 3679 est
1194 3612 1351 3681 naturalis
1372 3641 1378 3679 :
1398 3624 1433 3681 et

288 3750 306 3787 ιι
327 3720 420 3787 iniis
436 3718 696 3810 quaesuntjuris
717 3719 887 3805 naturalis,
911 3719 1011 3787 etiam
1027 3720 1152 3787 summi
1173 3720 1336 3811 principes
1353 3721 1435 3811 jure

291 3856 307 3893 ιι
330 3829 534 3920 privatorum
551 3836 733 3893 censentur.
753 3852 770 3889 a

335 3989 352 4028 ιι
374 3961 450 4029 Dixi
476 3963 508 4027 1⁰
529 3981 587 4050 per
608 3981 641 4026 se
664 3959 866 4049 loquendo...
893 3960 978 4028 Nam
1000 3960 1109 4051 plures
1130 3984 1223 4029 casus
1246 3963 1435 4052 excipiendi

291 4098 308 4136 ι
331 4078 407 4137 sunt
424 4092 476 4153 ...;
500 4075 531 4133 et
547 4067 710 4156 praecipue
721 4066 845 4156 primo,
864 4068 892 4133 si
908 4066 1062 4135 delictum
1079 4068 1125 4136 rei
1142 4091 1244 4160 usque
1267 4068 1348 4136 adeo
1366 4092 1436 4139 no-

291 4206 309 4243 ιι
331 4178 452 4244 [orium
469 4174 563 4261 foret,
587 4182 623 4240 ut
638 4172 759 4259 eidem,
782 4173 957 4264 nequidem
977 4174 1016 4241 ad
1038 4176 1278 4243 extenuandam
1296 4177 1434 4268 culpam

293 4293 386 4350 caut
402 4305 545 4374 poeriaru,
560 4280 707 4370 exceptio
723 4280 774 4347 vel
800 4281 943 4348 defensio
968 4291 1188 4372 superesset...
1219 4284 1382 4366 Secundo,
1405 4288 1436 4355 si
