3050 4984
264 496 324 560 168
637 517 814 564 rasurarus
837 518 875 563 on
897 517 1030 564 runicus.

262 635 355 704 citari
369 634 456 723 tecit,
473 637 541 727 ipse
561 645 610 705 est
628 660 648 705 a
664 637 774 729 judice
792 636 952 706 citandus.
980 641 1011 704 3⁰
1035 636 1071 704 Si
1093 659 1197 727 neque
1218 642 1402 729 compareat
1519 632 1520 709 i

262 745 296 811 in
315 744 421 835 primo
441 753 472 811 et
491 745 633 813 secundo
653 746 793 814 termino
811 744 842 814 ei
859 745 1039 835 assignato,
1060 744 1126 813 duo
1145 745 1271 832 agenda
1291 757 1368 813 suut
1391 773 1398 813 :

257 852 380 941 primo,
398 852 603 920 damnandus
615 861 663 919 est
678 851 717 920 ad
734 850 906 920 solvendas
921 873 977 919 reo
992 872 1149 943 expensas
1169 878 1176 919 :
1197 850 1348 934 secundo,
1374 854 1403 921 si

260 966 370 1050 postea
385 959 419 1026 in
436 959 530 1027 tertio
544 959 684 1027 termino
700 980 769 1027 sese
785 958 886 1042 sistat,
904 967 936 1025 et
951 966 1039 1049 petat
1055 958 1174 1026 iterum
1187 959 1278 1027 citari
1292 980 1401 1044 reum,

260 1088 325 1134 nou
338 1075 386 1134 ost
398 1065 593 1152 audiendus,
614 1066 676 1134 nisi
689 1065 744 1133 det
758 1066 954 1150 cautionem,
970 1064 1058 1155 quod
1072 1065 1108 1132 in
1124 1065 1264 1134 termino
1281 1072 1403 1134 statuto
1520 1078 1521 1121 t

259 1172 395 1261 parebit.
415 1176 447 1238 4⁰
463 1170 557 1253 Quod
576 1173 604 1239 si
624 1174 784 1263 usquein
805 1172 945 1240 termino
966 1172 1183 1263 peremptorio
1203 1180 1402 1263 compareat,

259 1286 290 1345 ot
305 1279 466 1345 nesciatur
488 1278 546 1347 ubi
568 1279 620 1365 sit,
634 1288 711 1347 tunc
734 1287 924 1369 procurator
944 1278 1028 1370 ejus,
1050 1280 1077 1345 ai
1098 1300 1196 1369 quem
1213 1278 1402 1368 reliquerit,

258 1384 349 1452 citari
366 1384 461 1452 debet
476 1385 584 1472 (modo
597 1406 693 1454 causa
707 1406 764 1476 per
779 1393 1021 1476 procuratorem
1033 1384 1087 1472 agi
1098 1385 1210 1475 possit)
1229 1384 1306 1475 :qui
1321 1406 1403 1476 pro·

260 1501 390 1559 curator
413 1492 440 1558 si
463 1501 665 1582 compareat,
689 1514 763 1559 cum
786 1514 823 1559 eo
846 1492 937 1559 litem
961 1513 1053 1559 suam
1077 1500 1289 1582 prosequetur
1311 1513 1402 1559 reus.
1521 1512 1522 1515 ’

260 1600 297 1668 Si
313 1621 418 1687 neque
433 1600 461 1665 is
475 1600 511 1665 in
523 1598 684 1689 judicium
698 1598 821 1685 veniat,
837 1607 894 1666 sut
912 1606 1000 1665 actor
1014 1597 1142 1666 nullum
1159 1607 1405 1690 procuratorem
1521 1626 1522 1633 ¹

259 1704 405 1794 reliquit,
436 1704 542 1772 adhuc
568 1704 674 1772 tribus
700 1703 826 1771 vicibus
853 1726 912 1793 per
940 1704 1026 1771 trina
1055 1704 1182 1771 dierum
1212 1703 1322 1772 decem
1347 1705 1407 1773 in·

258 1811 394 1879 tervalla
413 1811 518 1879 dictus
537 1820 626 1879 actor
644 1811 793 1878 citandus
813 1822 871 1878 est.
896 1810 1043 1879 Tandem
1065 1812 1092 1878 si
1111 1833 1215 1902 usque
1236 1824 1314 1879 tuuc
1327 1820 1405 1879 aute

260 1918 405 2007 elapsum
423 1916 599 1983 terminum
614 1916 870 2007 peremptorium
885 1925 1080 2006 compareat,
1097 1915 1200 2006 judex
1213 1916 1328 1984 audire
1343 1916 1405 1984 de-

259 2024 313 2092 het
328 2032 421 2090 testes
435 2036 467 2089 et
478 2022 684 2113 probationes
701 2023 759 2109 rei,
775 2031 807 2089 et
818 2023 913 2113 juxta
926 2022 1062 2112 probata
1075 2023 1267 2089 senteutiam
1282 2021 1405 2090 delini-
1522 1998 1523 2059 l

261 2132 361 2197 tivam
376 2130 599 2219 pronuntiare.
612 2129 748 2197 Gurahit
762 2137 871 2196 tameo
883 2137 919 2196 ut
930 2151 988 2219 per
1003 2150 1049 2216 se,
1064 2128 1117 2196 vel
1130 2150 1188 2220 per
1204 2129 1344 2219 aliquem
1359 2130 1404 2197 ad

259 2237 294 2305 id
319 2260 360 2305 ex
385 2236 489 2305 officio
516 2235 724 2328 deputatum,
749 2258 788 2303 ea
813 2258 878 2303 non
904 2236 1112 2323 negligantur
1137 2258 1212 2325 quae
1237 2236 1343 2303 forent
1367 2238 1404 2304 in

260 2346 406 2413 lavorern
436 2344 553 2412 actoris
584 2343 746 2427 absentis,
780 2350 816 2410 ut
848 2342 892 2409 sio
923 2342 1043 2410 veritas
1072 2341 1187 2411 melius
1214 2342 1275 2433 ipsi
1307 2344 1405 2411 inno-

260 2461 368 2519 tescat.

303 2558 439 2627 Notetur
463 2565 571 2625 autem
594 2558 652 2624 has
675 2555 760 2648 juris
783 2555 866 2623 sacri
887 2555 1111 2647 dispositiones
1135 2556 1169 2623 in
1192 2556 1360 2625 nonnullis
1384 2582 1405 2625 a
1523 2544 1524 2557 ³

255 2668 330 2756 jure
349 2666 549 2734 iustinianeo
571 2663 730 2732 recedere.
755 2662 851 2744 Quod
873 2665 1047 2732 discrimen
1075 2664 1108 2730 in
1134 2686 1199 2753 quo
1221 2674 1299 2749 stet,
1326 2662 1405 2732 vido

259 2773 345 2864 apud
362 2771 653 2859 Schinalzgrueber
672 2771 716 2860 (in
734 2773 782 2837 tit.
806 2770 952 2855 ΝΛΜ
969 2771 1143 2856 aberret,
1162 2791 1196 2837 n.
1216 2770 1282 2861 48).

304 2880 447 2960 Oursuo
468 2884 513 2944 θ’.
531 2917 576 2929 -
592 2877 763 2961 Quomodo
779 2877 1019 2968 procedendum
1032 2878 1075 2945 sit
1089 2890 1202 2945 contro
1217 2900 1310 2947 reum
1325 2900 1407 2945 corr-

260 3000 434 3066 tnmacem,
452 2986 488 3052 in
501 3008 600 3052 causa
615 2985 802 3051 criminali?
816 3024 861 3036 -
880 2983 1072 3073 (Remissive
1091 2984 1132 3051 ad
1148 2984 1402 3075 formularium,

259 3094 381 3161 collect.
402 3097 434 3175 2,
452 3115 523 3184 cap.
542 3094 609 3182 23.)
632 3092 727 3161 Circa
746 3090 981 3159 contumaciam
1005 3090 1051 3158 rei
1072 3091 1106 3157 in
1130 3093 1235 3158 causis
1251 3092 1405 3159 civilibus

260 3201 321 3267 fori
345 3200 566 3282 ecclesiastici,
595 3199 696 3266 multa
719 3205 796 3265 sunt
820 3198 1042 3281 observanda;
1067 3220 1142 3287 quae
1168 3198 1219 3264 hic
1245 3199 1406 3267 omittun-

262 3315 332 3389 tur,
358 3328 431 3372 oum
463 3305 497 3371 in
524 3305 774 3396 praesentiarum
802 3302 842 3370 de
870 3303 1031 3371 criminali
1059 3326 1210 3395 processu
1238 3304 1405 3393 precipue

258 3434 411 3502 agamus3
429 3411 504 3479 licet
518 3410 676 3479 nonnulla
695 3409 873 3477 identidem
889 3419 920 3475 et
936 3408 975 3478 de
991 3410 1080 3477 civili
1098 3432 1250 3499 processu
1272 3432 1406 3478 memo-

260 3542 388 3603 remus,
415 3518 457 3585 ob
485 3518 694 3585 materiarum
720 3518 975 3603 connexionem,
1001 3526 1032 3583 et
1059 3540 1098 3583 ne
1121 3525 1242 3608 postea,
1272 3516 1312 3584 de
1339 3516 1407 3586 hoc

261 3625 430 3715 posteriori
447 3646 599 3714 processu
619 3624 764 3713 agendo,
785 3626 937 3714 quedam
961 3622 1119 3691 inutiliter
1138 3632 1282 3712 repetere
1303 3644 1407 3711 coga-

262 3754 348 3800 mur.

305 3838 448 3919 Quasrro
469 3840 515 3903 7⁸.
532 3875 576 3887 -
598 3836 767 3920 Quomodo
784 3834 1024 3926 procedmdum
1039 3834 1081 3901 sit
1096 3846 1211 3903 contro
1229 3848 1408 3905 contuma-

260 3968 308 4011 ces
321 3948 435 4012 testes?
450 3982 494 3994 -
513 3943 704 4032 (Remissive
719 3942 760 4010 ad
774 3941 1022 4032 formularium,
1041 3942 1162 4009 collect.
1185 3946 1218 4027 2,
1237 3963 1307 4032 cap.
1330 3946 1386 4010 16.
