3050 4984
293 507 354 572 538
663 519 841 568 maturus
863 521 901 566 ne
922 518 1055 568 runicus.

333 671 348 702 «
370 649 400 708 5.
420 645 643 727 Interroaatus
665 665 675 704 :
694 662 741 708 aa
762 643 845 708 sciat
864 643 918 708 oct
934 641 1100 708 audiverit
1116 641 1173 706 bas
1192 658 1258 706 esse
1279 639 1425 703 mimium
1499 637 1500 700 l

291 751 750 836 diffamant-Respondit...
1499 821 1500 834 ,

333 884 350 917 «
368 865 399 925 6.
420 860 645 943 Interropotus
667 877 763 943 :qua
783 858 947 924 occasione
968 857 1022 922 uel
1032 875 1053 922 a
1067 875 1132 940 quo
1150 863 1259 922 ortum
1277 854 1427 921 babuerit
1499 921 1500 932 ἶ

291 965 872 1049 darmatasamat-Respaudit...

333 1096 348 1134 a
362 1083 392 1141 7.
408 1076 632 1158 Interroqatus
649 1081 831 1158 :equanto
846 1082 988 1158 tempore
1000 1071 1088 1138 diota
1099 1073 1195 1153 furna
1205 1075 1282 1156 jam
1298 1071 1428 1156 uipeat?
1499 1065 1500 1116 l

290 1183 588 1266 -ttespondu...s
1499 1175 1500 1262 j

337 1291 455 1380 (Finito
473 1291 625 1359 examine
640 1290 734 1359 debet
748 1291 914 1359 actuarius
935 1287 1007 1356 testi
1021 1287 1188 1381 perlegere
1206 1287 1323 1356 fectum
1336 1309 1429 1356 sunm
1499 1273 1500 1306 l

289 1397 537 1491 depositionem,
558 1397 599 1466 ad
623 1397 685 1466 hoc
703 1405 740 1465 ut
761 1397 893 1483 addere,
917 1395 1066 1464 minuere
1086 1395 1139 1464 vel
1160 1403 1288 1464 mutere
1310 1394 1426 1462 valcat.
1499 1405 1500 1490 ζ

290 1505 331 1574 Et
352 1528 428 1574 casu
448 1528 514 1597 quo
533 1505 612 1598 quid
629 1513 788 1592 mutetur,
810 1503 845 1572 id
866 1502 981 1572 inserit
994 1503 1157 1572 actuarius
1172 1503 1207 1570 in
1230 1502 1320 1570 actis.
1350 1503 1431 1572 Dein
1499 1515 1500 1518 ’

290 1613 464 1705 perlectam
495 1613 729 1705 depositionem
758 1613 893 1705 jubetur
920 1611 1010 1680 testis
1038 1611 1252 1680 subscribere.
1288 1611 1430 1680 Etcum
1499 1701 1500 1704 Ἴ

291 1720 360 1788 haec
374 1719 543 1811 inquisitio
555 1720 596 1788 de
611 1720 699 1788 lama
715 1723 772 1787 liat
788 1726 915 1787 tantum
933 1739 993 1810 pro
1009 1715 1239 1785 informatione
1254 1717 1371 1801 curiae,
1386 1717 1431 1786 ei·

291 1825 365 1894 dem
379 1827 451 1894 testi
470 1824 659 1917 praecipitur
674 1825 841 1894 silentium
853 1825 938 1893 circa
949 1823 1182 1915 depositionem
1198 1823 1240 1890 ab
1262 1845 1300 1892 eo
1316 1823 1431 1892 metam

291 1933 326 2000 in
348 1932 410 2000 hoc
423 1932 585 2000 examine.
606 1933 737 2024 Deque
758 1932 879 2000 mentio
898 1930 999 2000 inseri
1019 1929 1113 1999 debet
1139 1929 1174 1996 in
1198 1929 1276 1998 actis
1299 1930 1362 1998 hoc
1380 1939 1435 1997 aut
1499 1929 1500 2012 l

292 2038 394 2108 simili
414 2037 523 2130 modo}
542 2066 551 2108 ι
571 2065 588 2104 u
609 2039 736 2123 Quibus
756 2037 890 2121 babilis,
909 2049 940 2106 et
959 2037 988 2106 si
1007 2050 1037 2105 et
1060 2038 1275 2129 inquantum
1298 2035 1339 2106 de
1356 2039 1434 2127 jure

293 2157 475 2239 acceptatis,
491 2155 538 2221 ad
549 2156 745 2220 mandatum
766 2157 844 2223 Rev.
866 2156 990 2221 Vicarii
1001 2154 1163 2237 pererratis
1176 2155 1303 2238 perleui
1318 2173 1435 2218 memo

292 2273 364 2330 rato
379 2267 452 2330 testi
463 2283 559 2328 suam
575 2263 820 2347 depositionem,
836 2265 891 2327 aui
907 2268 1021 2348 jussus
1036 2271 1082 2328 est
1095 2263 1307 2341 subscribere,
1322 2263 1433 2326 addito
1499 2269 1500 2351 t

291 2372 428 2453 samueli
445 2371 632 2436 obedientie
651 2379 812 2454 praecepto
830 2371 985 2435 seruandi
1001 2379 1158 2436 secretum
1172 2370 1212 2434 de
1229 2369 1381 2452 depositis
1402 2371 1434 2432 in
1499 2361 1500 2456 l

293 2480 352 2543 bac
368 2479 529 2542 examine.
545 2480 628 2544 Acta
640 2488 716 2543 sunt
728 2479 796 2543 baec
809 2478 861 2542 die
930 2497 1039 2543 measse
1108 2497 1194 2542 arena
1211 2525 1259 2558 ...,
1276 2477 1383 2542 ioca...
1398 2513 1434 2523 -
1499 2467 1500 2556 l

293 2585 368 2669 Epo
381 2587 437 2664 N.‚
452 2585 570 2669 iudea.
582 2585 705 2670 -Epo
719 2586 859 2651 lacobus
873 2587 929 2665 N,
946 2587 1171 2668 testis—Epo
1185 2585 1241 2664 N,
1256 2587 1435 2650 actuarius.

338 2694 452 2759 altem
469 2713 544 2758 nrm
559 2695 645 2759 diota
667 2694 719 2759 die
739 2695 971 2777 comparuisset
993 2693 1180 2759 Stonisiaus
1199 2695 1256 2774 N,
1276 2691 1361 2759 alter
1383 2701 1437 2756 tes·

297 2802 336 2865 tis
404 2801 582 2885 (etreliqua
595 2802 678 2867 sicut
690 2819 749 2884 pro
762 2802 862 2884 priori
878 2803 1015 2879 instet.»
1082 2863 1086 2872 ,
1499 2839 1500 2884 3

846 3001 887 3068 n·

591 3143 711 3194 Formule
723 3143 872 3195 declarandi
889 3147 1007 3196 constare
1019 3145 1052 3195 de
1067 3143 1142 3195 tama.

344 3299 379 3368 Si
391 3297 495 3390 judex
510 3305 664 3389 agnoscat
682 3298 878 3368 sufficienter
897 3308 1043 3368 constare
1062 3297 1102 3367 de
1118 3299 1216 3384 lame,
1233 3299 1269 3368 id
1289 3322 1441 3390 pronun-

299 3407 368 3490 tiet,
385 3407 449 3493 his,
466 3414 522 3476 aut
535 3406 696 3474 similibus
710 3405 819 3475 verbis
837 3434 845 3474 ι
872 3406 1093 3476 «iudicamus
1109 3413 1257 3474 constare
1280 3405 1321 3475 de
1341 3407 1438 3489 fama,

301 3522 331 3581 et
344 3514 495 3582 volumus
508 3520 620 3581 contra
635 3513 802 3582 Andream
815 3513 874 3598 N,
893 3521 1049 3604 tanquam
1070 3512 1288 3601 diffamatum,
1305 3510 1441 3582 ulterius

301 3629 398 3712 prout
411 3621 495 3712 juris
510 3619 695 3710 procedere.
712 3645 730 3685 s
748 3621 859 3712 Atque
873 3619 908 3688 id
922 3621 1087 3690 actuarius
1099 3620 1222 3688 inserat
1234 3620 1270 3687 in
1283 3627 1368 3706 aeta,
1385 3619 1442 3687 bac

302 3728 355 3796 vel
370 3727 469 3795 simili
485 3728 627 3797 lormula
643 3755 651 3796 ;

346 3863 599 3931 «consideratis
619 3865 837 3945 prefatorum
861 3864 990 3926 testium
1008 3860 1273 3944 depositionibus,
1294 3879 1441 3925 reueren-

304 3972 365 4036 dus
380 3971 434 4049 N„
449 3971 557 4053 judea
565 3973 797 4054 pronuntiavit
809 3978 955 4034 constare
970 3969 1009 4033 de
1029 3969 1135 4052 fama,
1150 3969 1359 4052 decrevitque
1372 3987 1439 4032 con-

306 4088 358 4142 tra
372 4077 540 4144 Andream
553 4079 609 4155 N„
622 4085 781 4162 tanquam
795 4077 1004 4161 diffamatum
1013 4077 1150 4142 ulterius
1157 4085 1259 4160 prout
1272 4078 1365 4161 juris
1375 4093 1441 4159 pra·

307 4185 428 4250 cedere.
443 4185 527 4251 Acta
545 4193 623 4251 sunt
638 4186 706 4252 bac
719 4185 812 4252 die...
827 4219 867 4233 -·-
877 4185 951 4268 Epo
966 4186 1022 4265 N,
1036 4185 1156 4272 judea.
1173 4219 1212 4234 -
1226 4183 1302 4267 Epo
1322 4183 1377 4266 N,
1391 4201 1438 4246 aa·

310 4293 448 4355 buarius.
465 4315 479 4351 n
