3050 4984
294 375 355 442 666
665 393 842 440 insereres
864 393 903 440 ou
922 393 1056 440 iooruis.

293 523 481 582 menoreta
493 517 657 580 sententie
678 516 875 598 injustitiam
888 515 928 596 (si
944 514 1050 578 nullos
1069 513 1146 577 velit
1166 511 1374 578 detonserios
1388 529 1438 573 ar-

293 624 407 690 tieulos
427 627 635 706 praesentare,
650 627 782 688 notetur
795 627 832 686 ut
852 621 1022 704 sequitur).
1037 621 1105 702 Qui
1116 620 1287 704 respondit
1298 637 1338 682 re
1360 617 1444 681 eiiii

293 731 411 796 kaim
422 731 610 796 addendum
625 733 667 794 iis
680 749 753 814 que
773 733 807 794 in
827 733 910 795 actis
930 731 1145 809 continenter,
1160 749 1203 793 er
1215 727 1341 812 quidm
1355 726 1440 808 suffi-

292 841 411 904 cienter
424 839 594 921 apparebit
608 839 703 904 dicta
716 840 881 903 sententia
894 839 1069 920 injustitia.
1095 837 1143 915 (ln
1167 855 1234 918 quo
1251 853 1338 899 casu
1364 833 1442 896 nihil

292 948 471 1012 remanebit
481 947 580 1030 Judici
604 946 798 1024 laciendum,
815 963 914 1027 quam
927 949 999 1008 acta
1010 943 1225 1026 processeratis
1235 945 1309 1024 jam
1331 942 1440 1005 trahite

293 1055 487 1138 perpendere
498 1059 530 1120 et
539 1055 733 1120 sententiam
744 1055 967 1137 pronuntiare.
980 1053 1102 1118 sivero
1113 1051 1437 1126 artiorlosexhibest,

293 1163 409 1225 scribet
421 1163 587 1226 actuarius
599 1163 659 1228 hoc
673 1163 771 1226 modo
786 1181 795 1224 ε
811 1165 820 1240 )
848 1161 915 1242 Qui
927 1162 1039 1225 stetim
1053 1161 1203 1225 chartam
1214 1160 1441 1241 defensoriam

290 1271 510 1351 presentavit,
528 1287 600 1352 quae
611 1271 725 1350 incipit
740 1317 788 1346 ...,
801 1278 832 1332 et
845 1266 963 1333 desinit
977 1317 1025 1348 ...,
1039 1269 1129 1334 etad
1138 1268 1344 1333 meritarum
1355 1287 1439 1332 rece

294 1375 389 1440 rendi
401 1377 443 1442 Ν.
464 1377 584 1440 Vicorii
596 1375 756 1458 peneralic
771 1377 806 1439 in
819 1383 894 1439 ecta
907 1377 1040 1440 redacto
1049 1386 1107 1456 est,
1121 1377 1250 1460 sipnato
1259 1395 1439 1440 numero...

295 1489 378 1548 Acta
391 1492 468 1548 sant
479 1484 546 1548 trec
558 1483 610 1548 die
677 1486 796 1550 mensis
862 1501 949 1546 anno
966 1465 1016 1564 ..ζ
1027 1486 1099 1550 in...
1114 1519 1154 1531 -
1176 1485 1251 1566 Epo
1271 1483 1336 1561 Ν.,
1362 1484 1441 1550 Vica-

293 1591 362 1654 rias
373 1590 545 1673 poneretis.
564 1627 604 1640 -
618 1593 691 1674 Epo
707 1595 762 1673 Ν.,
778 1599 960 1660 actuarius.
979 1619 995 1654 o

339 1743 454 1810 Postea
468 1742 537 1830 liat,
555 1743 651 1812 solita
662 1743 782 1834 forma,
799 1770 939 1816 examen
952 1769 1050 1839 super
1061 1745 1157 1815 novis
1167 1744 1318 1813 articulis
1328 1744 1376 1812 al>
1389 1766 1441 1834 ap

295 1850 434 1942 pellente
458 1851 650 1942 propositis3
675 1853 827 1924 audiatur
854 1861 1025 1947 promotor
1051 1853 1172 1921 fiscalis
1197 1873 1300 1943 super
1323 1852 1441 1920 eisdem

295 1955 460 2044 articulis;
479 1979 604 2026 necnon
629 1958 846 2049 defensione,
864 1961 1030 2052 replicatio
1045 1961 1115 2029 fisci
1135 1968 1168 2028 et
1184 1959 1369 2049 triplicatio
1383 1961 1440 2043 rei;

295 2071 327 2132 et
342 2062 533 2134 deveniatur
546 2065 587 2133 ad
603 2067 808 2138 sententiam.

717 2348 862 2418 CAPUT
885 2347 1018 2418 LXVII.

300 2543 403 2590 roem
433 2541 605 2589 SENTENTIAE
632 2539 874 2589 moruncurten
896 2544 916 2589 Δ
943 2542 1046 2589 tunice
1074 2544 1115 2588 An
1136 2541 1219 2596 Qum
1243 2543 1439 2589 erratum

837 2661 901 2707 est.

345 2837 445 2906 Note.
457 2873 501 2887 -
514 2831 552 2902 ln
564 2830 639 2926 jure
651 2834 806 2905 canonico
816 2834 922 2926 judex
936 2831 983 2904 ed
996 2859 1104 2928 quem,
1120 2837 1192 2928 ipso
1204 2835 1291 2905 iacto
1303 2836 1441 2928 appella-

302 2943 437 3012 tionisa
462 2943 620 3010 sententia
649 2942 829 3029 definitiva,
856 2941 964 3012 evadit
981 2943 1085 3035 judex
1106 2965 1213 3013 eausae
1234 2944 1440 3035 principalis3

302 3050 390 3120 unde
416 3049 573 3118 sententia
600 3049 670 3140 ejus
698 3048 794 3119 debet
821 3073 953 3118 causm
981 3051 1088 3141 ipsam
1117 3050 1338 3144 principalem
1369 3050 1443 3119 diri·

302 3179 403 3226 mere.
428 3155 667 3225 confundenda
691 3179 770 3246 ergo
793 3179 860 3226 uon
887 3166 935 3226 est
959 3158 1102 3228 conditio
1128 3158 1250 3249 judicis
1278 3159 1442 3227 ecclesias·

302 3265 358 3332 tici
383 3262 550 3356 adquam,
569 3286 645 3332 cum
675 3264 716 3332 iis
730 3263 895 3355 judicibus
921 3265 1145 3354 secularibus,
1166 3265 1224 3357 qui
1248 3264 1351 3334 hodie
1364 3266 1443 3356 apud
1496 3336 1498 3339 .

303 3367 479 3442 nonnullas
491 3371 643 3461 regiones
658 3368 808 3462 Judicant
821 3378 948 3442 tantum
964 3373 1004 3441 de
1019 3373 1223 3441 nullitatibus
1244 3373 1380 3455 formae,
1396 3372 1445 3440 sed
1496 3376 1498 3503 ἰ

305 3480 344 3548 de
371 3480 442 3571 ipsa
467 3502 564 3548 eausa
584 3479 754 3572 principali
777 3502 969 3570 cognoscere
993 3489 1169 3572 nequeunt.
1195 3480 1322 3549 Poterit
1340 3488 1445 3550 autem
1496 3508 1498 3621 1

302 3584 405 3678 judex
420 3586 651 3656 ecclesiasticus
666 3585 713 3656 ad
733 3610 829 3678 quem
846 3587 881 3654 in
903 3587 1037 3656 terenda
1050 3588 1209 3656 sententia
1223 3587 1273 3655 uti
1294 3587 1359 3655 hac
1383 3588 1444 3656 ior·
1496 3638 1498 3689 ἓ

308 3693 424 3764 mula:
754 3697 758 3708 ’
1496 3712 1498 3717 ’

353 3882 368 3915 o
391 3847 432 3912 In
454 3851 585 3915 nomine
611 3846 798 3914 individue
823 3867 862 3912 oc
885 3847 1107 3914 Sanctissimae
1128 3847 1308 3913 Trinitatis.
1332 3848 1441 3914 Amen.

309 3997 348 4013 1-
361 3963 430 4032 Nos
452 3961 484 4024 N
486 4008 508 4037 .,
540 3957 686 4022 Vicarius
698 3958 861 4039 poneretis
874 3957 1135 4022 archidiacenus
1150 3957 1193 4024 N.
1215 3975 1255 4020 ac
1265 3958 1378 4038 judea
1396 3979 1441 4022 or·

310 4069 471 4147 dinarius,
488 4066 566 4129 visis
581 4073 611 4129 et
624 4063 796 4147 dilipenter
810 4065 1019 4129 consideratis
1032 4065 1182 4128 omnibus
1196 4073 1228 4128 et
1242 4066 1384 4148 sinentis
1396 4087 1441 4128 oc·

313 4181 414 4250 litatis
429 4179 463 4240 in
475 4193 575 4240 causa
593 4183 625 4240 et
646 4175 752 4238 causis
766 4174 917 4238 dicereris
929 4193 1039 4238 coram
1055 4173 1230 4238 reverendo
1244 4175 1302 4254 Ν.,
1328 4175 1441 4240 Vicario
