3050 4984
573 529 649 574 rans
670 527 817 576 smuunn.
1199 501 1258 576 lli

122 640 161 716 in
183 653 273 715 tomo
291 647 499 718 Decretorum
521 647 791 737 congregationis
815 647 964 735 Concilii,
981 648 1058 717 lolio
1086 655 1139 733 ot,
1160 651 1206 717 sic
1229 671 1263 717 sa

123 753 246 822 hebent
263 780 271 824 ε
290 753 468 846 Grcqorius
488 755 580 837 Xlll,
596 777 637 823 cu
658 755 815 823 sententia
837 755 1105 847 Conprepatiouic
1129 756 1266 826 Coudlii

122 860 386 942 deaurantur
404 863 463 953 qui
476 885 539 954 per
559 861 628 930 aim
648 874 680 932 ct
700 875 827 931 metum
848 884 880 930 se
900 863 1090 954 retiqioucm
1104 865 1266 955 prusenus

114 967 377 1060 pratutdcrcnn
409 969 475 1038 uisi
508 969 599 1037 iutra
636 967 898 1060 quinquenium
935 969 1198 1052 reclamaverint,
1230 995 1266 1042 eo

123 1075 235 1167 elapso
257 1098 324 1144 nou
341 1097 405 1145 esse
426 1074 620 1158 audiendos,
642 1075 775 1144 tametsi
795 1075 976 1167 ulleqareut
996 1077 1064 1146 uim
1088 1089 1119 1145 et
1139 1091 1266 1148 metum

122 1205 253 1275 semper
271 1182 417 1252 durasse.

168 1291 226 1360 111.
243 1290 358 1360 Postea
374 1299 484 1360 nmen
503 1289 674 1362 inductum
694 1301 755 1379 est,
772 1301 807 1362 ut
821 1293 856 1362 in
871 1292 933 1362 hoc
948 1315 1025 1362 casu
1038 1292 1267 1363 concederetur

122 1399 288 1468 restitutio
298 1399 335 1466 iu
343 1398 532 1490 iuthrum;
543 1399 576 1467 id
589 1407 648 1486 ost,
660 1407 698 1467 ut
707 1407 816 1491 possm
827 1421 924 1468 musa
933 1399 1062 1468 admitti
1073 1409 1104 1468 et
1112 1398 1265 1492 judicari,

122 1506 277 1596 quamvis
297 1514 370 1598 post
390 1506 537 1598 elapsum
552 1507 814 1598 quinquennium
830 1506 912 1576 actio
928 1505 1084 1576 nullimtis
1104 1529 1266 1600 propono-

122 1621 228 1682 rotnr.
246 1612 353 1702 (Bulla
366 1613 462 1682 citata
474 1612 516 1681 Si
527 1611 670 1704 datam.)

168 1720 596 1811 summouentium
619 1721 654 1788 in
676 1721 842 1810 integrum
864 1719 996 1790 concedi
1017 1723 1142 1814 nequit,
1165 1723 1267 1792 nisio

123 1827 209 1896 Sede
223 1827 419 1918 Apostolica.
438 1827 540 1917 (Dicta
550 1827 641 1897 bulla
656 1828 697 1896 Si
711 1827 855 1916 ἀαεαηι.)

168 1934 211 2004 V.
227 1934 404 2004 Praeteritis
416 1934 630 2024 temporibus,
647 1933 767 2002 solebat
779 1933 879 2003 Sedes
892 1933 1088 2024 Apostolicn,
1105 1936 1174 2006 vise
1186 1959 1265 2028 pro-

122 2040 224 2109 babili
236 2042 360 2109 ratione
375 2063 395 2108 a
409 2041 605 2108 reclamante
620 2040 778 2130 exposita,
796 2039 917 2108 dictam
934 2041 1169 2110 restitutionem
1183 2065 1265 2112 con-

123 2146 251 2232 cedere,
267 2146 302 2213 id
322 2154 383 2232 est,
405 2145 577 2236 indulgere
591 2156 627 2214 ut
642 2145 824 2215 reclamans
838 2146 995 2214 adversus
1019 2147 1264 2237 professionem,

124 2254 200 2323 licet
208 2253 354 2344 elapsum
365 2263 449 2322 esset
457 2255 732 2344 quinquennium,
743 2253 960 2322 nihilominus
971 2252 1010 2320 de
1021 2254 1108 2322 illius
1121 2255 1265 2325 nullitate

124 2383 237 2429 coram
263 2360 427 2452 judicibus
457 2360 717 2451 competentibus
743 2361 902 2428 actionem
930 2383 1120 2451 promovere
1145 2374 1262 2452 posset.

130 2467 236 2558 (Bulla
248 2467 397 2536 citataSi
404 2465 553 2555 datam.)

169 2574 228 2644 Vl.
245 2574 357 2644 Postea
372 2596 448 2642 vero
464 2573 604 2642 invaluit
615 2582 646 2641 et
657 2574 836 2643 hodiedum
853 2574 941 2663 viget
954 2573 1017 2642 ulia
1033 2576 1143 2665 praxis
1158 2579 1265 2666 quoad

124 2681 265 2750 modum
309 2678 522 2749 concedendas
559 2680 721 2770 ejusmodi
758 2680 968 2750 restitutionis
1005 2682 1039 2748 in
1082 2682 1262 2773 integrum

125 2809 269 2878 nempe:

169 2895 298 2964 Directn
315 2895 358 2963 ad
375 2893 495 2963 Sedens
513 2896 732 2986 apostolicam
755 2895 866 2985 petitio
886 2896 1099 2964 restitutionis
1120 2897 1154 2966 in
1180 2899 1266 2968 inte·

125 3024 238 3092 grum,
250 3002 291 3069 ad
311 3001 454 3092 aliquam
473 3024 645 3070 romanam
660 3002 953 3091 Congregationem
969 3011 1026 3070 aut
1047 3003 1190 3073 tribunal
1212 3030 1266 3075 re-

126 3108 278 3177 mittitur.
296 3107 394 3176 Sacra
407 3115 515 3176 sutem
530 3108 746 3196 Congregatio
763 3107 938 3177 araneus
950 3123 981 3176 ct
995 3111 1156 3199 superiori
1170 3135 1266 3204 ecqu-

124 3214 193 3284 lari
227 3213 478 3304 expendendum
519 3214 692 3282 committit
726 3213 878 3299 dubium,
909 3237 955 3283 ou
988 3216 1188 3286 concedenda
1224 3221 1268 3287 sit

124 3322 288 3390 restitutio
306 3321 343 3389 iu
364 3321 540 3412 inteprum.
563 3320 602 3387 ln
622 3343 688 3411 quo
706 3320 862 3389 solvendo
880 3320 992 3408 dnbio,
1014 3323 1049 3390 hi
1069 3345 1135 3392 non
1158 3325 1266 3394 minus

125 3437 273 3497 accurate
296 3427 467 3519 procedere
494 3427 624 3512 dehent,
653 3451 752 3517 quam
783 3428 811 3494 si
841 3450 939 3517 snper
965 3428 1034 3518 ipsa
1059 3430 1266 3519 professionis

127 3536 291 3606 validitate
310 3534 364 3602 vel
389 3535 535 3602 nullitate
552 3535 744 3601 sententiam
767 3533 865 3601 laturi
885 3545 1002 3602 essent.
1026 3535 1120 3618 Quod
1143 3539 1171 3604 si
1189 3561 1265 3629 pro-

126 3643 278 3711 nuntient
298 3640 537 3709 concedendam
557 3639 661 3708 videri
680 3640 919 3708 restitutionem
939 3642 974 3708 in
995 3642 1173 3730 integrum,
1189 3655 1267 3712 tunc

125 3749 206 3841 ipsis
217 3747 392 3817 committit
406 3747 506 3816 Sacra
519 3746 735 3835 congregotio
750 3747 860 3835 ipsum
876 3746 916 3815 de
930 3747 1076 3816 nullitate
1092 3749 1266 3838 professio-

126 3859 179 3925 nis
193 3856 369 3945 judicium.

171 3963 244 4032 Vll.
268 3961 462 4029 Praedictum
488 3959 617 4050 praxim
644 3960 837 4028 Benedictus
858 3960 937 4029 XIV
958 3961 993 4027 in
1012 3961 1068 4051 jus
1090 3985 1265 4034 commune

125 4069 274 4152 sancivit,
287 4090 423 4158 eamque
437 4067 535 4136 simul
551 4065 731 4134 moderavit
746 4089 783 4134 nc
799 4066 1027 4134 determinavit
1042 4067 1076 4136 in
1093 4068 1179 4136 hunc
1195 4094 1265 4140 mo·

126 4177 236 4244 dum:

175 4309 192 4346 n
216 4284 415 4357 Accumtnm
436 4277 626 4375 hujusmodi
642 4301 782 4351 examen
807 4299 980 4351 musarum
1000 4279 1214 4368 restitutionis
1234 4284 1269 4356 in
