3050 4984
537 545 612 592 eins
634 545 781 592 SECUNDA.

622 776 695 867 §u

127 921 221 971 Formo
230 918 387 972 informativi
400 931 538 985 processus
548 918 581 970 sd
594 920 754 1054 pffidum
764 919 878 986 J'uridieo
892 919 1025 985 publicam
1039 917 1073 969 de
1089 917 1184 971 delioto

132 1135 217 1204 Solis
231 1133 430 1224 intelligetur
446 1157 490 1203 ex
509 1134 674 1222 formulis,
687 1134 808 1227 quibus
822 1135 858 1203 in
879 1135 958 1204 setis
971 1133 1133 1226 ejusmodi
1148 1156 1229 1228 pro-

86 1264 196 1311 oessus
210 1240 349 1310 describi
361 1239 454 1328 solet,
471 1249 503 1310 et
515 1263 591 1332 qnae
606 1253 741 1335 possunt
756 1262 826 1310 esse
841 1240 1079 1332 hujuscemodi.

611 1447 673 1515 Ἰ.

85 1584 207 1635 Formulo
219 1581 349 1634 referendi
360 1582 389 1633 in
403 1586 461 1635 sote
471 1581 594 1648 previum
609 1581 802 1646 inquisitionem
819 1581 957 1648 juridicam
977 1581 1010 1632 de
1028 1581 1097 1632 ieme
1110 1581 1224 1648 publice.

133 1758 147 1794 o
164 1735 402 1819 consequenter
416 1734 503 1799 idem
516 1736 711 1802 reuerendus
730 1735 876 1801 Viourius
889 1734 1049 1818 poneretis
1060 1735 1173 1799 citauit
1184 1735 1232 1798 od

86 1845 345 1926 comparendum
371 1861 482 1906 eoram
509 1861 553 1923 se,
583 1844 635 1907 die
659 1844 812 1907 imortii
837 1843 1006 1925 presentis
1025 1843 1116 1920 unni,
1137 1842 1228 1906 doco-

88 1952 238 2032 bumN„
252 1959 284 2016 et
297 1950 506 2018 Stenisluum
528 1951 585 2029 N.,
602 1957 692 2015 testes
706 1967 746 2014 en
759 1949 859 2032 officio
873 1956 1066 2031 assumptos.
1091 1948 1138 2014 Et
1154 1967 1228 2013 eum

87 2059 177 2122 dioto
190 2059 242 2122 die
256 2059 489 2142 comparuisset
509 2057 648 2122 tooooos
662 2057 696 2124 N
698 2105 717 2134 .,
730 2065 762 2120 et
771 2057 864 2138 prius
877 2059 1108 2138 juramentum
1122 2056 1162 2122 de
1176 2056 1227 2120 di-

86 2167 191 2230 cendo
203 2167 337 2230 ueritate
346 2166 558 2249 prestitisset,
573 2164 739 2248 respondit
751 2171 789 2227 ut
801 2165 969 2247 sequitur:

132 2273 218 2337 «Ad
228 2273 421 2356 peneroiio:

133 2404 149 2440 o
170 2389 200 2446 l.
222 2381 447 2463 interropotus
462 2401 472 2441 :
488 2380 650 2463 quomodo
663 2377 818 2443 uocetur?
828 2413 867 2424 —
881 2377 1094 2460 Respondit...

132 2512 148 2548 o
168 2495 199 2553 t.
221 2489 446 2571 Interropotus
460 2506 472 2551 .·
486 2490 578 2565 eujus
591 2489 696 2553 utatis
705 2485 848 2550 esistot?
860 2521 900 2532 -
914 2484 1127 2569 Respondit...

132 2619 148 2655 o
169 2601 199 2662 3.
220 2596 446 2678 Interropotus
460 2618 469 2658 .·
484 2594 622 2659 ubinam
641 2593 764 2660 dubitet
776 2601 808 2658 et
830 2601 991 2677 equanto
1011 2592 1176 2676 tempore?
1188 2627 1228 2640 -

89 2703 304 2788 Respondit...

133 2835 149 2872 o
173 2817 203 2877 t.
227 2812 449 2894 interropotus
474 2811 598 2893 :eujus
619 2809 811 2874 conditionis
834 2808 887 2873 uel
912 2807 1006 2892 officii
1032 2808 1173 2872 existat?
1190 2843 1228 2855 -

90 2920 303 3005 Respondit...
318 2920 418 3002 (Alius
430 2920 549 2986 oddere
562 2917 678 3001 poterit
687 2918 790 2999 jndex
803 2915 1076 2997 interrogationes
1090 2933 1228 2996 genera-

88 3029 146 3108 les,
163 3029 196 3093 in
209 3029 297 3094 huno
308 3029 407 3094 finem
421 3033 459 3093 ut
473 3030 580 3111 petest
597 3045 640 3090 sn
656 3025 746 3090 testis
759 3023 855 3089 alioui
875 3021 1054 3106 exceptioni
1071 3022 1230 3088 obnoxius

90 3138 142 3216 sit,
158 3136 327 3202 autetiam
340 3137 477 3201 omnino
491 3135 581 3216 reJiei
595 3133 731 3209 debent.)

135 3244 218 3312 «Ad
227 3243 403 3328 specialia:

133 3377 148 3409 «ι
165 3359 194 3416 l.
209 3354 434 3435 interropotus
449 3373 459 3412 :
474 3349 640 3414 austorici
658 3345 772 3432 oppidi
789 3347 831 3414 N.
847 3345 924 3410 dene
938 3363 977 3408 oe
1001 3347 1230 3430 exemplariter

91 3462 215 3538 vivont,
238 3469 269 3525 et
288 3478 333 3522 on
356 3458 395 3523 de
415 3459 528 3541 aliquo
552 3457 642 3522 moin
661 3458 756 3539 samo
774 3455 904 3537 vipeot?
919 3489 959 3500 -
978 3451 1178 3536 Respondit:
1193 3454 1231 3518 de

92 3567 223 3631 domino
239 3566 371 3630 Andreo
383 3566 425 3629 N.
440 3567 529 3648 uipet
541 3582 607 3628 non
625 3564 704 3627 sotis
719 3562 803 3626 bono
815 3561 921 3641 soma.

134 3680 200 3738 ot.
223 3674 474 3756 Interropotus:
497 3671 604 3756 quotis
623 3669 742 3752 samo?
762 3703 804 3717 —
826 3667 1031 3751 Respondit:
1050 3668 1171 3733 dieitur
1192 3669 1230 3733 de

91 3800 167 3847 eo...
890 3811 895 3818 ·

133 3913 149 3948 o
168 3897 197 3955 3.
221 3890 472 3973 Interropotus:
491 3890 563 3972 puis
585 3887 644 3952 Ros
666 3885 752 3950 dicut
771 3884 810 3949 de
835 3883 897 3948 eo?
911 3919 950 3930 —
967 3884 1166 3966 Respondit:
1185 3894 1232 3950 est

90 3999 270 4063 eommunis
283 3998 410 4080 loquela
424 3999 459 4061 in
473 3994 605 4080 oppido.

134 4129 149 4165 s
167 4105 496 4188 t.1nterropano:o
513 4103 630 4187 petibus
646 4102 814 4184 sipnonter
833 4098 1019 4164 audiverit?
1033 4133 1071 4144 —
1092 4099 1230 4182 Respon-

90 4213 142 4277 dit
163 4234 174 4272 :
197 4212 312 4276 audivi
330 4230 351 4276 o
374 4211 547 4279 Gutttelmo
566 4209 714 4278 Romirio
734 4207 967 4285 barbitonsore,
991 4224 1014 4269 o
1031 4205 1170 4289 Josepito
1187 4207 1229 4275 N.

91 4336 248 4402 caupone,
261 4328 292 4384 et
304 4338 326 4383 o
339 4321 501 4384 comitissa
516 4319 556 4383 de
572 4316 677 4385 Goion
691 4317 724 4380 in
737 4314 831 4396 cuius
845 4313 941 4378 domo
955 4311 1077 4377 Robito.
