3050 4984
569 493 644 538 nens
666 491 812 540 stannus.

673 807 698 874 l.

126 977 171 1028 tes
183 977 288 1027 tattonis
308 975 379 1042 apud
392 975 517 1034 flemme,
531 976 644 1042 nttoepue
661 979 754 1027 ueteres
773 975 953 1041 populeasoa
967 974 1261 1041 praesentassemus

154 1065 279 1131 applicari
297 1065 417 1118 eamdem
434 1079 546 1132 mnam,
567 1064 613 1116 sed
632 1065 673 1116 uel
691 1063 817 1126 umam,
835 1065 876 1116 set
895 1064 1016 1130 similem,
1030 1065 1060 1115 td
1082 1068 1129 1124 est,
1149 1068 1261 1132 qutun·

155 1155 250 1206 lentem·

163 1364 197 1433 ld
210 1365 419 1456 exploratum
436 1363 557 1434 babent
573 1364 641 1436 veri
655 1365 790 1453 eruditi,
806 1366 891 1434 inter
911 1387 994 1458 quos
1008 1366 1056 1435 sie
1069 1366 1231 1458 Ugolinus
1247 1397 1255 1438 ε

123 1499 142 1538 a
162 1471 254 1542 'lulio
275 1480 387 1542 autem
406 1471 529 1564 duplex
551 1481 599 1542 est
625 1497 636 1542 τ
657 1473 738 1542 talio
760 1471 941 1542 amussis
963 1495 1022 1544 seu
1036 1474 1261 1566 pythagorica,

125 1605 142 1644 a
164 1601 236 1672 quae
250 1587 320 1648 erat
335 1579 518 1650 seeundum
533 1579 677 1650 litteram
690 1579 785 1670 legis,
799 1601 878 1650 oum
901 1579 1066 1652 mdeficus
1081 1581 1264 1652 mulctabu-

123 1713 140 1752 ι
163 1699 215 1758 tur
229 1687 336 1770 oeudo,
351 1687 408 1779 qui
421 1687 477 1756 alii
491 1688 623 1758 oculum
645 1697 786 1758 eruerat.
804 1687 930 1758 Deinde
946 1687 1027 1758 talio
1039 1688 1264 1760 similitudinis

120 1822 138 1860 a
161 1817 217 1864 seu
233 1794 413 1886 analogica,
430 1801 467 1865 ut
481 1795 508 1864 si
525 1795 668 1888 pretium
682 1794 783 1878 oeuli,
808 1803 864 1864 aul
879 1794 943 1864 alin
957 1795 1082 1866 muletu
1096 1820 1192 1888 usqua
1204 1819 1265 1890 pro

121 1930 139 1969 ι
160 1903 256 1974 oculo
270 1910 376 1991 eruto,
393 1910 450 1973 aut
464 1925 524 1995 pro
539 1902 604 1972 ulio
620 1903 773 1972 membro
788 1902 869 1973 lasso
889 1902 1097 1974 reddebatur.
1116 1905 1265 1976 Hebraeis

119 2012 264 2104 «placet
286 2010 363 2081 talio
385 2010 624 2098 similitudinis,
648 2031 715 2080 non
740 2009 818 2080 talio
844 2010 1037 2099 identitatis,
1065 2023 1265 2105 exponentes

120 2147 138 2185 o
160 2119 293 2188 οειιίιιηι
312 2141 378 2210 pro
399 2118 504 2202 oculo,
523 2117 557 2186 id
576 2126 637 2206 est,
653 2117 800 2210 pretium
815 2117 913 2188 oculi.
939 2118 1099 2210 (Targum
1115 2121 1264 2207 tanath„

118 2255 137 2292 a
160 2227 257 2296 Dent.
284 2231 339 2314 lt,
362 2229 416 2294 21.
444 2227 528 2294 Item
551 2225 656 2294 Rnbb.
681 2224 824 2312 Selom,
849 2223 946 2316 ibid.)
964 2224 1051 2306 Quia
1077 2227 1154 2296 talio
1173 2227 1268 2298 iden·

118 2335 264 2403 utitatis
290 2335 326 2402 in
354 2333 523 2425 aliquibus
552 2332 684 2402 casibus
715 2331 928 2423 impossibilis
950 2339 1011 2419 est,
1037 2341 1075 2403 ut
1101 2335 1131 2402 si
1160 2358 1267 2406 eaeuus

117 2471 137 2510 a
159 2449 289 2511 erueret
317 2441 375 2509 alii
406 2441 530 2527 oeulos,
563 2449 619 2508 aut
656 2439 830 2508 edentulus
859 2448 1025 2509 exenterat
1054 2440 1109 2509 alii
1139 2441 1263 2514 denes.

117 2578 135 2614 a
158 2551 337 2642 Propterea
350 2549 385 2617 in
396 2547 524 2618 casibus
538 2546 718 2639 corporalis
729 2546 874 2616 laesionis
882 2547 1036 2638 magistri
1048 2548 1265 2621 Hebrseorum

117 2686 135 2724 ι
158 2667 321 2744 statuunt,
352 2665 480 2749 partem
510 2677 601 2724 ream
638 2655 741 2724 teneri
778 2654 997 2724 satisfactione
1026 2655 1223 2750 quintuplici
1254 2691 1262 2728 ε

116 2795 134 2830 a
161 2769 194 2833 1ο
210 2788 270 2859 pro
283 2764 405 2833 damno
416 2763 529 2832 amissi
544 2762 706 2850 membri,
723 2766 757 2830 2⁰
769 2784 830 2854 pru
842 2761 964 2832 danum
975 2763 1113 2853 neglecti
1122 2765 1262 2855 laboris,

116 2901 135 2938 a
160 2880 194 2942 3⁰
219 2896 281 2966 pro
296 2871 407 2942 dolore
429 2880 461 2940 et
484 2869 653 2950 molestia;
681 2873 715 2938 4⁰
739 2892 799 2961 pro
813 2869 1002 2962 sumptibus
1016 2878 1049 2940 et
1062 2874 1214 2963 expensis
1228 2875 1264 2942 in

115 3008 133 3046 ι
156 2981 343 3066 mundaum
362 2985 394 3048 5ο
408 3002 468 3071 pro
483 2977 679 3069 ignominiae
695 2985 729 3046 et
754 2976 1003 3050 deformationis
1024 2987 1111 3049 neta
1138 2980 1264 3051 Roma-

115 3117 133 3154 α
156 3110 283 3156 norum
311 3109 442 3180 quoque
467 3085 595 3176 legibus
619 3085 674 3177 jus
701 3083 833 3154 tadonis
860 3085 1001 3156 extabat.
1029 3112 1047 3152 u
1077 3087 1262 3177 (Ugolinus,

113 3197 303 3265 Theseum
316 3193 558 3286 amipuitutum
571 3215 755 3276 sumerum,
772 3200 851 3262 tom.
867 3194 902 3280 3,
914 3214 990 3284 pag.
1008 3194 1085 3281 378,
1100 3193 1178 3264 edit.
1195 3196 1262 3266 Ve-

109 3310 180 3372 net.
200 3301 314 3392 1748.)

152 3411 242 3480 Item
270 3407 440 3478 Cornelius
466 3432 486 3476 a
510 3407 647 3499 Lepide,
674 3429 863 3476 memorans
884 3406 1009 3478 dietum
1027 3407 1260 3497 Rhadamanti,

107 3542 185 3609 quan
198 3518 274 3610 quis
286 3517 364 3608 fecit
377 3515 512 3608 injuste,
529 3513 642 3584 eudem
663 3528 695 3584 et
703 3514 873 3607 patiatur,
891 3514 1143 3605 intelligendum
1158 3516 1261 3587 adno-

107 3635 152 3694 tat
170 3653 181 3694 ε
201 3627 231 3694 si
246 3623 392 3693 videlieet
408 3644 555 3715 personae
580 3623 646 3692 sint
671 3622 819 3712 ejusdem
832 3623 928 3692 sortus
942 3634 974 3691 et
995 3623 1132 3714 equalis
1149 3625 1262 3696 codi-

105 3733 224 3802 tiunis.
243 3732 295 3822 (ln
305 3728 411 3799 Exodi
426 3740 523 3822 caput
539 3733 594 3816 21,
609 3751 695 3798 vers.
713 3729 783 3819 23.)

151 3841 254 3910 Unde
280 3838 474 3908 recentiores
499 3837 559 3930 qui
586 3836 728 3927 fingunt,
756 3859 831 3906 eam
857 3835 958 3906 luisse
980 3837 1109 3905 talionis
1136 3838 1259 3929 legem,

104 3959 143 4018 ut
158 3957 334 4018 accusator
349 3945 555 4015 calumnians
576 3943 706 4016 deberet
727 3969 858 4038 semper
881 3944 996 4016 endem
1011 3946 1149 4016 omnino
1163 3971 1261 4040 paena

103 4057 222 4147 pleuti,
248 4077 350 4147 quam
375 4053 547 4122 meruisset
569 4061 738 4124 aecusatus
762 4053 791 4121 si
817 4075 937 4124 nouens
957 4061 1107 4145 repertus
1130 4051 1258 4142 fuisset,

104 4163 326 4232 mendacium
353 4159 571 4252 premittunt,
601 4168 637 4228 ut
662 4167 775 4251 postea
798 4159 976 4230 absurdam
992 4159 1126 4230 talionis
1150 4160 1259 4250 legem

103 4271 294 4360 clamitent,
314 4277 425 4365 utpote
440 4291 515 4361 quae
530 4289 616 4370 saepe
631 4267 752 4364 saepius
768 4267 923 4370 applicari
944 4287 1011 4343 uon
1024 4275 1144 4363 posset
1162 4266 1259 4343 Sem-
