3050 4984
485 554 489 559 ,
522 476 598 522 rsus
620 476 767 524 suevum.
1170 460 1231 523 403

90 635 138 649 -
153 623 171 662 c
186 597 252 667 Ubi
266 619 345 667 vero
359 597 570 667 examinandi
581 605 678 667 erunt
688 606 783 665 testes
794 596 942 669 absentes
953 605 1045 667 extra
1064 596 1170 669 locum
1179 596 1234 690 ju·

96 736 113 769 a
135 701 226 791 dicii,
242 703 314 771 fieri
329 704 409 771 solet
422 704 568 794 ipsorum
583 702 779 783 nominatim
795 712 828 772 et
843 710 997 795 petuntur
1012 702 1128 773 litterae
1144 725 1235 773 com-

96 836 115 874 «
138 810 334 878 missoriales
349 833 406 878 seu
421 810 577 895 missivae,
590 809 642 877 vel
654 809 933 879 remissorislesad
945 818 1068 902 partus,
1078 834 1154 901 quae
1168 811 1235 903 (lit—

95 944 115 984 α
139 917 228 1006 terre)
242 916 603 1009 dirigunturjudicibus
613 916 787 987 ordinariis
794 916 953 1004 locorum,
965 917 1000 984 in
1011 916 1130 1009 quibus
1139 926 1235 987 testes

95 1051 115 1089 a
135 1024 346 1093 examinandi
357 1024 584 1111 inveniuntur,
596 1023 777 1093 dummodo
793 1024 830 1115 (ii
841 1024 966 1117 judoco
980 1021 1142 1091 ordinarii
1151 1047 1235 1116 par-

94 1157 115 1196 «
138 1130 235 1221 tibus)
253 1131 390 1221 suspecti
412 1152 479 1201 nou
493 1130 629 1201 tuerint.
646 1130 724 1198 Post
738 1130 1019 1199 transmissionem
1037 1128 1231 1217 litterarum,

93 1263 114 1300 a
134 1238 239 1329 judex
260 1236 485 1307 remissorialis
506 1245 616 1308 mouet
640 1244 746 1327 partes
768 1234 809 1303 ed
830 1235 1087 1305 interessendum
1106 1235 1234 1327 judicio

94 1369 114 1407 a
136 1344 300 1413 examinis
319 1344 467 1424 testium;
488 1340 684 1433 assignando
705 1342 815 1413 locum
835 1352 868 1410 et
888 1352 1017 1433 tempus
1039 1351 1180 1429 certum,
1202 1351 1235 1410 st

93 1476 115 1515 a
137 1460 247 1541 postes
268 1450 447 1520 successive
464 1450 601 1518 servatis
621 1447 807 1537 servandis,
830 1448 905 1517 illos
924 1449 1123 1518 examinabit
1137 1471 1236 1540 super

94 1584 116 1625 ι
135 1557 282 1629 muculis
301 1558 422 1627 setosis
443 1567 476 1626 et
499 1557 756 1647 interrogatoris
777 1557 824 1626 rei
844 1557 1016 1645 conventi,
1040 1556 1091 1625 vel
1113 1577 1131 1623 s
1154 1578 1235 1629 eon-

95 1691 115 1729 «
138 1688 245 1737 verso.
270 1692 288 1731 s

135 1772 217 1842 XIV
230 1777 282 1841 Do
289 1772 514 1866 publicatione
528 1772 670 1841 testium.
686 1808 732 1823 ·-
751 1797 770 1836 c
789 1771 965 1863 Completis
982 1769 1100 1841 deinde
1117 1770 1235 1861 proba-

95 1908 114 1947 α
137 1882 294 1969 tionibus,
309 1880 529 1971 absolutisque
553 1881 682 1948 testium
704 1879 923 1967 examinibus,
948 1882 985 1947 fit
1005 1878 1181 1969 publicatio
1200 1880 1234 1948 in

93 2015 114 2053 u
136 2012 249 2075 causa,
278 2009 336 2079 per
361 2010 462 2079 quum
489 1986 735 2057 manifestentur
754 1986 885 2078 utrique
906 1986 993 2078 parti
1015 1984 1128 2053 omnia
1149 1984 1235 2055 dicta

92 2124 114 2163 o
135 2096 277 2164 testium.
302 2121 321 2161 s

135 2204 212 2274 XV.
236 2206 284 2272 De
297 2202 428 2293 repulso
442 2215 474 2271 et
486 2201 713 2294 reprobatione
726 2201 869 2271 testium.
887 2240 932 2253 —
947 2226 964 2269 c
978 2202 1111 2272 Peracta
1125 2204 1235 2296 publi-

94 2338 113 2376 «
136 2310 261 2380 catione
275 2310 311 2377 in
326 2332 436 2398 causa,
449 2319 481 2378 et
496 2311 576 2378 visis
588 2331 648 2400 per
662 2317 768 2401 partes
782 2307 993 2399 ooliitigentcs
1007 2310 1139 2378 testium
1152 2334 1235 2381 exs-

93 2443 113 2483 e
138 2417 292 2503 minibus,
317 2417 382 2507 peti
401 2417 482 2485 sciet
503 2417 544 2487 eb
559 2417 660 2487 attera
678 2438 722 2487 ex
741 2416 820 2508 ipsis
841 2416 1016 2507 repuisatio
1033 2439 1091 2487 seu
1116 2440 1235 2510 repro-

94 2525 224 2593 «batio
254 2524 399 2615 ipsorum
431 2523 561 2593 testium
590 2524 867 2594 examinatorum.
899 2520 972 2603 Qus
1005 2544 1064 2614 per
1089 2524 1233 2615 judicem

94 2658 114 2697 o
136 2653 307 2718 concessa,
338 2629 546 2722 repulsantur
577 2631 664 2697 intra
689 2630 875 2704 terminum
906 2629 1110 2719 assignatum
1140 2640 1236 2702 testes

96 2764 114 2804 c
137 2761 197 2829 pro
217 2748 308 2829 purte
321 2736 458 2806 adversa
476 2736 669 2821 examinati,
694 2746 726 2803 et
741 2736 963 2828 approbantur
980 2736 1036 2807 elii
1058 2740 1236 2808 examinati

93 2873 112 2913 o
136 2869 197 2937 pro
219 2868 264 2915 se.
288 2844 466 2915 Terminus
480 2853 589 2915 autem
606 2843 745 2934 reputsae
760 2854 809 2913 est
831 2842 985 2943 medietas
1004 2846 1135 2915 termini
1155 2870 1235 2938 pro-

95 2952 254 3023 «batorii
281 2980 337 3031 ...ς
363 2959 396 3021 et
417 2952 520 3020 currit
540 2950 580 3019 de
600 2958 767 3019 momento
793 2950 834 3019 nd
860 2958 1072 3039 momentum.
1096 2952 1234 3045 Expleta

93 3086 113 3127 c
134 3059 288 3129 examine
305 3058 436 3129 testium
455 3058 768 3149 reprobatoriorum,
785 3055 821 3124 fit
835 3058 1009 3148 publicatio
1024 3044 1167 3164 incensu
1182 3084 1233 3153 τῆς

93 3194 112 3233 a
135 3166 252 3258 pulsio.
277 3190 294 3230 n
1133 3171 1137 3177 “
1168 3213 1238 3285 N

134 3273 226 3343 XVI.
241 3276 290 3343 Dc
302 3272 433 3364 repotia
448 3272 595 3363 reputes.
614 3312 659 3325 —
677 3298 694 3337 o
710 3271 834 3342 Deinde
852 3272 879 3339 si
893 3272 994 3343 altera
1008 3296 1084 3367 pers
1097 3276 1234 3373 advorss

94 3409 112 3447 a
135 3380 310 3472 reprobare
337 3379 478 3448 voluerit
505 3389 598 3449 testes
623 3381 879 3471 reprobatorios,
909 3390 1016 3471 petere
1046 3394 1150 3475 potest
1178 3410 1234 3481 ref
1356 3379 1381 3412 ““
1515 3444 1516 3483 ,

93 3514 111 3553 s
137 3488 265 3579 pulsam
286 3486 438 3578 repulsae,
464 3486 582 3574 idest,
605 3488 707 3555 alium
723 3487 901 3555 terminum
927 3488 966 3556 sd
997 3491 1232 3580 repulsandum

94 3622 112 3661 c
136 3605 231 3664 testes
245 3595 448 3663 examinatos
461 3617 522 3685 pro
538 3594 667 3687 repulsu
681 3595 812 3662 testium
827 3595 1090 3665 examinatorum
1111 3599 1145 3666 in
1165 3609 1233 3668 ter-

95 3728 112 3767 o
137 3701 227 3769 mino
240 3700 437 3792 probatorio.
454 3700 516 3770 iste
536 3709 646 3767 sutem
671 3700 829 3768 terminus
847 3701 1071 3771 concedendus
1088 3718 1137 3773 est
1154 3707 1233 3776 bre-

93 3834 111 3873 «
137 3808 332 3875 sissimus...
355 3808 488 3876 Perocto
506 3815 618 3897 postea
636 3808 800 3895 examino,
820 3807 859 3875 fit
881 3809 980 3877 etism
1002 3811 1177 3901 publicatio
1198 3815 1232 3885 iu

94 3944 112 3979 ι
136 3916 197 3983 bac
222 3915 364 3983 secunda
389 3915 538 4005 repulsa;
561 3921 594 3981 et
618 3922 697 3982 tunc
718 3914 915 4003 regulariter
939 3938 1005 3987 non
1029 3916 1126 3989 detur
1148 3921 1233 3991 alius

93 4047 110 4087 o
136 4024 307 4091 terminus.
330 4049 346 4086 o

135 4128 242 4199 XVII.
259 4134 307 4197 De
321 4129 522 4198 conclusione
540 4128 575 4197 in
594 4152 705 4198 conso.
722 4166 767 4182 -
789 4130 963 4200 «Peractis
983 4132 1134 4201 omnibus
1151 4157 1233 4226 pro·

91 4267 112 4337 u
137 4237 321 4308 bationibus
338 4288 391 4325 ...,
407 4236 445 4305 fit
460 4237 622 4307 conclusio
638 4238 672 4305 in
688 4260 795 4306 causo.
818 4237 899 4318 Quoi
919 4237 1100 4331 (conclusio)
1119 4262 1234 4333 opera-
