3050 4984
278 476 339 539 184
650 495 825 539 racemus
848 496 887 538 nr.
909 494 1041 540 runicus.

277 615 449 707 «aliquod
474 615 732 683 emolumentum
761 614 1020 685 redundaturum
1050 616 1092 681 sit
1121 615 1153 683 in
1184 617 1290 706 ipsum
1320 614 1419 706 judi-

276 749 293 787 a
316 746 432 791 cem.»

315 832 457 913 Quosne
475 836 519 897 5⁸.
537 870 582 881 -
598 833 653 898 Ec
672 853 707 898 eo
729 830 820 921 quod
835 832 1016 921 Episcopus
1035 832 1078 898 sit
1095 832 1211 898 memte
1232 844 1416 921 suspectas,

271 962 351 1007 num
371 939 516 1005 recusuri
532 938 635 1027 possit
656 940 727 1028 ejus
749 938 894 1005 υἱεανίαε
913 937 1083 1027 pancratis,
1107 950 1138 1004 et
1156 939 1222 1005 uice
1242 943 1420 1006 uersa?-

269 1043 383 1128 Quoad
403 1053 576 1135 utramque
596 1053 723 1135 partem
744 1044 886 1113 occurrit
911 1044 995 1111 inter
1013 1043 1159 1113 doctores
1179 1046 1416 1132 controversia,

269 1160 365 1243 prout
376 1152 487 1220 videre
502 1159 550 1219 est
564 1152 651 1242 apud
668 1151 866 1219 Leurenium
886 1150 936 1231 (de
957 1150 1092 1219 Vicuriis
1105 1150 1310 1240 pmeratibus
1324 1154 1419 1244 Epi-

266 1282 449 1350 scoporum‚
475 1260 655 1350 quastione
680 1262 720 1325 90
737 1267 768 1325 et
793 1259 861 1348 91),
879 1259 938 1349 qui
958 1258 1098 1327 rationes
1113 1257 1188 1325 binc
1204 1258 1279 1325 inde
1299 1259 1420 1328 allatas

265 1368 407 1436 exhibet.

311 1474 375 1542 Sed
391 1472 553 1565 quidquid
566 1472 611 1539 sit
627 1472 665 1540 de
676 1473 854 1563 quaestione
870 1474 1024 1558 theorica,
1040 1475 1074 1540 in
1086 1474 1180 1563 praxi
1192 1472 1322 1541 videtur
1333 1496 1417 1542 con-

267 1580 424 1647 troversia
445 1600 647 1647 evanescere.
671 1578 755 1646 Nam
781 1580 838 1670 qui
858 1579 929 1647 vult
947 1579 1047 1647 simul
1069 1579 1264 1670 Episcopum
1286 1588 1317 1647 et
1341 1582 1420 1671 ejus

267 1688 435 1755 Vicarium
454 1708 613 1768 recusare,
630 1685 714 1752 dicet
735 1686 797 1752 sibi
819 1695 1003 1776 suspectum
1018 1708 1087 1753 esse
1103 1685 1299 1775 Episcopum
1315 1710 1356 1754 ex
1375 1711 1420 1757 eo

266 1792 353 1885 quod
371 1802 539 1882 suspectus
548 1794 590 1859 sit
600 1792 673 1881 ejus
683 1792 846 1878 Viearius,
858 1793 909 1859 vel
923 1793 992 1859 vice
1001 1814 1107 1860 versa.
1123 1792 1418 1884 Propositaautem

266 1903 328 1969 boc
351 1901 449 1969 modo
469 1900 681 1968 recusationis
703 1921 811 1981 carisa,
832 1922 1038 1989 nequaquam
1063 1898 1126 1967 dici
1147 1909 1250 1989 potest
1268 1900 1420 1990 frivola,-

266 2032 342 2077 cum
366 2007 551 2096 gravissimi
575 2015 721 2074 auctores
744 2028 817 2073 eam
833 2028 851 2072 e
866 2014 979 2073 contra
995 2014 1033 2073 ut
1056 2006 1234 2094 legitimam
1257 2005 1413 2074 habeant.

267 2114 332 2183 Sed
347 2114 474 2205 quoties
493 2114 658 2204 proposita
675 2113 870 2202 suspicionis
891 2135 986 2181 causa
1002 2122 1130 2180 nonest
1151 2125 1263 2201 aperte
1273 2114 1414 2203 friuola,

267 2230 392 2291 certum
409 2230 457 2289 cst
473 2221 575 2288 teneri
588 2220 734 2311 judicem
750 2220 791 2287 ad
807 2218 1083 2309 supersedendum
1096 2220 1274 2309 cognitioni
1289 2242 1413 2307 eousae,

265 2336 297 2395 et
311 2328 478 2417 eligendos
500 2350 568 2397 esse
593 2327 750 2411 arbitros;
774 2348 852 2415 ergo
876 2327 910 2392 in
934 2326 1018 2393 dicto
1038 2327 1136 2393 etiam
1160 2349 1236 2393 casu
1259 2328 1417 2417 (practice
1516 2390 1517 2417 p

266 2435 479 2525 considerato)
496 2434 536 2501 ab
555 2434 688 2501 arbitris
702 2433 810 2500 electis
824 2455 921 2500 causa
935 2432 1129 2523 suspicionis
1143 2432 1320 2501 decidenda
1333 2436 1413 2503 erit.

265 2543 352 2625 Quid
380 2552 490 2609 autem
516 2540 631 2608 arbitri
654 2540 687 2605 iu
715 2540 776 2608 hoc
796 2562 871 2606 casu
898 2539 1044 2607 decidere
1064 2539 1212 2625 debeant,
1240 2540 1373 2609 videtur
1395 2567 1416 2610 a

265 2648 519 2718 circumstantiis
533 2668 603 2715 esse
618 2647 868 2714 desumendum.
887 2645 952 2714 Pro
968 2646 1065 2714 modo
1080 2647 1167 2714 enim
1182 2670 1247 2736 quo
1261 2670 1329 2716 sese
1344 2647 1414 2717 ha-

265 2759 354 2841 bent,
372 2756 485 2822 sivein
502 2754 628 2844 seipsis,
651 2754 719 2820 sive
741 2753 782 2820 ad
805 2753 960 2836 invicem,
985 2754 1164 2846 Episcopus
1177 2762 1208 2821 et
1224 2755 1293 2847 ejus
1308 2755 1415 2825 Vica-

266 2866 347 2947 rius‚
358 2864 503 2952 legitima
512 2862 564 2929 vel
573 2860 744 2949 illegitima
759 2859 935 2950 prudenter
943 2862 1100 2930 asstimari
1115 2863 1156 2930 ab
1170 2863 1301 2931 arbitris
1315 2878 1415 2955 pote-
1516 2866 1517 2957 i

268 2975 313 3040 rit
325 2974 410 3039 dicta
420 2969 613 3060 suspicionis
622 2992 729 3036 causa.
746 2969 952 3057 Regulariter
964 2979 1073 3038 tamen
1089 2970 1131 3038 ob
1145 2971 1411 3061 conjunctionem
1516 2964 1517 3017 i

266 3080 419 3147 intimam
439 3077 590 3169 Episcopi
607 3078 742 3167 ejusque
764 3076 902 3163 Vicarii,
923 3085 1019 3168 atque
1039 3078 1239 3146 ordinariam
1265 3079 1299 3145 in
1321 3080 1414 3147 invi·

266 3208 336 3254 cem
347 3184 611 3276 propensionem,
623 3183 962 3273 legitimasuspieione
976 3184 1054 3251 satis
1063 3208 1177 3254 vacare
1188 3207 1252 3253 non
1265 3186 1411 3271 videtur,
1516 3222 1517 3269 r

268 3292 296 3358 si
312 3313 399 3358 unus
417 3312 548 3358 causam
568 3289 660 3356 illam
677 3287 814 3380 judicet,
835 3288 870 3356 in
885 3312 951 3381 qua
964 3290 1045 3357 alter
1064 3300 1219 3382 tanquam
1240 3299 1414 3381 suspectus

269 3398 385 3466 merito
401 3398 464 3465 fuit
476 3404 653 3465 recusatus.
1516 3388 1517 3395 '

313 3508 401 3577 Nota
419 3509 448 3571 1.
466 3505 695 3573 communiter
708 3512 818 3571 tenent
831 3504 977 3573 doctores
988 3506 1131 3573 recusari
1143 3528 1236 3597 posse
1252 3514 1413 3597 tanquam
1516 3508 1517 3563 i

268 3620 455 3703 suspectum
473 3610 628 3700 judicem,
650 3633 690 3678 ex
711 3611 852 3701 eoquod
869 3612 939 3700 ejus
952 3634 1094 3681 assessor
1109 3614 1226 3681 merito
1242 3622 1414 3704 suspectus

268 3722 320 3787 sit.
343 3716 439 3809 (Vide
452 3717 662 3802 Leurenium‚
680 3716 750 3783 loco
762 3716 831 3808 cit.)

311 3830 401 3899 Nota
417 3830 448 3892 2.
469 3823 580 3905 Quoad
601 3823 785 3912 delegatum
810 3824 972 3916 Episcopi,
990 3826 1067 3916 quia
1086 3826 1182 3893 habet
1204 3826 1347 3894 tribunal
1368 3829 1412 3895 ab

267 3934 439 4027 episcopali
463 3932 643 4015 diversum,
668 3939 779 3997 teuent
802 3932 896 3997 multi
915 3954 990 3999 cum
1013 3932 1147 4001 Sbrozio
1170 3956 1247 3999 eum
1266 3936 1410 4001 recusari

270 4066 335 4110 non
359 4062 464 4133 posse,
481 4063 523 4108 ex
545 4035 689 4126 eoquod
709 4038 825 4105 merito
848 4049 1014 4130 suspectus
1034 4040 1076 4106 sit
1097 4040 1283 4131 Episcopus.
1311 4040 1410 4127 (Vide
1516 4054 1517 4081 i

270 4152 390 4243 pariter
401 4146 615 4229 Leurenium‚
632 4144 686 4211 cit.
705 4143 788 4229 loco,
806 4168 837 4234 q.
860 4146 928 4232 90.)
