3050 4984
269 433 329 500 124
644 457 819 506 catenarus
842 456 880 500 on
902 455 1037 501 runicus.

303 575 443 645 Videtur
473 599 588 669 nempe
615 578 716 646 citatis
744 577 948 647 documentis
976 577 1096 664 evinci,
1128 599 1185 667 per
1217 579 1256 644 lo
1287 576 1401 645 saltem

264 681 375 773 priora
407 685 524 754 saecula
566 685 671 753 solum
713 685 747 753 in
794 685 864 755 loro
907 682 1122 754 ecclesiastico
1164 683 1408 752 occasoton'um

262 813 451 882 processum
465 793 662 883 regulariter
684 792 862 861 obtinuisse
888 819 895 859 :
919 791 1186 861 consuetudinem
1204 813 1282 860 vero
1295 813 1405 882 proce-

267 897 366 966 dendi
379 921 437 991 per
452 899 541 967 riam
556 899 791 991 inquisitionis,
815 899 883 968 sive
908 923 949 968 ex
966 922 1055 968 mero
1068 899 1186 987 officio,
1203 899 1273 968 sive
1286 897 1327 966 ad
1342 897 1410 966 ali-

267 1005 360 1096 cujus
370 1005 659 1094 denuntiationem,
677 1006 825 1076 nondum
840 1005 1005 1075 inductam
1019 1007 1130 1076 fuisse.
1145 1006 1291 1075 Dicimus
1300 1014 1410 1074 autem

269 1113 475 1204 repuleriter,
494 1114 535 1183 ob
556 1124 726 1207 sequentes
739 1117 955 1207 exceptiones.

313 1222 438 1303 Primo,
462 1222 691 1314 excipiendum
713 1247 732 1290 a
756 1222 902 1313 generali
927 1223 986 1292 hac
1009 1223 1122 1314 regula
1142 1244 1254 1292 mum
1274 1221 1410 1303 rotomi,

269 1336 361 1397 extra
382 1331 636 1399 controversiam
660 1339 727 1418 est;
754 1340 787 1399 et
810 1331 888 1398 satis
913 1353 955 1400 ex
970 1331 1105 1398 Petrum
1122 1328 1273 1417 dogmate
1288 1335 1412 1396 eicon-

270 1457 367 1504 sensn
382 1436 578 1506 Pontificum
593 1437 734 1506 illustrat
749 1447 781 1506 et
792 1438 907 1530 probat
919 1437 1104 1506 Gratianus.
1122 1436 1214 1527 (Can.
1234 1440 1274 1503 15
1285 1443 1395 1526 etseq.
1401 1487 1411 1522 ,

271 1552 388 1636 quaest.
410 1549 439 1633 l,
455 1568 562 1614 causae
575 1547 620 1637 2.)

315 1651 475 1734 Secundo,
494 1653 659 1744 probabile
677 1654 774 1722 etiam
789 1653 930 1740 videtur,
948 1651 1138 1721 accusatorii
1154 1671 1323 1743 processus
1338 1647 1414 1715 lor-

268 1779 358 1824 mam
382 1781 447 1827 nou
469 1782 596 1851 semper
618 1760 726 1828 stricte
746 1760 949 1828 observatam
966 1759 1078 1846 luisse,
1104 1756 1160 1826 sed
1182 1756 1224 1825 ad
1239 1754 1414 1847 inquisito-

270 1864 357 1932 rium
374 1887 560 1954 processum
583 1866 780 1935 declinatum
803 1867 999 1958 quandoque
1021 1866 1133 1952 inisse,
1155 1874 1226 1933 tom
1250 1863 1285 1930 iu
1305 1861 1414 1929 conoi-

270 1969 337 2057 liis,
366 1961 433 2039 tum
457 1972 490 2040 in
514 1974 618 2043 causis
640 1973 728 2062 fidei,
755 1983 823 2042 tum
842 1975 875 2041 in
891 1973 1052 2042 visitanda
1067 1973 1211 2041 dioecesi.
1229 1969 1321 2054 Quod
1339 1991 1414 2035 cum

274 2077 372 2145 nimis
389 2079 525 2169 longum
544 2091 626 2148 essct
649 2082 778 2172 penitus
791 2083 972 2168 enucleare,
988 2080 1215 2151 adnotabimus
1230 2077 1413 2162 dumtaxat,

274 2185 308 2252 id
336 2185 539 2278 aliquatenus
566 2189 659 2257 lateri
687 2198 835 2257 coactum
863 2189 963 2258 luisse
989 2189 1167 2280 ipsummet
1184 2193 1416 2281 protestantem

272 2291 503 2382 Bobemerum‚
522 2297 733 2387 quantumvis
748 2295 789 2366 ad
805 2296 1040 2366 ostendendam
1061 2293 1277 2387 inquisitoriae
1299 2293 1416 2360 lormae

275 2399 450 2468 novitatem
465 2412 496 2469 et
510 2402 551 2470 ab
567 2403 753 2472 innocentio
764 2405 809 2471 ill
824 2402 1096 2472 introductionem
1112 2400 1289 2469 desudarit.

323 2533 340 2570 «
368 2509 404 2574 ln
429 2531 526 2577 causa
541 2509 701 2579 hereseos
715 2534 772 2579 seu
790 2510 878 2598 fidei,
904 2511 1022 2603 inquit,
1041 2533 1116 2602 quae
1132 2508 1263 2601 publica
1277 2505 1416 2575 videbe-

280 2639 296 2676 «
321 2621 386 2700 tur,
404 2637 470 2683 non
493 2616 573 2685 adeo
589 2617 727 2685 sollicite
748 2627 966 2687 accusatorem
992 2617 1181 2703 desiderari,
1208 2611 1420 2705 probabiliter

278 2745 295 2783 «
319 2741 360 2786 ex
383 2718 511 2790 duobus
525 2723 727 2814 collegerunt
744 2749 751 2788 :
770 2729 802 2792 1⁰
816 2725 903 2816 quod
920 2725 1085 2793 haereticae
1102 2722 1273 2808 doctrinm,
1288 2719 1419 2812 publico
1512 2746 1513 2749 ¹

278 2853 295 2890 a
320 2827 445 2896 traditae
462 2829 514 2898 vel
528 2830 637 2918 editae,
654 2832 823 2901 notorium
838 2833 961 2900 crimen
982 2832 1199 2917 continerent,
1216 2829 1251 2896 in
1266 2850 1333 2920 quo
1347 2827 1419 2894 sine

281 2958 297 2995 a
320 2943 502 3003 accusatore
518 2937 649 3026 procedi
664 2934 813 3017 deberet;
843 2943 876 3005 2⁰
901 2937 989 3030 quod
1013 2960 1119 3005 causa
1143 2934 1233 3023 fidei,
1262 2942 1417 3024 unquam

281 3065 297 3102 a
322 3041 465 3131 majores
479 3055 509 3110 et
523 3043 648 3126 arduae,
666 3044 812 3112 conciliis
825 3053 999 3113 reservatae
1014 3053 1137 3130 essent3
1154 3043 1190 3110 in
1204 3041 1256 3109 his
1271 3062 1363 3125 vero,
1376 3061 1419 3105 ex

281 3171 297 3209 a
320 3149 415 3236 praxi
441 3151 618 3236 communi,
635 3174 701 3220 non
717 3152 774 3219 alii
799 3161 835 3219 ut
859 3151 1037 3242 plurimum
1050 3150 1177 3241 judices
1193 3148 1264 3216 dari
1279 3146 1422 3215 solerent

282 3276 420 3345 aquam
444 3267 655 3346 accusatores,
685 3267 716 3327 et
743 3258 799 3350 qui
826 3259 996 3326 adversam
1022 3267 1147 3350 partem
1171 3255 1418 3336 constituerent,

282 3385 297 3422 a
322 3369 420 3450 prout
434 3363 468 3430 in
491 3364 756 3433 antecedentibus
782 3364 979 3434 declaratum
1005 3373 1053 3434 est
1078 3365 1135 3456 (l).
1153 3364 1278 3433 Haeresi
1308 3369 1420 3430 autem

308 3677 342 3739 (t)
355 3677 535 3740 Superioribus
545 3691 639 3743 nempe
653 3679 762 3743 paginis,
778 3682 855 3730 stulte
870 3681 1028 3731 Bohemerus
1047 3681 1259 3745 exprobraverat,
1277 3677 1346 3742 quod
1360 3676 1422 3740 Epi-

277 3757 350 3821 scopi
357 3757 383 3806 in
390 3757 506 3807 conciliis
515 3757 617 3821 judices
628 3771 718 3808 eornm
727 3758 851 3821 sederint,
859 3775 971 3825 quorum
977 3761 1116 3811 adversarii
1123 3759 1219 3811 notorii
1227 3757 1424 3820 anteatuarant;

278 3853 309 3890 ac
322 3839 491 3889 vehementer
504 3838 643 3890 insectatus
655 3845 710 3890 erat
722 3839 749 3890 in
762 3841 819 3892 hoee
832 3841 913 3892 verba
922 3841 1017 3892 Clerici
1027 3841 1160 3904 (Bibliott.
1173 3842 1295 3898 coivere,
1308 3843 1372 3890 tom.
1381 3843 1424 3899 to,

279 3934 337 3984 pag.
350 3921 403 3978 tut]
420 3933 427 3968 :
440 3935 454 3964 c
465 3918 540 3969 Arius
553 3919 716 3970 anathemate
730 3935 868 3985 percussus
876 3920 959 3972 tuerat
972 3923 1004 3972 ab
1018 3921 1150 3972 Athanasii
1163 3920 1301 3970 decessore
1311 3919 1424 3969 Alexan·

280 4017 293 4045 «
308 3998 367 4063 dro,
381 3997 488 4062 sitisque
499 3997 644 4063 Episcopis,
659 4001 703 4064 qui
711 4005 851 4066 antequam
866 4001 1007 4052 concilium
1020 4005 1183 4063 evocaretur,
1195 3999 1219 4050 ei
1230 3999 1316 4064 palam
1328 3997 1422 4070 adver-

277 4095 290 4125 «
310 4079 358 4130 sati
371 4079 482 4130 lucrant.
498 4080 570 4129 idem
586 4079 729 4130 taedulum
748 4082 775 4130 in
790 4082 911 4133 omnibns
931 4083 1120 4146 Episcopornm
1134 4080 1254 4141 caetibus,
1271 4078 1316 4144 qui
1329 4079 1362 4129 ab
1375 4078 1423 4129 illo

309 4172 365 4210 evo
379 4163 439 4211 sunt
450 4159 543 4210 coacti.
556 4161 620 4210 Nam
635 4159 759 4226 singulari
767 4162 826 4226 jme
840 4176 894 4228 praa
908 4162 981 4212 laicis
996 4162 1111 4226 gaudent
1124 4159 1305 4222 ecelesiastici,
1322 4172 1374 4226 quo
1387 4159 1424 4211 si·

278 4255 292 4285 a
309 4238 362 4290 mol
374 4237 517 4292 adversarii
530 4243 557 4292 et
567 4240 679 4308 legitimi
690 4241 793 4310 judices
806 4255 861 4295 esse
874 4246 990 4311 possunt.
1006 4259 1020 4291 r
