3050 4984
553 497 628 546 euas
649 497 795 546 musae.
1205 479 1246 546 tt

106 645 124 684 a
148 617 321 689 viciniam.
334 617 532 689 Reservatur
544 621 631 690 euim
641 620 732 690 alteri
746 620 831 713 parti
843 620 979 690 facultas
990 620 1150 713 probandi
1161 621 1249 690 inia-

108 754 125 793 s
149 729 250 796 miam
265 726 350 796 huno
363 749 430 796 esse
443 735 571 798 tantum
585 731 672 821 opud
688 729 771 798 viles
783 737 842 798 aut
851 727 1038 817 malevolos,
1054 729 1157 797 veleb
1172 729 1252 821 ipsis

108 861 125 899 o
148 843 259 904 ortum
273 833 436 904 hahuisse.
454 861 471 900 u

631 1089 731 1182 §m

458 1259 591 1312 Generalis
606 1259 785 1326 inquisitionis
799 1273 900 1312 norme„

150 1476 205 1544 An
220 1481 254 1544 et
272 1471 437 1567 quamdo
458 1473 619 1564 generalis
640 1473 809 1565 inquisitio
830 1474 984 1545 canoniae
1002 1475 1116 1567 peragi
1133 1477 1251 1566 valeat,

107 1582 229 1674 patebit
243 1603 284 1650 ex
300 1582 506 1673 sequentium
518 1581 738 1674 quaestionum
754 1582 962 1652 resolutione.

151 1689 296 1771 Qunsuo
314 1693 357 1756 1·.
374 1729 419 1742 -
434 1691 485 1758 Au
495 1689 633 1780 possint,
647 1688 822 1757 autetiam
839 1687 976 1758 debeam
988 1688 1151 1759 ordinarii
1162 1691 1253 1760 loeo-

109 1819 186 1864 rum
209 1797 350 1866 Praelati
368 1795 407 1864 de
428 1795 616 1864 esimiaibus
635 1795 821 1887 peueralem
840 1795 992 1888 aliquam
1012 1797 1253 1888 iaquisitionem

103 1904 224 1993 facere.
236 1901 559 1972 -Abslrahimusin
568 1901 818 1993 presentiarum
826 1900 1255 1993 abeliaqumstionemtrum

103 2023 247 2101 peteme
257 2009 439 2096 dumtaxat,
456 2031 499 2078 an
507 2029 585 2077 vero
595 2009 691 2077 etiam
695 2007 907 2100 judicialiter
917 2009 1078 2098 generalis
1088 2009 1256 2102 inquisitio

109 2118 182 2186 fieri
196 2117 299 2209 possit
309 2127 366 2184 eut
379 2115 511 2194 debeat:
529 2124 561 2184 et
577 2114 648 2184 ideo
664 2116 835 2206 posuimus
850 2115 1044 2184 vocabulum
1060 2116 1257 2187 indetermi-

107 2237 224 2295 natum
241 2227 404 2318 uliqtsom.
420 2225 459 2293 In
472 2225 533 2294 heo
548 2233 655 2294 aulem
671 2224 880 2316 generalitate
894 2225 1095 2294 considerata
1103 2229 1254 2317 quaestio,

106 2333 304 2404 affirmative
324 2356 344 2401 a
365 2333 551 2403 doctoribus
573 2333 722 2401 unanimi
746 2354 906 2402 consensu
925 2332 1109 2402 resolvitur.
1136 2335 1258 2404 Dicunt

107 2441 272 2510 seilicetet
284 2462 389 2532 posse,
406 2449 439 2510 et
449 2439 545 2509 etium
557 2439 626 2508 suis
639 2439 841 2531 temporibus
853 2439 972 2508 debere
982 2439 1144 2531 ejusmodi
1156 2465 1257 2532 gene-

104 2548 195 2616 rales
210 2547 439 2639 inquisitiones
458 2547 499 2616 ab
514 2546 693 2639 Episoopis‚
714 2546 853 2638 aliisque
871 2547 1096 2638 superioribus
1109 2548 1257 2619 lusorum

105 2654 288 2723 ordinariis
304 2654 388 2724 fieri.
623 2725 629 2736 ,

152 2761 209 2830 Ad
226 2760 288 2832 hoo
303 2761 506 2853 probandum
521 2761 630 2832 afferri
646 2763 727 2832 solet
738 2769 836 2854 eaput
850 2763 1034 2832 Pemioioso
1049 2765 1095 2854 (1,
1112 2764 1152 2834 de
1176 2767 1258 2858 Offi-

105 2871 158 2940 cio
170 2869 298 2960 judicis
315 2869 502 2960 ordinaria),
519 2870 553 2937 in
568 2893 633 2961 quo
655 2869 700 2938 sic
715 2869 901 2938 deoernitur
913 2897 921 2938 z
932 2870 1084 2940 Habeant
1103 2871 1260 2965 Episcopi

104 2978 320 3068 sinpulurum
335 2978 469 3046 urbium
483 2978 519 3044 iu
532 2977 598 3045 suis
607 2975 795 3046 dioecesibus
806 2977 1146 3067 liberampotestutem
1158 2980 1258 3049 adul·

105 3085 197 3152 teria
222 3097 253 3152 et
274 3085 393 3154 scelera
416 3085 590 3176 inquirere,
613 3084 724 3154 ulcisci
745 3097 776 3152 et
796 3084 972 3153 uindicare.
996 3085 1061 3154 Sed
1083 3095 1191 3156 textus
1204 3090 1259 3159 ille

104 3193 259 3282 rigorose
274 3215 341 3261 non
354 3191 469 3284 probet
479 3217 488 3278 ;
506 3191 583 3283 quia
601 3191 646 3260 ibi
667 3193 720 3280 agi
736 3190 777 3258 de
796 3191 1007 3282 inquisitione
1025 3193 1169 3284 speciali,
1192 3219 1258 3264 nou

106 3322 193 3368 vero
207 3297 247 3367 de
267 3299 414 3388 generali
433 3298 579 3368 absolute
593 3298 746 3367 sustineri
761 3306 881 3388 posset,
898 3319 972 3366 oum
989 3299 1108 3387 glosas,
1124 3324 1200 3392 quse
1215 3303 1261 3372 iia

105 3405 286 3475 intellexit.
308 3405 435 3474 Citatur
450 3406 549 3474 etiam
568 3413 665 3496 eaput
684 3409 834 3474 Romana
849 3404 896 3495 (i,
912 3403 953 3472 de
972 3406 1136 3490 Cuesibus,
1158 3409 1193 3477 iu
1210 3410 1258 3499 6),

104 3514 170 3583 ubi
187 3513 310 3580 dieitur
323 3512 363 3580 de
378 3512 633 3603 Archiepisoopo
645 3511 862 3580 visitationem
874 3519 1049 3603 peragente
1064 3540 1071 3579 ι
1087 3516 1259 3605 Proposito

104 3619 210 3689 uerbo
234 3620 307 3702 Dei,
331 3630 457 3710 querat
480 3616 608 3686 deuito
630 3631 662 3686 et
682 3617 922 3686 couversatione
944 3618 1204 3688 ministrantium
1224 3623 1260 3689 iu

105 3727 277 3797 Ecclesiis.
297 3725 361 3795 Sed
376 3725 469 3794 initio
485 3725 630 3816 ejusdem
646 3725 761 3816 eapitis
781 3725 885 3816 posita
899 3723 969 3792 haeo
984 3725 1096 3814 verba,
1118 3727 1262 3810 Quilibet

106 3833 381 3924 Arcdiepiscopus
394 3854 491 3900 suom
501 3833 610 3900 voleus
623 3832 756 3900 uisitare
764 3831 987 3923 provinciam,
1004 3831 1141 3901 dubium
1157 3833 1261 3900 reliu-

106 3949 221 4036 quunt
231 3962 273 4008 an
287 3939 434 4008 etiamad
450 3939 483 4006 id
494 3947 664 4008 teneantur
674 3937 853 4007 Ordinarii.
866 3937 1027 4006 Praeterea
1038 3937 1118 4008 dum
1128 3939 1259 4026 dieitur,

109 4056 255 4136 Quoerat
268 4048 308 4117 de
321 4049 401 4129 uita,
416 4056 491 4134 eto,
506 4069 572 4116 nou
584 4046 716 4114 additur
726 4068 880 4138 expresse
892 4045 1098 4136 peneraliter,
1113 4049 1262 4136 quumvis

107 4159 143 4226 id
163 4165 213 4224 sal
229 4165 340 4247 aperte
353 4164 441 4224 totus
455 4162 625 4223 contextus
639 4153 771 4221 iudicet.

158 4261 318 4354 Megisad
328 4260 674 4330 ramiaoerevideutur
683 4261 859 4350 textusqui
870 4261 1087 4329 visitationem
1098 4259 1263 4354 episeopu-
