3050 4984
282 449 345 515 lot
657 465 836 516 macrsms
858 465 898 514 nn
918 466 1054 516 marcus.

325 593 360 658 4⁰
374 588 477 660 Debet
488 588 635 658 examini
647 587 802 659 interesse
815 589 974 679 nouum,
991 591 1048 682 qui
1060 594 1164 682 potest
1177 611 1249 660 esse
1262 588 1433 659 actuarius

281 719 340 767 seu
354 695 567 766 cancellarius
581 696 771 789 episcopalis
790 698 891 767 curiae
900 723 910 786 ;
927 705 965 768 ut
978 717 1095 790 nempe
1114 703 1220 768 totum
1238 719 1383 767 examen
1397 697 1434 765 in

281 811 352 873 acta
365 804 504 895 redigat.

327 917 358 980 5⁰
377 912 442 982 Pro
458 911 675 985 matrimoniis
689 934 767 982 cum
785 912 903 984 ectes's
923 911 1164 1000 contrahendis,
1181 911 1350 1005 prohiberi
1374 912 1435 982 de-

279 1020 358 1090 hent
373 1019 415 1089 ah
437 1017 621 1089 Ordinariis
642 1019 777 1112 parochi
796 1043 838 1090 nc
862 1020 1097 1114 publicationes
1120 1020 1252 1108 iaciant,
1273 1027 1351 1090 ante
1377 1041 1435 1090 rc-

279 1134 404 1219 ceptam
422 1149 443 1195 a
460 1127 552 1196 curia
570 1125 745 1219 episcopali
764 1126 1017 1214 atmstationem,
1041 1125 1130 1220 quod
1151 1149 1212 1220 pro
1233 1125 1293 1195 tali
1314 1127 1436 1196 matri-

280 1235 391 1306 monio
406 1234 562 1327 probatus
577 1233 618 1302 sit
632 1255 691 1325 per
706 1241 802 1304 testes
820 1234 903 1304 hhcr
925 1242 1038 1305 status.
1061 1234 1146 1306 Cum
1168 1242 1278 1304 autem
1293 1231 1357 1302 hcc
1373 1233 1436 1304 de-

279 1349 431 1413 cernatur
451 1363 603 1435 expresse
626 1363 687 1434 pro
709 1340 929 1412 matrimoniis
950 1341 1179 1412 contrahendis
1197 1364 1277 1412 cum
1296 1343 1433 1419 ceteris,
1506 1328 1507 1394 l

280 1449 428 1541 sequitur
440 1471 534 1541 posse
550 1447 742 1542 parochum,
759 1448 788 1517 si
803 1448 1016 1519 contrahatur
1030 1449 1117 1519 inter
1130 1448 1338 1530 diacorum,
1354 1457 1436 1518 ante

280 1564 442 1647 receptam
465 1554 586 1624 dictam
609 1556 847 1626 attestationem
870 1555 1105 1650 publicationes
1124 1556 1230 1629 lacera
1253 1555 1324 1626 :ad
1342 1555 1436 1626 cele-

278 1661 459 1733 brationem
474 1671 583 1732 autem
600 1662 801 1732 matrimonii
815 1663 998 1736 necessaria
1012 1664 1086 1754 erit,
1103 1663 1201 1734 ctiam
1215 1663 1325 1756 quoad
1342 1661 1436 1733 dioe·
1507 1714 1508 1739 t

280 1792 425 1855 cesarms,
441 1769 568 1862 praevia
582 1769 639 1839 illa
652 1771 825 1841 attestatio.

327 1880 358 1947 6.
382 1875 495 1960 Quoad
508 1899 622 1968 vagos,
638 1877 783 1969 exigitur
799 1886 837 1948 ut
859 1878 1034 1950 exhibeant
1049 1879 1266 1949 attestationes
1286 1877 1436 1950 Ordina-

282 1984 407 2054 riorum
432 2005 567 2053 auorum
589 1984 630 2052 dc
654 1991 739 2054 statu
764 1985 885 2073 liber03
914 1993 945 2055 et
970 1987 1104 2078 insuper
1125 1994 1163 2054 ut
1190 1992 1339 2056 servetur
1373 1987 1437 2056 dc-

281 2100 406 2160 cretum
417 2089 646 2161 Tridentinum
663 2092 752 2182 (sess.
772 2095 828 2179 ll,
842 2115 914 2184 cap.
934 2097 967 2180 7,
980 2091 1020 2162 dc
1034 2095 1105 2184 Res.
1123 2091 1302 2183 sutrim),
1317 2091 1354 2162 id
1369 2105 1436 2180 est,

281 2208 319 2269 ut
340 2199 501 2292 pamchus
524 2198 566 2267 ad
591 2221 706 2268 eorum
732 2199 977 2270 matrimonium
1002 2199 1231 2270 celebrandum
1259 2222 1326 2270 non
1351 2223 1437 2292 pro-

281 2306 385 2395 cedat,
401 2306 466 2375 nisi
480 2305 650 2376 certiorato
664 2327 724 2376 suo
739 2305 925 2395 Ordinario,
939 2315 971 2377 et
985 2308 1117 2378 obtenta
1130 2308 1171 2378 ab
1185 2331 1223 2378 eo
1237 2307 1386 2378 licentia.

326 2414 525 2506 Contingere
537 2423 646 2484 autem
660 2420 767 2507 potest
785 2422 822 2484 ut
840 2414 1029 2507 hujusmodi
1048 2416 1125 2506 vagi
1146 2423 1267 2486 statum
1286 2415 1437 2486 liberum

282 2520 421 2615 probare
439 2529 616 2613 nequeant,
637 2542 744 2612 neque
764 2543 823 2613 per
842 2522 1061 2591 attestationes
1080 2519 1331 2592 Ordinnriorum
1352 2543 1436 2592 suo-

281 2650 370 2716 rum,
386 2649 492 2720 neque
506 2649 563 2719 per
579 2635 683 2696 testes.
700 2627 795 2697 Tunc
809 2635 919 2698 autem
940 2629 1043 2698 solere
1057 2627 1184 2698 institui
1198 2627 1300 2697 abeis
1314 2649 1438 2698 recur-

203 2806 206 2814 ,
282 2757 357 2804 sum
377 2734 418 2804 ad
436 2734 570 2805 Sacram
592 2733 888 2825 Congregationem
907 2735 1131 2828 inquisitionis
1152 2742 1288 2804 testatur
1312 2735 1437 2806 Mona·

282 2843 355 2912 celli
370 2842 421 2912 his
432 2841 542 2912 verbis
557 2869 565 2909 :
584 2867 602 2906 ι
616 2841 661 2912 Hi
672 2891 725 2930 ...,
742 2843 771 2911 si
783 2865 922 2912 uxorem
936 2843 1054 2913 ducere
1068 2843 1182 2931 velint,
1199 2849 1231 2912 et
1244 2840 1283 2911 de
1294 2841 1437 2912 illorum

286 2975 305 3018 ι
327 2958 413 3018 statu
434 2949 552 3037 libero,
576 2971 682 3041 neque
702 2948 800 3018 fidem
822 2947 1086 3038 Ordinariomm,
1111 2972 1171 3019 nec
1191 2956 1287 3018 testes
1312 2949 1438 3020 afferre

287 3083 304 3123 ι
326 3056 465 3143 valeant,
484 3077 654 3125 recursum
677 3053 797 3125 habere
819 3055 924 3126 solent
946 3056 989 3125 ad
1012 3054 1161 3126 eamdem
1185 3055 1318 3125 Sacrum
1338 3056 1439 3126 Con-

286 3190 305 3231 ι
326 3163 548 3255 gregationem
565 3162 810 3255 inquisitionis3
829 3186 905 3256 quae
929 3171 1051 3234 attenta
1068 3163 1144 3234 lacti
1160 3163 1380 3255 expositione,
1404 3174 1439 3234 et

286 3258 442 3340 emorali
464 3269 723 3362 impossibilitate
744 3278 866 3340 certam
886 3279 989 3341 status
1012 3269 1112 3340 fidem
1134 3269 1290 3357 habendi,
1314 3293 1437 3363 preces

286 3403 304 3446 ι
327 3375 508 3446 Ordinariis
526 3376 673 3445 locomm
695 3377 845 3465 remittit,
866 3399 943 3447 cum
960 3377 1112 3448 facultate
1128 3386 1166 3446 ut
1183 3377 1307 3470 possint
1324 3377 1437 3468 (com-

286 3511 304 3551 ι
328 3483 449 3554 minata
463 3483 555 3576 prius
565 3483 757 3554 contrahere
768 3483 951 3555 volentibus
964 3507 1062 3576 poeua
1072 3484 1267 3570 triremium,
1282 3484 1438 3554 irremis-

286 3621 304 3662 ι
327 3592 462 3663 sibiliter
482 3590 672 3681 infligenda,
697 3592 733 3660 iu
753 3613 832 3661 casu
853 3593 941 3685 quod
961 3593 1049 3685 ipsos
1070 3592 1148 3662 alibi
1167 3592 1285 3662 habere
1306 3613 1438 3663 uxores

286 3727 304 3769 ι
327 3701 379 3771 vel
396 3699 485 3768 viros
505 3697 688 3788 detegatur,
713 3699 926 3792 prestitoque
949 3722 1007 3792 per
1028 3699 1158 3770 eosdem
1178 3699 1369 3790 juramento
1392 3701 1436 3769 ad

285 3835 305 3877 ιι
325 3808 443 3878 Sancta
461 3806 522 3875 Dei
541 3805 733 3895 Evangelia,
754 3829 788 3875 se
802 3829 872 3875 esse
890 3806 1010 3876 liberos
1030 3806 1072 3876 ad
1093 3804 1368 3898 contrahendum)
1392 3809 1437 3876 ad

286 3942 304 3984 ι
326 3912 574 3984 celebrationem
596 3912 796 3982 matrimonii
816 3912 987 3996 devenire;
1009 3922 1045 3982 ut
1066 3934 1132 3983 non
1148 3913 1249 3982 semel
1270 3911 1354 3981 mihi
1381 3914 1438 3984 in·

285 4048 304 4090 ι
326 4021 404 4091 cidit
427 4028 572 4111 tempore
593 4040 659 4110 quo
680 4041 816 4089 munere
836 4019 1022 4090 Vicariatus
1041 4020 1213 4110 fungebar.
1236 4018 1367 4092 Verum
1387 4030 1438 4090 est

285 4154 303 4196 ι
324 4137 432 4198 autem
445 4125 546 4219 quod,
563 4148 630 4194 non
650 4148 778 4218 semper
797 4150 888 4197 sacra
907 4127 1117 4218 congregatio
1130 4127 1233 4196 sancti
1246 4124 1355 4197 Officii
1372 4151 1437 4220 prc

286 4261 304 4304 ι
326 4234 515 4344 hujusmodi
535 4234 731 4326 vagantibus
753 4235 850 4306 talem
872 4235 1056 4306 facultatem
1076 4233 1222 4305 concedit
1229 4262 1239 4324 ;
1262 4235 1321 4304 sed
1341 4239 1437 4308 arbi·
