3050 4984
319 498 380 564 lul
692 517 866 566 reimarus
887 518 927 566 nn
948 516 1083 566 sunium.

314 646 407 732 pacto
423 639 545 710 mutari
559 661 625 710 non
647 647 802 734 potarunt
820 640 915 722 iolia3
931 647 964 710 et
976 649 1056 710 tunc
1074 660 1206 709 necessa
1221 659 1290 708 non
1311 637 1381 709 crit
1398 644 1460 708 acta

313 769 423 818 coram
437 747 704 840 procuratoribus
718 747 856 840 sigillari
870 756 927 818 aut
940 747 1005 817 illis
1014 747 1213 838 consignari.

358 855 395 925 Si
410 877 476 948 qua
490 855 623 926 inventa
636 855 735 926 fuerit
751 856 788 924 in
798 854 958 926 damnum
973 855 1165 948 appellantis
1175 854 1318 945 vitiatio,
1329 855 1459 925 sunau

310 969 367 1032 tur
380 962 423 1032 ad
438 962 572 1033 effectus
583 963 668 1054 juris
683 963 719 1032 in
734 963 822 1033 hunc
838 962 974 1034 modum
990 991 998 1030 ι

355 1119 370 1157 n
393 1097 494 1164 Facta
521 1097 689 1163 solutione
711 1105 840 1181 reperta
867 1104 944 1162 sunt
965 1099 1132 1182 sequemia
1155 1097 1238 1161 uitia
1260 1115 1273 1160 .·
1297 1098 1399 1161 tertia
1419 1099 1460 1177 so

314 1203 358 1268 lio
378 1206 491 1288 omia,
513 1203 599 1268 linea
614 1223 713 1284 nana,
728 1205 903 1270 uatetar...
922 1205 963 1272 ln
986 1204 1143 1289 oripinali
1160 1222 1250 1282 vero,
1268 1204 1359 1284 solio
1427 1204 1461 1266 a·

314 1329 378 1377 nea
454 1311 629 1377 nabetur...
644 1347 683 1359 —
705 1313 864 1396 Vipesimo
884 1313 985 1396 copie
1000 1311 1194 1394 polinianen
1215 1358 1262 1391 ...,
1286 1311 1459 1376 nahem...

313 1421 355 1486 In
367 1419 523 1502 oriplnali
535 1438 623 1498 uero,
637 1419 718 1502 solio
735 1468 783 1499 ...,
796 1420 883 1485 linea
899 1468 947 1498 ...,
958 1419 1097 1485 labetur
1168 1419 1215 1500 (at
1227 1419 1274 1482 sic
1287 1419 1459 1500 deinceps.

313 1526 509 1609 inquorum
526 1527 635 1608 fidem.
653 1563 691 1574 -
705 1528 780 1611 Epa
793 1529 850 1607 N,
861 1535 1066 1614 procurator.
1082 1561 1121 1574 —
1135 1527 1209 1610 Epo
1230 1527 1289 1606 N„
1302 1543 1460 1610 praema-

317 1641 376 1698 tor.
394 1670 432 1680 -
446 1633 520 1716 Epo
531 1634 588 1714 N,
604 1636 782 1701 actuarius.
800 1658 815 1695 o

748 1877 891 1946 CAPUT
914 1876 1018 1947 LXV.

359 2079 462 2125 totam
485 2079 628 2126 renuunt!
656 2079 830 2126 smmis!
851 2080 944 2126 suem
965 2080 1088 2127 Vlwllss
1120 2077 1364 2126 sermunculis
1387 2081 1424 2125 ΑΒ

749 2196 1023 2244 tumetceuwtttn.

354 2389 478 2459 Gitetur
500 2388 666 2482 appellans
688 2388 729 2458 sd
750 2388 947 2460 audiendam
966 2389 1180 2474 sententiam
1197 2408 1257 2480 pro
1279 2410 1353 2480 quo
1376 2387 1461 2457 adhi-
1502 2432 1503 2435 =

310 2496 381 2566 beri
395 2495 525 2588 poterit,
542 2496 674 2564 mutatis
690 2495 867 2585 mutandis,
883 2496 1027 2567 formula
1041 2496 1191 2589 superius
1206 2493 1352 2583 tradita,
1368 2505 1401 2564 et
1415 2517 1461 2563 eo

311 2603 387 2672 dem
402 2612 620 2694 comparente,
638 2603 665 2670 si
679 2603 751 2694 ejus
764 2603 938 2696 appellatio
953 2603 1120 2695 judicetur
1138 2601 1321 2671 emisione
1338 2603 1378 2671 in
1397 2603 1461 2695 jure

311 2719 343 2778 et
356 2709 390 2778 iu
406 2709 503 2796 iacto,
519 2709 753 2801 pronuntietur
762 2711 798 2778 in
812 2709 901 2780 hunc
915 2709 1051 2780 modum
1070 2737 1079 2778 ι

353 2844 428 2911 «ln
451 2845 581 2908 nomine
604 2843 742 2909 Domini.
768 2846 884 2908 Amen.
907 2880 945 2891 -
976 2845 1050 2920 Visa
1076 2843 1295 2929 appellatione
1321 2845 1461 2928 interpo-

310 2951 373 3016 sita
387 2971 408 3015 a
422 2950 552 3015 domino
575 2951 608 3014 N
610 2999 631 3030 .,
651 2969 707 3016 reo
723 2959 895 3034 praetenue,
915 2970 1013 3035 super
1027 2953 1184 3017 sentmtia
1204 2952 1460 3026 interlocutoria,

312 3061 380 3125 tata
396 3078 456 3142 per
469 3058 684 3123 reamandum
697 3059 730 3126 N
733 3106 740 3122 .
762 3058 929 3125 Vinarium
944 3060 1141 3142 peneralern,
1155 3059 1328 3123 diaeceseos
1344 3059 1393 3128 N.
1408 3064 1460 3142 ju-

313 3169 415 3234 dicem
432 3166 650 3246 ordinarem
668 3165 721 3231 die
793 3184 901 3230 mense
975 3185 1062 3231 anno
1128 3187 1139 3227 :
1154 3165 1231 3230 ouis
1251 3167 1368 3232 saeuas
1386 3185 1462 3250 pre·

311 3277 405 3341 dictae
425 3274 651 3359 appellationis
664 3292 687 3337 a
709 3281 889 3338 memorato
907 3292 963 3339 reo
975 3282 1137 3357 praetenso
1154 3273 1355 3354 poponus,-
1374 3276 1461 3337 ouu-

309 3401 371 3466 pue
405 3389 437 3447 et
467 3389 597 3446 mature
626 3379 815 3466 ponderatis
849 3381 1100 3462 depositionibsu
1134 3381 1282 3456 teatinen,
1315 3389 1353 3443 et
1392 3382 1461 3445 aliu

311 3491 533 3554 instrumentis
559 3488 602 3552 ab
623 3488 809 3572 appellante
828 3487 1010 3572 productis,
1029 3506 1090 3571 per
1117 3487 1202 3552 lanc
1222 3493 1381 3552 metram
1401 3507 1461 3552 aas

311 3601 446 3666 tentiam
462 3599 667 3664 declaramus
681 3605 714 3662 et
726 3597 876 3675 dicimus,
889 3597 977 3662 male
995 3598 1097 3679 fuisse
1110 3615 1133 3659 a
1146 3601 1332 3660 memorato
1349 3598 1461 3679 judice
1500 3670 1501 3677 χ

311 3707 550 3785 interlocutum,
569 3714 601 3770 et
618 3707 696 3771 bene
715 3704 928 3790 appellatum.
952 3705 1160 3788 Quapropter
1178 3721 1315 3770 causam
1337 3727 1364 3771 a
1382 3725 1461 3791 prr·

311 3816 395 3880 dicto
409 3813 584 3878 reverendo
598 3814 640 3877 N.
662 3814 787 3879 Vicario
802 3812 949 3895 penerali
961 3812 1106 3878 diaecesis
1118 3813 1161 3881 N.
1177 3813 1225 3877 ad
1235 3823 1393 3884 nostnuu
1407 3837 1462 3886 me

311 3923 542 4006 tropolitanum
557 3920 898 3986 tribunataoocamus.
916 3922 1051 4001 Datum,
1068 3927 1125 3987 etc.
1141 3956 1183 3970 -
1195 3922 1270 4007 Epo
1284 3926 1348 4007 N„
1378 3929 1460 3994 Vica-

310 4032 379 4094 rius
393 4028 555 4111 peueratis
562 4027 824 4094 archidiacenus
837 4029 882 4097 N.
897 4063 937 4077 -
950 4029 1021 4112 Epa
1034 4029 1065 4092 N
1067 4077 1089 4108 .,
1104 4033 1285 4096 actuarius.
1302 4055 1320 4095 n

355 4163 449 4248 Quod
464 4163 492 4233 si
506 4162 680 4256 appellatio
700 4163 845 4256 judicata
858 4163 958 4236 fuerit
979 4163 1205 4255 insubsistens,
1222 4177 1298 4260 post
1322 4171 1459 4244 verbm

314 4272 526 4343 Declaramus
537 4279 677 4366 ponatur
694 4298 701 4340 z
