3050 4984
525 533 600 579 rans
622 534 768 581 secunus.
1152 516 1211 579 157

126 656 154 718 2.
168 654 243 721 item
260 653 427 746 quomodo
443 654 630 722 iaciendum
651 655 695 721 sit
716 676 856 723 examen
877 655 1009 723 testium
1034 664 1065 723 et
1087 656 1214 724 instru-

31 793 32 796 ¹
91 769 260 829 mentorum
275 763 309 829 in
325 783 479 852 processu
494 761 720 849 informativo,
737 762 838 829 habes
850 762 884 829 in
899 762 1119 830 Formulorio.

127 871 153 932 3.
174 868 224 935 An
253 876 364 937 autem
385 878 417 935 et
438 868 605 959 quomodo
627 869 763 937 testibus
786 882 960 959 antequam
985 868 1217 937 examinentur

89 971 285 1043 deferendum
300 975 343 1042 sit
353 975 578 1065 juramentum
596 976 636 1043 de
650 974 787 1042 dicenda
801 975 947 1061 veritate,
962 998 1084 1043 necnon
1099 984 1217 1043 caetera

89 1102 150 1169 quaa
165 1080 200 1149 de
216 1081 353 1148 testibus
367 1090 399 1149 et
414 1082 641 1149 instrumentis
656 1079 819 1150 noscenda
831 1089 923 1167 sunt3
941 1080 1102 1149 tradimus
1114 1081 1213 1169 infra,

89 1185 134 1252 nbi
147 1186 183 1254 de
193 1187 458 1256 Prodationidus.

535 1490 678 1558 CAPUT
701 1490 744 1558 V.

457 1700 499 1743 DE
530 1699 731 1744 crra'rlunu
760 1699 828 1743 nul.

121 1934 164 2001 Ne
180 1936 216 2002 in
236 1935 460 2025 persequenda
482 1956 652 2026 processus
674 1935 852 2002 criminalis
874 1934 937 2001 tela
956 1936 1135 2025 quidquam
1155 1936 1216 2003 ali-

87 2040 165 2129 cujus
184 2042 344 2109 momenti
365 2042 570 2127 omittamus,
592 2041 645 2108 hic
663 2040 887 2109 adnotandum
906 2043 1009 2127 venit,
1029 2044 1217 2129 contingere

87 2170 178 2235 posse,
201 2157 238 2216 ut
257 2170 334 2216 rens
351 2157 527 2239 antequam
546 2148 673 2233 citetur,
696 2149 812 2215 resciat
831 2148 968 2216 formari
987 2158 1099 2216 contra
1115 2170 1148 2215 se
1165 2150 1217 2215 in-

87 2252 290 2323 formativum
315 2276 515 2346 processum.
544 2254 637 2321 Tunc
658 2262 769 2321 autem
791 2262 894 2344 potest
912 2253 1055 2343 judicem
1077 2255 1166 2322 adire
1185 2266 1217 2322 et

87 2361 340 2452 compositionem
356 2370 463 2452 petere
481 2391 488 2427 :
506 2383 581 2453 quae
601 2363 629 2429 si
647 2361 711 2451 ipsi
732 2360 940 2447 concedatur,
961 2362 1127 2451 processui
1141 2362 1215 2429 finis

87 2466 267 2557 imponitur.
294 2469 341 2537 De
368 2470 427 2535 hac
453 2478 563 2537 autem
587 2467 819 2557 compositione
841 2468 1035 2558 pecuniaria
1055 2470 1089 2536 in
1111 2470 1216 2537 causis

86 2574 313 2661 criminalibus,
330 2574 413 2665 quid
428 2575 635 2644 sentiendum
644 2576 700 2661 sit,
716 2585 748 2642 ct
762 2575 929 2665 quomodo
939 2585 1125 2666 peragatur,
1140 2576 1216 2643 satis

87 2676 215 2749 dicimus
230 2684 266 2749 in
278 2682 486 2750 Formuluiio
504 2683 638 2773 (collect.
657 2688 690 2769 2,
707 2704 777 2773 cap.
799 2684 864 2773 18).
884 2682 978 2751 Unde
992 2682 1056 2769 hic,
1074 2706 1112 2749 aa
1126 2705 1217 2773 praa-

87 2790 238 2877 termissa,
270 2789 312 2858 ad
341 2789 389 2857 rei
419 2790 682 2858 constitutionem
713 2799 744 2856 et
774 2789 959 2858 citationem
989 2788 1130 2879 gradum
1168 2789 1217 2857 ia-

88 2914 190 2964 umus.

123 3003 223 3091 Igitur
238 3003 387 3073 absoluto
402 3002 614 3071 informativo
627 3025 792 3095 processu,
809 3004 843 3071 id
859 3013 919 3093 est,
930 3003 1073 3095 juridico
1085 3004 1221 3072 testium

88 3116 114 3172 et
125 3110 417 3181 instrumentorum
437 3110 602 3197 examine,
622 3109 725 3199 judex
742 3110 926 3201 expendere
945 3110 1040 3179 debet
1058 3134 1100 3177 an
1120 3134 1160 3179 ex
1181 3134 1218 3179 eo

88 3228 221 3307 emergat
235 3216 351 3286 saltem
365 3218 562 3309 semi-plena
571 3228 683 3285 contra
692 3216 800 3285 Reum
816 3218 974 3307 probatio.
991 3218 1031 3285 Et
1043 3220 1070 3283 si
1084 3218 1218 3309 quidem

89 3325 243 3413 mrpenais
253 3324 647 3414 omnibussemi-pleoam
658 3324 882 3413 probationem
899 3348 964 3392 non
978 3327 1129 3415 reperiat,
1146 3326 1220 3393 fecit

89 3425 243 3500 decretum
260 3432 300 3500 de
315 3454 381 3502 non
396 3432 535 3500 ulterius
550 3429 766 3521 procedendo,
784 3440 813 3499 et
830 3432 875 3499 sic
896 3454 1002 3500 causae
1016 3431 1092 3499 finis
1106 3432 1219 3523 impo-

88 3537 177 3607 nitur.
195 3539 237 3609 S'r
246 3560 323 3609 vero
337 3540 500 3607 existimet
516 3538 628 3606 haberi
642 3538 774 3629 plenam
787 3549 842 3606 aut
856 3540 972 3607 saltem
985 3540 1217 3630 semi-plenam

87 3646 314 3734 probationem,
342 3645 447 3713 facere
473 3646 567 3713 debet
594 3647 761 3713 decretum
788 3646 827 3713 de
849 3647 1073 3714 constituendo
1096 3668 1162 3733 reo,
1187 3657 1218 3713 et

87 3765 308 3845 consequenter
318 3754 434 3845 jubere
450 3764 486 3821 ut
501 3775 578 3821 reus
590 3754 716 3821 citetur.

123 3860 206 3929 Cum
228 3872 338 3931 autem
363 3861 403 3929 de
429 3860 591 3951 ejusmodi
610 3862 759 3929 citatione
777 3863 872 3953 plura
894 3864 1053 3933 noscenda
1078 3865 1154 3954 sint,
1179 3868 1217 3937 de

87 3962 131 4031 bis
145 3968 179 4034 in
192 3970 346 4060 praesenti
360 3969 464 4060 capite
483 3968 572 4035 veuit
587 3968 827 4036 disserendum.

125 4073 264 4154 Qununo
284 4081 329 4143 1³.
346 4074 495 4159 -Quid
513 4075 555 4141 sit
575 4076 767 4141 citatiot-
787 4104 804 4141 a
819 4077 938 4146 Citatio
959 4088 1007 4145 est
1026 4091 1115 4148 actus
1135 4081 1219 4171 legi-

89 4201 104 4239 a
126 4182 235 4271 timus,
251 4206 317 4275 quo
335 4183 408 4275 quis
427 4182 583 4249 mandato
595 4182 714 4271 judicis
735 4198 868 4252 vocatur
890 4186 924 4251 in
948 4185 1111 4276 judicium
1134 4190 1218 4277 juris

93 4310 107 4347 e
127 4291 315 4379 experiundi
329 4312 465 4358 causa...
482 4289 522 4356 Et
537 4290 681 4357 sumitur
692 4290 813 4379 exlege
826 4294 863 4357 In
872 4292 931 4381 jus
949 4296 993 4383 (i,
1012 4294 1044 4359 ff.
1064 4294 1103 4363 de
1115 4298 1153 4363 Iu
1160 4298 1221 4389 jus
