3050 4984
295 542 355 606 116
667 557 844 603 ‘iniustius
869 558 905 602 os
928 557 1062 602 eunicus.

294 710 310 745 «
334 679 442 747 verbis
454 679 530 746 satis
547 678 687 747 ostendit
706 677 839 770 (Paulus
855 678 1057 768 Apostolus),
1072 699 1137 746 non
1148 686 1269 746 temere
1282 685 1339 745 out
1349 700 1434 768 qno-

294 815 310 852 «
337 787 520 867 modolibet,
552 785 606 853 sed
634 784 877 878 perjudicium
905 785 949 875 (1)
976 783 1172 853 auferendos
1190 807 1258 852 esse
1275 784 1377 852 mulos
1391 785 1433 852 ab

295 922 311 959 «
335 894 484 962 Ecclesiae
511 892 763 971 eommuniooe;
787 901 823 958 ut
838 893 866 958 si
882 912 940 981 per
952 890 1113 980 judicium
1136 891 1258 959 auferri
1276 913 1340 959 nou
1357 915 1435 983 pos-

295 1031 311 1067 «
334 1002 398 1069 sint
418 1001 476 1092 (t),
497 999 673 1068 tolerentur
689 999 798 1090 potius
813 1024 871 1083 ...3
888 998 965 1088 quie
992 1005 1024 1064 et
1036 997 1076 1064 od
1104 997 1165 1066 hoo
1183 998 1278 1066 nobis
1304 1009 1379 1066 suut
1401 999 1436 1064 in

295 1137 310 1174 «
334 1107 507 1200 seripturis
519 1107 636 1174 sanetis
650 1105 802 1194 exemplo
817 1106 1001 1195 proposite;
1019 1104 1108 1172 velut
1118 1105 1152 1171 in
1165 1127 1280 1189 messe,
1299 1114 1334 1171 ut
1344 1104 1437 1195 polee

295 1244 311 1280 «
335 1214 508 1283 sufferatur
520 1213 674 1304 usquead
690 1211 845 1279 ultimum
857 1212 1096 1297 ventilabrum3
1108 1211 1158 1278 vel
1171 1213 1256 1278 intra
1268 1211 1326 1278 ille
1340 1211 1436 1292 retis,

295 1353 310 1388 «
335 1323 391 1390 ubi
404 1323 508 1413 pisces
517 1321 677 1388 bonicum
689 1319 892 1411 mulioneque
906 1319 946 1387 od
960 1321 1230 1410 segregationem,
1240 1341 1316 1410 quae
1326 1317 1439 1385 futura

294 1457 310 1495 α
334 1438 382 1497 est
397 1429 432 1495 in
446 1428 567 1512 littore,
585 1425 617 1493 id
634 1434 682 1493 est
696 1425 731 1492 in
747 1423 812 1492 fine
831 1425 982 1494 smouli...
1002 1425 1115 1494 Noluit
1128 1425 1217 1491 enim
1235 1421 1436 1514 (Apostolus)

295 1565 310 1602 «
336 1536 502 1605 hominem
516 1534 557 1600 eb
572 1533 704 1600 homine
715 1532 855 1623 judicari
863 1555 904 1600 ex
915 1532 1053 1601 arbitrio
1061 1531 1268 1622 suspicionis,
1281 1530 1331 1598 vel
1340 1531 1440 1597 etium

296 1671 312 1708 «
336 1639 595 1710 extraordinario
619 1649 776 1730 usurpato
795 1639 920 1728 judicio
944 1668 950 1707 :
970 1639 1025 1707 sed
1043 1640 1152 1730 potius
1167 1661 1207 1706 ex
1222 1638 1293 1726 lege
1308 1637 1366 1704 Dei
1382 1658 1441 1703 se-

295 1780 311 1817 «
336 1748 479 1818 eundum
507 1748 656 1816 ordinem
671 1747 836 1832 Ecclesiae,
854 1747 923 1814 sive
939 1746 1026 1816 ultro
1039 1747 1238 1831 contessum,
1256 1744 1325 1812 sive
1339 1766 1442 1811 oceu-

294 1885 310 1922 «
335 1866 441 1924 satum
457 1854 696 1922 etoonviotum.
710 1879 726 1918 o
741 1852 1189 1942 (InhomiliudePoenitentia
1202 1856 1255 1933 50,
1267 1851 1369 1941 eapite
1384 1853 1440 1934 12,

293 1968 412 2032 inserto
426 1964 459 2029 in
476 1963 642 2030 decretum
652 1961 813 2048 Gratiani,
831 1963 936 2053 cupite
954 1965 1007 2046 18,
1018 1959 1214 2052 questionis
1231 1963 1261 2040 1,
1273 1979 1379 2026 oeusae
1390 1958 1440 2047 2.)

294 2073 338 2138 En
361 2071 470 2154 verba,
498 2068 644 2136 nondum
666 2067 836 2136 inductum
858 2077 889 2135 et
903 2068 1030 2136 lioitum
1048 2068 1148 2136 fuisse
1163 2065 1342 2155 Augustini
1356 2075 1445 2133 tenn-

292 2201 369 2267 pore
385 2175 628 2267 inquisitorium
647 2197 848 2266 processum,
864 2176 924 2242 etsi
932 2175 1045 2242 forsan
1053 2175 1200 2263 rigorose
1209 2196 1277 2242 non
1288 2172 1443 2264 probent,

294 2285 501 2353 vehementer
517 2284 630 2360 saltem
645 2284 806 2351 innuunt.

336 2393 373 2458 in
390 2390 546 2481 opusculo
561 2402 668 2457 entem
689 2390 916 2472 Questiouum
929 2413 967 2458 esc
977 2403 1117 2482 utroque
1126 2401 1320 2458 testamento
1340 2387 1445 2478 (quod

294 2500 369 2566 lioet
383 2497 567 2587 Augustino
581 2497 663 2564 falso
680 2497 853 2582 tributum,
868 2507 917 2564 est
927 2506 1036 2566 tomen
1048 2497 1192 2565 auctoris
1205 2496 1445 2584 vetustissimi),

296 2608 340 2673 sio
358 2605 497 2672 hebetur
512 2607 638 2696 (quaest.
665 2604 739 2694 tot)
768 2634 775 2671 ι
798 2605 871 2672 «Et
887 2603 994 2672 adhue
1016 2616 1064 2672 est
1083 2603 1208 2694 aliquid
1221 2603 1308 2694 quod
1324 2604 1451 2694 depre—

300 2741 316 2776 «
342 2711 456 2780 hendit
467 2711 669 2780 Novatieuus
686 2739 693 2778 :
712 2734 784 2796 our,
802 2713 921 2802 iuquit,
939 2713 1067 2803 Corpus
1086 2711 1218 2779 Domini
1236 2709 1369 2777 tradunt
1383 2710 1448 2796 eis,

302 2847 318 2884 ιι
342 2840 424 2910 quos
450 2828 612 2887 noverunt
629 2823 838 2908 peccatores?
851 2857 896 2870 -
910 2818 1011 2900 Quasi
1026 2819 1150 2910 possint
1165 2819 1227 2909 ipsi
1243 2827 1452 2886 uoeusotores

304 2955 319 2992 «
343 2949 425 3012 esse,
442 2927 500 3016 qui
515 2934 591 2992 sunt
595 2925 732 3017 judiees.
743 2925 779 2994 Si
788 2935 896 2994 eutem
905 2927 1045 2995 ooousnti
1053 2927 1175 2994 tuerint
1189 2935 1221 2994 et
1238 2927 1451 3013 manifestati,

304 3059 320 3096 (ι
344 3042 520 3124 potuerunt
533 3033 640 3123 abjici.
654 3033 736 3101 Nam
746 3033 819 3124 quis
826 3033 930 3124 judex
937 3035 1119 3102 accusantis
1134 3044 1242 3101 sumat
1253 3037 1452 3124 personam?

307 3167 322 3204 «
346 3139 428 3208 Nom
448 3141 475 3206 si
491 3139 559 3229 ipse
574 3140 733 3208 Dominus
748 3140 867 3208 ,iudam
883 3164 997 3231 possus
1012 3151 1073 3227 est,
1096 3164 1192 3232 quem
1209 3140 1328 3208 sciebat
1341 3139 1457 3208 furem

308 3275 324 3312 «
348 3269 429 3334 esse,
445 3257 477 3314 et
491 3269 529 3314 eo
542 3269 617 3337 qum
640 3246 853 3315 mittebantur
874 3257 1059 3339 exportare,
1082 3271 1141 3314 neo
1156 3270 1244 3336 enm,
1262 3248 1339 3339 quie
1352 3269 1458 3316 seeu-

307 3382 323 3419 «
347 3364 435 3421 sotus
450 3375 515 3421 noo
530 3362 589 3438 est,
607 3354 735 3444 objeoit3
756 3354 817 3422 hoo
833 3355 984 3445 exemplo
1000 3355 1049 3422 uti
1064 3364 1203 3447 oportet,
1222 3365 1257 3422 ut
1272 3377 1348 3422 eum
1365 3354 1456 3446 obji-

310 3487 325 3522 «
349 3481 420 3526 oere
436 3481 501 3527 non
518 3458 689 3550 lioeet,qui
699 3459 981 3550 publioedeteotus
995 3483 1062 3529 nou
1077 3460 1218 3528 fuerit.»
1237 3461 1458 3530 nescitarum

307 3567 405 3634 verba
423 3566 500 3633 sotis
522 3575 631 3656 operte
645 3567 789 3634 innuunt
805 3590 871 3635 non
886 3567 997 3636 solitos
1017 3567 1117 3635 fuisse
1134 3567 1309 3659 Episcopos
1336 3590 1459 3660 proee-

308 3677 397 3757 dere,
413 3675 510 3741 etiem
527 3674 631 3740 ineos
654 3697 736 3765 quos
752 3674 926 3766 deliquisse
943 3684 1113 3762 noverant,
1134 3677 1197 3743 nisi
1210 3683 1376 3743 ooousetor
1392 3677 1460 3744 ali-
1516 3744 1517 3751 ,

308 3784 380 3874 quis
398 3781 433 3848 in
446 3779 606 3871 judicium
620 3781 776 3870 prodiret.

356 3893 388 3955 3ο
404 3892 459 3956 Eo
473 3888 606 3955 coneilio
625 3888 777 3956 Toletano
799 3903 901 3971 sento,
927 3891 1008 3958 ormi
1033 3895 1109 3977 638,
1127 3914 1156 3958 e.
1177 3895 1229 3957 11.
1249 3927 1292 3941 -
1321 3891 1463 3973 «Quis-

343 4193 374 4256 (1)
388 4191 437 4242 Per
444 4185 571 4254 judicium
586 4203 680 4254 nempe
691 4188 718 4240 in
729 4203 779 4255 quo
790 4193 939 4240 accusentur
949 4193 975 4240 et
989 4188 1187 4251 convineuntur,
1198 4193 1226 4240 ut
1237 4192 1305 4240 totus
1318 4194 1465 4243 contextus

312 4273 404 4322 innuit.

342 4355 374 4414 [t]
388 4351 425 4401 Eo
447 4349 525 4416 quod,
540 4363 634 4415 nempe
647 4351 734 4401 nultus
748 4351 856 4401 accedet
869 4355 1013 4414 uenusetor,
1026 4354 1051 4399 et
1065 4351 1188 4400 delictum
1203 4351 1333 4400 notorium
1348 4353 1464 4404 nonsit.
