3050 4984
258 514 320 581 sto
629 534 806 581 rurorarus
827 535 868 579 nn
888 534 1023 581 rumors.

257 654 428 725 sufficienti
464 655 769 746 extra-judicialiter
805 655 1020 746 processisset.
1056 653 1221 723 Ceterum
1250 652 1285 721 in
1314 674 1393 720 casu
1505 695 1506 700 =

255 763 352 831 etiam
374 784 439 854 quo
461 762 638 853 Episcopus
665 762 787 853 absque
807 761 981 831 sufficienti
1006 762 1127 830 motivo
1152 783 1194 830 ex
1221 760 1397 830 informate

257 868 448 938 conscientia
467 869 668 960 processerit,
693 892 767 937 reus
789 869 907 961 poterit
924 878 1050 938 tantum
1071 866 1114 936 ed
1139 868 1262 959 Papam
1282 888 1396 935 recur-

256 999 342 1062 rere;
355 986 388 1045 et
400 976 519 1045 valebit
531 978 688 1045 sententia
697 975 898 1067 episcopalis,
913 975 978 1043 nisi
990 998 1011 1043 a
1021 974 1122 1043 Sacra
1129 973 1396 1062 congregatione

256 1082 391 1153 Concilii
405 1082 617 1151 rescindetur.
634 1086 695 1150 Ast
709 1083 743 1151 in
758 1105 819 1152 sno
834 1104 982 1170 monrsn,
997 1081 1085 1150 idem
1105 1103 1183 1150 reus
1198 1079 1321 1148 utiliter
1335 1102 1399 1170 pro

256 1213 316 1259 sus
334 1190 518 1260 defensione
541 1189 701 1259 delectum
728 1188 822 1258 illum
848 1189 962 1260 motivi
990 1188 1178 1257 sufficientis
1201 1194 1343 1278 exponet
1364 1194 1399 1253 et

256 1296 417 1389 probabit.
434 1299 482 1366 Ao
496 1305 728 1388 consequenter
743 1298 812 1387 ipse
822 1298 1013 1388 Episcopus,
1030 1296 1112 1364 dum
1133 1292 1399 1362 informationem

257 1404 299 1472 ad
312 1403 591 1473 Eminentissimos
604 1404 717 1473 Patres
732 1404 910 1496 requisitus
931 1402 1130 1489 transmittit,
1148 1408 1399 1492 procreantem

257 1510 297 1579 ad
313 1510 543 1581 ostendendam
557 1510 723 1579 sententies
744 1533 814 1580 sure
831 1509 991 1603 justitiam
1008 1509 1134 1595 idonea,
1159 1507 1281 1576 utiliter
1298 1506 1399 1574 etiem

257 1617 433 1709 subjunget
447 1619 617 1704 motivum,
635 1640 676 1686 ex
694 1641 760 1707 quo
775 1620 816 1686 ud
830 1616 1073 1711 procedendum
1091 1612 1401 1705 extra-judicialiter

257 1724 409 1793 inductus
423 1723 496 1810 tuit,
510 1724 554 1793 ite
568 1724 687 1793 scilicet
702 1732 738 1793 ut
751 1724 840 1795 illius
855 1725 970 1796 motivi
984 1724 1178 1815 gravitatem
1196 1721 1297 1790 Sacra
1307 1719 1401 1789 Con·

257 1831 402 1920 gregatio
418 1833 517 1923 possit
532 1832 724 1923 perspicere.

301 1937 559 2030 Expendendum
573 1948 766 2023 remaneret,
787 1939 954 2031 quodnam
971 1938 1132 2007 motivum
1146 1958 1206 2028 pro
1225 1931 1400 2003 sufficienti

259 2045 373 2113 baberi
384 2045 484 2135 possit
497 2052 554 2113 aut
569 2044 695 2131 debeat,
706 2045 746 2113 sd
762 2046 797 2113 id
808 2056 843 2114 ut
857 2046 1018 2137 Episcopo
1031 2044 1081 2113 ias
1094 2044 1135 2111 sit
1150 2039 1402 2132 extra-jndicia-

258 2151 333 2220 litcr
348 2151 529 2242 procedere.
551 2151 616 2221 Sed
630 2152 670 2220 de
685 2152 747 2221 boc
761 2152 873 2243 nequit
887 2153 972 2221 tradi
986 2151 1148 2242 generalis
1160 2150 1287 2239 regula,
1303 2157 1338 2217 et
1350 2156 1402 2217 est

259 2257 455 2349 prudentum
471 2257 678 2327 aestimationi
690 2259 955 2350 relinquendum.

303 2365 467 2435 Lmrrrrro
482 2366 682 2435 tva-Non
693 2367 861 2458 sufficiunt
867 2366 1076 2459 probationes
1085 2364 1230 2457 qucsoli
1237 2363 1402 2455 Episcopo

261 2472 382 2541 crimen
393 2473 534 2563 probare
549 2472 700 2556 valeant,
715 2473 773 2542 sed
784 2474 999 2565 requiruntur
1019 2494 1065 2542 eae
1079 2495 1152 2565 quc
1167 2484 1256 2563 apte
1274 2470 1341 2538 sint
1356 2468 1404 2538 cd

256 2578 466 2669 probandum
481 2578 601 2647 crimen
614 2579 709 2670 opud
722 2582 865 2648 Sacram
882 2580 1176 2671 Conpreqctionem
1194 2577 1341 2648 concilii.
1357 2614 1403 2629 -

260 2681 492 2752 Gravissimum
507 2684 559 2751 bic
574 2685 787 2776 questionem
809 2686 1017 2776 attingimns3
1035 2708 1109 2778 quar
1123 2694 1159 2753 ut
1175 2683 1305 2753 facilius
1317 2705 1402 2752 eoo·
1507 2675 1508 2680 ’

261 2786 367 2875 detur,
384 2788 496 2859 sedulo
506 2789 792 2881 distinguendaest
803 2793 926 2884 duplex
938 2792 1167 2883 probationum
1180 2790 1300 2859 classis.
1315 2788 1404 2858 Sunt

263 2918 376 2985 nempe
399 2897 602 2986 probationes
623 2922 697 2990 quse
724 2898 854 2989 plenam
875 2897 1104 2968 certitudinem
1129 2898 1169 2966 de
1193 2896 1330 2964 crimine
1345 2896 1404 2986 ju·

262 3001 325 3070 dici
353 3003 570 3095 suppeditant,
601 3005 681 3096 quin
711 3017 819 3074 umen
846 3006 978 3074 valeant
1008 3004 1050 3073 ad
1079 3002 1285 3095 probandum
1315 3003 1404 3071 idem

262 3109 387 3177 crimen
415 3112 503 3202 apud
530 3119 664 3181 casuros
690 3112 840 3182 homines
867 3122 1043 3181 caeterosve
1066 3111 1193 3202 jndices
1225 3138 1233 3177 ι
1263 3118 1296 3177 et
1325 3118 1406 3177 sunt

263 3216 468 3306 probationes
486 3242 561 3310 quae
581 3218 621 3287 de
641 3242 675 3289 se
696 3227 781 3312 eptte
796 3229 873 3288 sunt
889 3221 931 3289 sd
949 3218 1155 3311 probandum
1175 3218 1312 3304 crimen,
1338 3239 1406 3287 non

265 3332 389 3391 tantum
406 3326 463 3392 uni
483 3325 597 3417 judici,
618 3326 673 3395 sed
690 3349 800 3395 coram
822 3327 975 3396 omnibus
996 3324 1223 3394 tribunalibus.
1245 3324 1406 3415 Exemplo

266 3452 334 3498 rena
349 3430 559 3501 illustremus.
577 3432 807 3525 Supponamus
821 3434 875 3523 agi
889 3434 930 3503 de
943 3432 1185 3525 pronuntianda
1205 3430 1407 3523 extra-jndi-

266 3537 388 3606 cialiter
408 3540 616 3631 suspensione
639 3549 751 3609 contra
772 3541 897 3609 Titium
916 3542 1155 3633 presbyterum,
1177 3539 1220 3608 ob
1240 3537 1407 3631 quoddam

267 3645 370 3736 ipsius
393 3645 556 3715 delictum.
585 3646 670 3715 Fieri
695 3655 856 3737 potestat
878 3648 1059 3739 Episcopus
1081 3659 1188 3715 certus
1216 3649 1259 3713 sit
1282 3646 1323 3715 de
1345 3646 1408 3715 boc

266 3752 343 3821 Titii
363 3752 491 3841 delicto,
511 3776 553 3821 ex
567 3776 606 3823 eo
624 3754 712 3845 quod
729 3755 798 3846 ipse
813 3755 954 3848 propriis
973 3755 1075 3823 oculis
1091 3754 1179 3823 testis
1192 3753 1308 3840 fuerit,
1327 3754 1407 3822 item

269 3882 310 3928 ex
330 3882 369 3927 eo
389 3858 476 3952 quod
494 3859 801 3950 extra-judicialiter
819 3870 850 3929 et
872 3862 908 3930 in
928 3862 1055 3953 privato
1072 3860 1233 3951 colloquio
1251 3859 1409 3928 delictum

269 3965 349 4034 illud
364 3965 468 4034 Titius
488 3965 551 4056 ipsi
566 3966 731 4035 confessus
751 3968 861 4036 luerit.
879 3969 915 4036 ln
935 3968 988 4036 bis
1003 3990 1101 4059 porro
1120 3975 1153 4036 et
1168 3965 1331 4035 similibus
1353 3988 1411 4034 ca·

269 4072 371 4161 sibus,
387 4097 440 4141 eas
462 4072 502 4140 de
517 4072 633 4140 delicto
649 4074 853 4165 probationes
867 4074 964 4143 habet
978 4074 1169 4165 Episcopus,
1190 4094 1265 4165 quoe
1278 4072 1409 4141 nullum

271 4180 333 4271 ipsi
349 4182 484 4250 dubium
497 4180 698 4273 relinquunt.
717 4182 847 4250 Esrdem
863 4191 971 4251 tamen
985 4182 1203 4274 probationes,
1218 4181 1247 4249 si
1259 4180 1302 4249 ad
1317 4180 1411 4250 aliud

268 4288 409 4357 tribunal
433 4312 528 4363 causo
553 4288 715 4378 transiret,
747 4288 940 4363 sufficientes
965 4313 1032 4359 non
1059 4289 1184 4378 forent,
1207 4288 1286 4385 quia
1317 4288 1411 4360 testi·
