3050 4984
564 509 639 556 rsus
662 509 808 556 secunus.
1213 493 1253 558 69

117 628 294 722 inquisitio,
307 629 439 699 laeditur
454 630 513 700 Rei
527 630 629 717 lama,
640 631 721 722 quin
729 637 862 700 excuset
872 629 1028 722 praedicta
1042 631 1119 702 boni
1133 631 1255 724 publici

119 739 196 806 ratio
204 765 214 824 ;
231 761 311 827 ergo
323 739 395 806 telis
405 738 571 829 inquisitio
585 747 696 807 contra
707 739 763 830 jus
778 738 924 808 naturale
938 741 1099 810 censenda
1112 750 1172 810 est.
1190 738 1257 810 Nec

119 845 287 936 objiciatur
301 853 377 914 tunc
391 845 621 936 negligendam
631 846 700 915 lore
715 870 735 914 a
750 847 1027 938 superioreipsius
1038 848 1256 941 delinquentis

119 952 266 1020 salntem.
277 951 484 1022 Namadboc
493 953 617 1022 bouum
627 952 945 1044 reoimpertiendum
954 955 1256 1047 patetviapaterna

120 1059 335 1150 inquisitionis
346 1069 378 1126 et
392 1061 610 1130 correctionis.

161 1167 242 1234 ltem
255 1189 321 1235 nou
332 1167 504 1258 objiciatur
518 1191 576 1259 per
588 1191 720 1260 poenam
734 1167 900 1260 publicam
914 1168 1074 1238 efficacius
1083 1193 1185 1260 quam
1200 1193 1258 1262 per

121 1273 219 1341 solam
234 1285 405 1366 paternam
421 1276 658 1368 correptionem
673 1276 772 1344 saluti
784 1277 988 1344 occultorum
998 1275 1258 1369 delinquentium

120 1381 295 1470 provideri.
312 1381 398 1450 Nam
413 1404 518 1474 neque
533 1382 594 1451 hoc
609 1383 734 1450 bouum
757 1383 958 1474 delinquenti
977 1383 1103 1452 occulto
1125 1385 1259 1475 praesti-

122 1497 202 1573 tum,
220 1511 325 1579 neque
340 1488 531 1580 exemplum
545 1512 586 1558 cs
604 1487 745 1558 vindicte
758 1489 903 1582 publica,
918 1488 1087 1558 ordinarie
1100 1513 1259 1582 compen-

121 1604 165 1663 sat
178 1595 370 1664 scandalum
385 1595 473 1689 quod
487 1619 528 1664 ex
544 1595 710 1688 productis
732 1598 768 1666 in
789 1597 958 1689 publicum
980 1597 1111 1667 occultis
1136 1598 1261 1668 delictis

120 1705 235 1772 oritur.
273 1704 343 1772 Hac
381 1726 498 1795 nempe
528 1703 727 1794 publicitate,
744 1704 931 1796 presertim
960 1704 1092 1796 quando
1120 1706 1259 1797 alicujus

120 1811 252 1879 Praelati
269 1813 320 1880 vel
335 1811 455 1899 clerici,
472 1834 532 1904 pro
547 1812 759 1902 integerrimo
775 1811 840 1880 hnc
856 1811 1081 1904 usquehabiti,
1095 1813 1260 1884 occultum

119 1918 242 1986 lacinus
253 1919 448 2010 judicialiter
463 1919 629 2010 penditur,
646 1919 741 1987 multi
751 1919 873 1988 debiles
882 1919 1151 2007 scandalizantur,
1162 1931 1259 2012 atque

121 2027 153 2094 in
167 2027 345 2094 discrimen
354 2025 430 2094 fidei
442 2035 598 2116 aguntur,
617 2027 727 2118 reique
743 2025 910 2095 catholicae
922 2025 1029 2094 hostes
1043 2049 1158 2095 ansam
1174 2029 1261 2097 vitu-

120 2131 255 2220 perandi
267 2141 299 2199 et
313 2132 450 2200 nocendi
463 2132 636 2225 arripiunt.

162 2238 229 2306 Nec
246 2237 378 2307 tandem
393 2239 565 2330 objicietur
590 2261 719 2330 semper
738 2238 850 2307 adesse
866 2238 1056 2307 nocumenti
1073 2240 1192 2331 publici
1206 2264 1262 2308 ra-

21 2389 22 2398 .
121 2345 257 2432 tionem,
281 2368 357 2414 cum
381 2345 536 2414 indirecte
559 2345 673 2414 saltem
699 2347 853 2415 nocivum
878 2368 1009 2437 semper
1034 2348 1263 2416 communitati

120 2453 173 2538 sit,
190 2475 257 2520 non
272 2454 412 2522 coerceri
426 2453 542 2521 delicta
557 2453 680 2522 occulta
694 2475 770 2544 quse
781 2453 913 2544 probari
928 2453 1096 2543 injudicio
1113 2466 1259 2546 possunt.

119 2560 205 2627 Nam
222 2561 335 2652 positis
344 2559 594 2630 circumstantiis
605 2559 640 2628 iu
658 2559 778 2652 quibus
788 2559 939 2629 Ecclesiae
953 2560 1120 2629 catholicas
1136 2561 1263 2630 lamilia

122 2666 286 2735 ordinarie
301 2677 462 2754 versatur,
477 2677 588 2758 aperta
603 2665 723 2734 scilicet
737 2689 779 2734 ex
793 2689 860 2734 uua
873 2675 964 2758 parte
982 2667 1189 2736 correctionis
1203 2691 1262 2759 pa-

123 2783 222 2843 ternae
237 2777 303 2862 via,
319 2774 449 2844 aliunde
464 2796 542 2842 vcro
557 2772 752 2842 imminente
764 2773 841 2842 dicti
856 2773 999 2842 scandali
1018 2775 1056 2867 (si
1066 2773 1263 2865 judicialiter

121 2883 325 2973 procedatur)
350 2881 509 2974 periculo,
527 2881 638 2950 miuus
654 2880 781 2949 malum
796 2889 858 2967 est,
873 2881 1068 2970 regulariter
1083 2881 1258 2972 loquendo,

120 2991 245 3060 occulta
260 2989 387 3076 delicta,
404 3011 478 3081 quse
492 2988 612 3056 directe
626 2989 970 3079 communitatemaut
983 2987 1175 3078 proximum
1196 3012 1262 3057 non

120 3097 256 3186 laeduut,
274 3100 434 3190 impunita
449 3097 603 3188 relinqui.
717 3161 719 3166 ,

164 3208 235 3297 Ego
251 3217 359 3276 tamen
376 3229 450 3276 eam
466 3229 507 3274 ex
519 3205 593 3296 jure
609 3203 750 3273 naturali
768 3203 993 3295 probationem
1016 3225 1083 3271 nou
1098 3203 1260 3292 sustineo;

122 3314 176 3382 sed
194 3324 229 3382 nt
256 3315 446 3406 quaestionis
468 3314 639 3382 dumtaxat
655 3311 799 3402 gravitas
814 3312 920 3402 magis
943 3311 1164 3380 attenderetur
1178 3311 1262 3380 deli-

24 3505 25 3516 *
122 3422 364 3492 neatemvolui.

165 3532 350 3600 Psorosrrro
365 3531 421 3598 lit.
444 3567 489 3580 -
503 3527 677 3596 Praemisso
692 3525 852 3617 pecoralis
865 3527 990 3616 reputa,
1008 3549 1075 3617 qua
1089 3549 1205 3618 nempe
1220 3527 1266 3596 ad

122 3637 364 3730 acquisitorium
388 3657 574 3728 processum
593 3635 721 3726 praeuia
747 3633 890 3722 infamia
919 3633 1109 3724 requiritur,
1136 3635 1264 3725 aliquot

24 3807 25 3813 ,
123 3745 272 3814 admittit
283 3745 507 3814 limitationes.
517 3744 604 3810 -A
619 3741 756 3833 praelata
769 3740 913 3829 generali
928 3740 1154 3829 regniacertos
1167 3765 1266 3830 quos-

25 3879 26 3908 1
123 3853 200 3920 dam
212 3847 421 3942 excipiendos
436 3873 505 3918 esse
516 3871 610 3917 casus
621 3857 745 3916 constat
759 3870 801 3916 ex
816 3847 888 3938 ipso
901 3848 1000 3914 etiam
1011 3847 1085 3937 jure
1098 3847 1265 3935 canonico,

25 3951 26 4044 J
123 3969 154 4027 et
166 3962 338 4028 doctorum
354 3957 526 4027 communi
540 3955 709 4024 sententia.

167 4067 302 4135 Primus
326 4087 421 4134 casus
435 4063 646 4156 excipiendus
662 4070 721 4148 est,
738 4062 855 4154 siquis
871 4063 998 4130 crimen
1013 4061 1177 4131 occultum
1191 4085 1270 4130 con-

124 4174 229 4242 fessus
245 4173 287 4240 sit
309 4173 343 4240 in
363 4170 499 4263 judicio.
529 4171 649 4262 Aperte
664 4167 699 4234 id
715 4166 858 4239 declarat
874 4191 973 4260 supra
989 4169 1084 4236 citata
1099 4166 1271 4238 decretalis

126 4285 306 4376 Postquam
323 4279 370 4375 (1,
389 4279 437 4352 tit.
460 4281 490 4370 l,
506 4278 563 4347 lib.
585 4282 615 4365 5,
630 4276 666 4344 in
683 4274 729 4367 6).
