3050 4984
290 457 352 524 stt
644 479 821 526 rascrsrns
849 479 887 525 nn
909 477 1045 524 eunicus.

332 599 421 669 Nota
443 603 474 668 1.
504 599 540 669 Si
560 609 677 670 natura
696 601 744 669 rei
769 601 922 693 postulet,
939 599 1090 692 deputari
1116 599 1233 668 debent
1247 607 1316 668 arte
1331 597 1427 690 periti

287 707 327 774 sd
344 707 543 775 visitandum
569 707 677 776 delicti
701 730 842 799 corpus3
863 705 1093 799 sufficiantque
1108 707 1186 776 duo.
1208 708 1428 776 «incrimine

289 840 306 878 e
328 821 436 882 sutem
451 813 556 905 stupri
582 815 639 904 (ait
651 814 825 904 Megalius,
849 815 954 884 Praei
973 813 1150 895 criminali,
1166 835 1237 904 cap.
1264 818 1297 900 2,
1316 837 1350 881 n.
1381 815 1427 902 8),

290 946 306 984 c
330 920 499 988 mittentur
513 928 580 988 tres
595 919 792 989 obstetrices.
811 947 827 984 r

329 1029 463 1096 Notat.
479 1023 516 1094 Si
528 1027 564 1094 in
577 1026 687 1118 aliqua
701 1027 836 1115 regione
851 1049 870 1094 a
885 1026 1012 1116 legibus
1035 1025 1246 1096 secmarihus
1262 1025 1429 1117 impedia-

284 1142 339 1200 tnr
351 1132 705 1224 ecclesiastiensjudex,
723 1157 765 1202 nc
780 1133 998 1202 visitationem
1014 1134 1161 1225 eorporis
1175 1133 1284 1202 delicti
1308 1135 1429 1226 exequi

283 1241 394 1331 possit,
411 1240 451 1308 de
472 1241 532 1308 hee
545 1239 805 1332 impossibilitate
821 1241 942 1309 incutio
957 1243 1013 1308 liet
1029 1241 1064 1308 in
1078 1241 1171 1324 sotis,
1186 1248 1218 1310 et
1232 1241 1430 1332 pmoedstur

284 1345 418 1438 perinde
444 1347 533 1415 acsi
562 1347 716 1416 delictum
732 1347 869 1436 vestigia
895 1369 961 1416 non
987 1347 1181 1439 reliquisset.
1212 1347 1305 1416 Dicta
1319 1357 1427 1416 autem

284 1453 404 1522 mentio
418 1453 489 1522 lieri
505 1453 623 1546 poterit
637 1455 673 1522 in
687 1455 777 1523 hunc
792 1454 927 1524 modum
947 1482 954 1521 :

325 1634 341 1665 a
361 1605 521 1686 Quamvis
538 1614 649 1669 eutem
669 1605 835 1684 delictum,
858 1623 961 1689 supra
981 1606 1041 1670 sud
1055 1625 1190 1670 numero
1263 1625 1426 1671 memore·

282 1724 364 1793 tum,
380 1715 423 1776 sit
437 1713 520 1793 [aeti
527 1714 765 1795 persuasissetis,
781 1731 820 1776 oc
836 1721 1064 1796 cortscquenter
1075 1731 1139 1798 per
1155 1732 1188 1777 se
1205 1714 1427 1778 visitationem

283 1822 427 1903 corporis
439 1817 548 1883 delicti
560 1821 749 1902 requireret,
764 1838 839 1884 cum
858 1829 967 1883 tamen
981 1821 1069 1886 dicto
1083 1821 1224 1886 Bibiena
1238 1823 1429 1884 examinari

281 1948 314 1993 se
328 1929 370 1992 ab
386 1925 607 1991 obstetricibus
619 1935 732 2008 sponte
747 1945 813 1990 non
827 1928 1016 2006 romentini,
1035 1937 1067 1991 et
1076 1946 1137 2010 per
1156 1927 1240 2010 loyes
1254 1928 1427 1993 seculares

282 2035 425 2117 reqionis
437 2041 555 2097 nostre
570 2034 794 2116 prepedictur
808 2034 917 2116 judee
930 2033 1172 2114 ecclesiasticus,
1189 2053 1230 2098 ne
1243 2035 1292 2100 ad
1304 2036 1427 2100 ideam

281 2161 394 2225 sopore
414 2141 526 2223 possit,
539 2143 848 2223 pronuntiavitrcv.
869 2142 924 2221 N,
951 2142 1097 2207 Viaorius
1116 2141 1290 2224 poneretis,
1313 2145 1426 2206 visito·
1508 2181 1509 2216 2

282 2251 401 2313 tionem
409 2249 553 2329 corporis
565 2247 685 2326 delicti,
695 2257 805 2331 utpote
815 2249 1046 2333 impossibilem
1060 2251 1276 2327 tirossamen
1289 2252 1425 2333 requiri,
1508 2231 1509 2304 l

282 2363 312 2419 et
325 2374 363 2418 ea
377 2355 498 2432 omisso
511 2354 647 2418 sterius
661 2371 728 2420 esse
739 2354 992 2438 procedendum.
1010 2377 1024 2414 o

723 2656 868 2726 CAPUT
891 2657 980 2725 xtn.

658 2850 762 2898 FORKA
788 2851 908 2897 CHAND!
933 2851 1055 2898 insist.

327 3053 514 3124 Necessaria
527 3060 575 3120 est
594 3053 723 3120 testium
740 3052 862 3139 citetio,
879 3062 949 3121 tum
976 3054 1054 3145 quis
1068 3054 1217 3145 alioquin
1232 3055 1426 3148 plerumque

281 3163 321 3231 ad
338 3159 567 3252 deponendum
583 3180 649 3226 non
664 3158 826 3245 venirent,
844 3169 913 3227 tum
923 3160 1003 3252 quia
1016 3173 1130 3251 sponte
1143 3161 1310 3230 venientes
1324 3185 1427 3252 regu-

276 3271 392 3352 lariter
403 3267 443 3335 de
455 3267 529 3357 jnre
545 3272 623 3333 sunt
637 3265 788 3357 suspecti.

326 3375 455 3466 Duplex
470 3383 580 3441 autem
604 3370 836 3461 distinguenda
861 3380 909 3440 est
934 3374 1065 3442 testium
1081 3373 1189 3443 eitstio
1209 3401 1217 3442 ε
1239 3378 1269 3442 t·
1284 3398 1323 3444 ea
1347 3401 1424 3470 qua

283 3485 356 3553 fieri
370 3481 450 3552 solet
466 3502 525 3572 pro
541 3479 772 3548 informatione
787 3479 900 3566 curiae,
918 3487 1093 3572 antequam
1115 3481 1231 3550 citetur
1247 3505 1324 3552 reus
1337 3492 1371 3552 et
1385 3486 1425 3552 lis

282 3593 325 3660 sit
339 3594 531 3672 contestata;
549 3590 582 3654 2⁰
606 3585 678 3654 nliae
694 3607 770 3677 quae
784 3589 868 3654 fiunt
879 3585 948 3675 jam
964 3587 1060 3655 citato
1074 3594 1106 3654 et
1119 3589 1293 3658 constituto
1309 3611 1379 3676 reo,
1395 3600 1427 3659 et

280 3700 338 3768 lite
352 3701 540 3778 contestata,
557 3693 626 3761 sive
647 3693 688 3760 ad
703 3691 934 3784 deponendum
951 3693 1056 3783 prima
1080 3693 1162 3781 viee,
1189 3696 1220 3762 si
1246 3717 1305 3786 pro
1319 3697 1426 3766 infor-

281 3804 423 3874 matione
436 3799 614 3869 summarie
630 3821 696 3868 non
710 3799 846 3867 inerunt
861 3800 978 3885 vocati,
993 3799 1063 3868 sive
1076 3799 1118 3866 ad
1131 3800 1312 3870 iterandam
1324 3803 1425 3896 depo-

282 3911 433 3980 sitionem
446 3907 515 3998 jem
526 3906 568 3973 eb
580 3905 660 3996 ipsis
674 3905 804 3974 tectam.

325 4019 428 4085 Porro
444 4015 479 4081 in
494 4010 596 4104 priori
611 4033 701 4094 casu,
719 4013 869 4099 testibus,
891 4012 970 4081 dum
995 4013 1147 4100 citantur,
1165 4036 1232 4083 non
1251 4015 1372 4086 dicitnr
1391 4019 1423 4086 in

282 4146 348 4216 qne
361 4143 459 4190 causa
471 4119 634 4210 deponere
646 4117 797 4205 debeant,
814 4119 888 4187 licet
907 4118 1100 4212 plerumque
1115 4143 1157 4189 ex
1173 4121 1423 4192 circumstantiis
1506 4205 1507 4214 ἵ

281 4225 625 4319 hocsnspioentur.1n
649 4225 820 4316 posteriori
835 4234 959 4312 summ,
976 4249 1051 4296 cnm
1065 4227 1133 4318 jam
1152 4249 1228 4296 rens
1243 4230 1285 4298 sit
1301 4233 1421 4300 consti·
