<?xml version="1.0" encoding="UTF-8"?>
<!DOCTYPE html PUBLIC "-//W3C//DTD XHTML 1.0 Transitional//EN"
    "http://www.w3.org/TR/xhtml1/DTD/xhtml1-transitional.dtd">
<html xmlns="http://www.w3.org/1999/xhtml" xml:lang="en" lang="en">
 <head>
  <title>
</title>
<meta http-equiv="Content-Type" content="text/html;charset=utf-8" />
  <meta name='ocr-system' content='tesseract 3.04.00' />
  <meta name='ocr-capabilities' content='ocr_page ocr_carea ocr_par ocr_line ocrx_word'/>
</head>
<body>
  <div class='ocr_page' id='page_1' title='image "./tractatusdejudi00goog_0301.png"; bbox 0 0 3050 4984; ppageno 0'>
   <div class='ocr_carea' id='block_1_1' title="bbox 538 526 1225 591">
    <p class='ocr_par' dir='ltr' id='par_1_1' title="bbox 538 526 1225 591">
     <span class='ocr_line' id='line_1_1' title="bbox 538 526 1225 591; baseline -0.003 0"><span class='ocrx_word' id='word_1_1' title='bbox 538 544 612 591; x_wconf 77' lang='lat' dir='ltr'><strong>raas</strong></span> <span class='ocrx_word' id='word_1_2' title='bbox 635 532 785 591; x_wconf 67' lang='lat' dir='ltr'><strong>sacerna:</strong></span> <span class='ocrx_word' id='word_1_3' title='bbox 1164 526 1225 590; x_wconf 77' lang='lat'><strong>293</strong></span> 
     </span>
    </p>
   </div>
   <div class='ocr_carea' id='block_1_2' title="bbox 93 664 1230 758">
    <p class='ocr_par' dir='ltr' id='par_1_2' title="bbox 93 664 1230 758">
     <span class='ocr_line' id='line_1_2' title="bbox 93 664 1230 758; baseline 0.002 -27"><span class='ocrx_word' id='word_1_4' title='bbox 93 690 108 730; x_wconf 77' lang='lat' dir='ltr'><strong>u</strong></span> <span class='ocrx_word' id='word_1_5' title='bbox 132 664 219 733; x_wconf 88' lang='lat' dir='ltr'><strong>mine</strong></span> <span class='ocrx_word' id='word_1_6' title='bbox 234 666 382 755; x_wconf 71' lang='lat' dir='ltr'><strong>prolatu,</strong></span> <span class='ocrx_word' id='word_1_7' title='bbox 411 666 461 735; x_wconf 85' lang='lat' dir='ltr'><strong>vel</strong></span> <span class='ocrx_word' id='word_1_8' title='bbox 478 690 497 735; x_wconf 89' lang='lat' dir='ltr'><strong>a</strong></span> <span class='ocrx_word' id='word_1_9' title='bbox 518 666 592 758; x_wconf 85' lang='lat' dir='ltr'><strong>jure</strong></span> <span class='ocrx_word' id='word_1_10' title='bbox 607 666 634 733; x_wconf 88' lang='lat' dir='ltr'><strong>si</strong></span> <span class='ocrx_word' id='word_1_11' title='bbox 650 673 798 735; x_wconf 85' lang='lat' dir='ltr'><strong>occurrat</strong></span> <span class='ocrx_word' id='word_1_12' title='bbox 823 664 960 735; x_wconf 89' lang='lat' dir='ltr'><strong>dubium</strong></span> <span class='ocrx_word' id='word_1_13' title='bbox 977 664 1066 746; x_wconf 78' lang='lat' dir='ltr'><strong>facti,</strong></span> <span class='ocrx_word' id='word_1_14' title='bbox 1082 666 1134 735; x_wconf 90' lang='lat' dir='ltr'><strong>vcl</strong></span> <span class='ocrx_word' id='word_1_15' title='bbox 1150 689 1230 757; x_wconf 89' lang='lat' dir='ltr'><strong>pro-</strong></span> 
     </span>
    </p>
   </div>
   <div class='ocr_carea' id='block_1_3' title="bbox 93 771 1229 2253">
    <p class='ocr_par' dir='ltr' id='par_1_3' title="bbox 93 771 1229 1697">
     <span class='ocr_line' id='line_1_3' title="bbox 93 771 1229 864; baseline 0.004 -27"><span class='ocrx_word' id='word_1_16' title='bbox 93 772 238 841; x_wconf 80' lang='lat' dir='ltr'><strong>«bobile</strong></span> <span class='ocrx_word' id='word_1_17' title='bbox 262 773 397 842; x_wconf 90' lang='lat' dir='ltr'><strong>dubium</strong></span> <span class='ocrx_word' id='word_1_18' title='bbox 421 773 517 863; x_wconf 84' lang='lat' dir='ltr'><strong>juris,</strong></span> <span class='ocrx_word' id='word_1_19' title='bbox 544 771 747 841; x_wconf 85' lang='lat' dir='ltr'><strong>concedenda</strong></span> <span class='ocrx_word' id='word_1_20' title='bbox 771 774 849 852; x_wconf 89' lang='lat' dir='ltr'><strong>erit;</strong></span> <span class='ocrx_word' id='word_1_21' title='bbox 874 782 1015 864; x_wconf 88' lang='lat' dir='ltr'><strong>tuncque</strong></span> <span class='ocrx_word' id='word_1_22' title='bbox 1034 773 1075 841; x_wconf 92' lang='lat' dir='ltr'><strong>ad</strong></span> <span class='ocrx_word' id='word_1_23' title='bbox 1101 782 1229 864; x_wconf 89' lang='lat' dir='ltr'><strong>tempus</strong></span> 
     </span>
     <span class='ocr_line' id='line_1_4' title="bbox 93 880 1228 972; baseline 0.003 -28"><span class='ocrx_word' id='word_1_24' title='bbox 93 880 230 948; x_wconf 75' lang='lat' dir='ltr'><strong>«breve</strong></span> <span class='ocrx_word' id='word_1_25' title='bbox 256 902 331 948; x_wconf 87' lang='lat' dir='ltr'><strong>oum</strong></span> <span class='ocrx_word' id='word_1_26' title='bbox 355 880 578 967; x_wconf 80' lang='lat' dir='ltr'><strong>reinciduntia,</strong></span> <span class='ocrx_word' id='word_1_27' title='bbox 606 888 638 947; x_wconf 91' lang='lat' dir='ltr'><strong>et</strong></span> <span class='ocrx_word' id='word_1_28' title='bbox 663 880 809 969; x_wconf 78' lang='lat' dir='ltr'><strong>preastita</strong></span> <span class='ocrx_word' id='word_1_29' title='bbox 837 902 895 972; x_wconf 87' lang='lat' dir='ltr'><strong>per</strong></span> <span class='ocrx_word' id='word_1_30' title='bbox 909 881 1228 947; x_wconf 84' lang='lat' dir='ltr'><strong>excommunicatum</strong></span> 
     </span>
     <span class='ocr_line' id='line_1_5' title="bbox 94 986 1227 1078; baseline 0.003 -27"><span class='ocrx_word' id='word_1_31' title='bbox 94 1012 109 1051; x_wconf 69' lang='grc' dir='ltr'><strong>ι(</strong></span> <span class='ocrx_word' id='word_1_32' title='bbox 131 986 280 1055; x_wconf 88' lang='lat' dir='ltr'><strong>cautione</strong></span> <span class='ocrx_word' id='word_1_33' title='bbox 293 987 332 1055; x_wconf 93' lang='lat' dir='ltr'><strong>de</strong></span> <span class='ocrx_word' id='word_1_34' title='bbox 348 987 462 1054; x_wconf 87' lang='lat' dir='ltr'><strong>stando</strong></span> <span class='ocrx_word' id='word_1_35' title='bbox 474 986 541 1077; x_wconf 84' lang='lat' dir='ltr'><strong>juri</strong></span> <span class='ocrx_word' id='word_1_36' title='bbox 550 994 581 1053; x_wconf 88' lang='lat' dir='ltr'><strong>et</strong></span> <span class='ocrx_word' id='word_1_37' title='bbox 596 986 738 1078; x_wconf 85' lang='lat' dir='ltr'><strong>parendo</strong></span> <span class='ocrx_word' id='word_1_38' title='bbox 746 986 908 1055; x_wconf 83' lang='lat' dir='ltr'><strong>mandatis</strong></span> <span class='ocrx_word' id='word_1_39' title='bbox 918 986 1068 1055; x_wconf 79' lang='lat' dir='ltr'><strong>Ecclesiae</strong></span> <span class='ocrx_word' id='word_1_40' title='bbox 1077 993 1203 1055; x_wconf 87' lang='lat' dir='ltr'><strong>tautum</strong></span> <span class='ocrx_word' id='word_1_41' title='bbox 1218 1014 1227 1054; x_wconf 74' lang='grc' dir='ltr'><strong>ε</strong></span> 
     </span>
     <span class='ocr_line' id='line_1_6' title="bbox 95 1092 1228 1186; baseline 0.004 -29"><span class='ocrx_word' id='word_1_42' title='bbox 95 1118 110 1157; x_wconf 87' lang='lat'>«</span> <span class='ocrx_word' id='word_1_43' title='bbox 132 1102 176 1177; x_wconf 86' lang='lat' dir='ltr'><strong>ct,</strong></span> <span class='ocrx_word' id='word_1_44' title='bbox 192 1092 218 1160; x_wconf 85' lang='lat' dir='ltr'><strong>si</strong></span> <span class='ocrx_word' id='word_1_45' title='bbox 233 1092 328 1184; x_wconf 84' lang='lat' dir='ltr'><strong>juxta</strong></span> <span class='ocrx_word' id='word_1_46' title='bbox 342 1093 482 1161; x_wconf 86' lang='lat' dir='ltr'><strong>formam</strong></span> <span class='ocrx_word' id='word_1_47' title='bbox 504 1116 523 1158; x_wconf 87' lang='lat' dir='ltr'><strong>a</strong></span> <span class='ocrx_word' id='word_1_48' title='bbox 542 1093 616 1183; x_wconf 83' lang='lat' dir='ltr'><strong>jure</strong></span> <span class='ocrx_word' id='word_1_49' title='bbox 631 1095 853 1184; x_wconf 73' lang='lat' dir='ltr'><strong>prescriptum</strong></span> <span class='ocrx_word' id='word_1_50' title='bbox 874 1093 1053 1186; x_wconf 75' lang='lat' dir='ltr'>apparebit,</span> <span class='ocrx_word' id='word_1_51' title='bbox 1071 1116 1167 1185; x_wconf 88' lang='lat' dir='ltr'><strong>quem</strong></span> <span class='ocrx_word' id='word_1_52' title='bbox 1184 1094 1228 1162; x_wconf 88' lang='lat' dir='ltr'><strong>ob</strong></span> 
     </span>
     <span class='ocr_line' id='line_1_7' title="bbox 95 1198 1228 1284; baseline 0.004 -21"><span class='ocrx_word' id='word_1_53' title='bbox 95 1225 110 1263; x_wconf 79' lang='lat' dir='ltr'><strong>c</strong></span> <span class='ocrx_word' id='word_1_54' title='bbox 133 1200 336 1267; x_wconf 85' lang='lat' dir='ltr'><strong>manifestam</strong></span> <span class='ocrx_word' id='word_1_55' title='bbox 350 1198 505 1267; x_wconf 79' lang='lat' dir='ltr'><strong>offensam</strong></span> <span class='ocrx_word' id='word_1_56' title='bbox 521 1200 839 1268; x_wconf 86' lang='lat' dir='ltr'><strong>excommunicatum</strong></span> <span class='ocrx_word' id='word_1_57' title='bbox 854 1200 1117 1284; x_wconf 81' lang='lat' dir='ltr'><strong>fuisse,debitam</strong></span> <span class='ocrx_word' id='word_1_58' title='bbox 1129 1201 1228 1269; x_wconf 91' lang='lat' dir='ltr'><strong>etiam</strong></span> 
     </span>
     <span class='ocr_line' id='line_1_8' title="bbox 95 1304 1225 1397; baseline 0.004 -28"><span class='ocrx_word' id='word_1_59' title='bbox 95 1332 110 1369; x_wconf 79' lang='lat' dir='ltr'><strong>a</strong></span> <span class='ocrx_word' id='word_1_60' title='bbox 132 1304 381 1373; x_wconf 77' lang='lat' dir='ltr'><strong>satisfactionem</strong></span> <span class='ocrx_word' id='word_1_61' title='bbox 395 1314 549 1397; x_wconf 82' lang='lat' dir='ltr'><strong>praesture</strong></span> <span class='ocrx_word' id='word_1_62' title='bbox 569 1332 576 1371; x_wconf 93' lang='lat'>:</span> <span class='ocrx_word' id='word_1_63' title='bbox 594 1314 638 1391; x_wconf 93' lang='lat' dir='ltr'><strong>et,</strong></span> <span class='ocrx_word' id='word_1_64' title='bbox 656 1306 684 1373; x_wconf 89' lang='lat' dir='ltr'><strong>si</strong></span> <span class='ocrx_word' id='word_1_65' title='bbox 698 1306 740 1374; x_wconf 89' lang='lat' dir='ltr'><strong>ob</strong></span> <span class='ocrx_word' id='word_1_66' title='bbox 755 1308 992 1375; x_wconf 80' lang='lat' dir='ltr'><strong>contumaciam</strong></span> <span class='ocrx_word' id='word_1_67' title='bbox 1009 1306 1225 1393; x_wconf 85' lang='lat' dir='ltr'><strong>manifestum,</strong></span> 
     </span>
     <span class='ocr_line' id='line_1_9' title="bbox 95 1412 1226 1506; baseline 0.001 -26"><span class='ocrx_word' id='word_1_68' title='bbox 95 1440 110 1479; x_wconf 76' lang='lat' dir='ltr'><strong>a</strong></span> <span class='ocrx_word' id='word_1_69' title='bbox 132 1414 283 1505; x_wconf 82' lang='lat' dir='ltr'><strong>expensis</strong></span> <span class='ocrx_word' id='word_1_70' title='bbox 297 1416 418 1506; x_wconf 86' lang='lat' dir='ltr'><strong>pariter</strong></span> <span class='ocrx_word' id='word_1_71' title='bbox 433 1414 635 1499; x_wconf 85' lang='lat' dir='ltr'><strong>satisfacere;</strong></span> <span class='ocrx_word' id='word_1_72' title='bbox 662 1424 693 1483; x_wconf 89' lang='lat' dir='ltr'><strong>et</strong></span> <span class='ocrx_word' id='word_1_73' title='bbox 707 1436 821 1482; x_wconf 86' lang='lat' dir='ltr'><strong>cavere</strong></span> <span class='ocrx_word' id='word_1_74' title='bbox 842 1414 881 1483; x_wconf 88' lang='lat' dir='ltr'><strong>de</strong></span> <span class='ocrx_word' id='word_1_75' title='bbox 894 1412 1017 1504; x_wconf 81' lang='lat' dir='ltr'><strong>judicio</strong></span> <span class='ocrx_word' id='word_1_76' title='bbox 1030 1415 1099 1482; x_wconf 82' lang='lat' dir='ltr'><strong>aisti</strong></span> <span class='ocrx_word' id='word_1_77' title='bbox 1116 1436 1226 1483; x_wconf 87' lang='lat' dir='ltr'><strong>eoram</strong></span> 
     </span>
     <span class='ocr_line' id='line_1_10' title="bbox 95 1520 1227 1613; baseline 0.003 -28"><span class='ocrx_word' id='word_1_78' title='bbox 95 1546 109 1585; x_wconf 78' lang='lat' dir='ltr'><strong>n</strong></span> <span class='ocrx_word' id='word_1_79' title='bbox 132 1522 445 1589; x_wconf 76' lang='lat' dir='ltr'><strong>excommunicatore</strong></span> <span class='ocrx_word' id='word_1_80' title='bbox 461 1522 488 1589; x_wconf 91' lang='lat' dir='ltr'><strong>is</strong></span> <span class='ocrx_word' id='word_1_81' title='bbox 502 1522 675 1609; x_wconf 84' lang='lat' dir='ltr'><strong>tenebitur,</strong></span> <span class='ocrx_word' id='word_1_82' title='bbox 690 1521 880 1613; x_wconf 86' lang='lat' dir='ltr'><strong>priusquam</strong></span> <span class='ocrx_word' id='word_1_83' title='bbox 890 1521 932 1587; x_wconf 89' lang='lat' dir='ltr'><strong>ad</strong></span> <span class='ocrx_word' id='word_1_84' title='bbox 947 1520 1104 1589; x_wconf 82' lang='lat' dir='ltr'><strong>cautelam</strong></span> <span class='ocrx_word' id='word_1_85' title='bbox 1120 1520 1227 1588; x_wconf 83' lang='lat' dir='ltr'><strong>absol-</strong></span> 
     </span>
     <span class='ocr_line' id='line_1_11' title="bbox 97 1638 241 1697; baseline 0.028 -4"><span class='ocrx_word' id='word_1_86' title='bbox 97 1654 111 1693; x_wconf 85' lang='lat' dir='ltr'><strong>u</strong></span> <span class='ocrx_word' id='word_1_87' title='bbox 132 1638 241 1697; x_wconf 87' lang='lat' dir='ltr'><strong>vatur.</strong></span> 
     </span>
    </p>

    <p class='ocr_par' dir='ltr' id='par_1_4' title="bbox 97 1734 1227 2149">
     <span class='ocr_line' id='line_1_12' title="bbox 137 1734 1225 1805; baseline 0.001 -4"><span class='ocrx_word' id='word_1_88' title='bbox 137 1764 153 1801; x_wconf 80' lang='lat' dir='ltr'><strong>n</strong></span> <span class='ocrx_word' id='word_1_89' title='bbox 171 1741 226 1805; x_wconf 76' lang='grc' dir='ltr'><strong>14ο</strong></span> <span class='ocrx_word' id='word_1_90' title='bbox 241 1738 271 1805; x_wconf 86' lang='grc' dir='ltr'>Α</span> <span class='ocrx_word' id='word_1_91' title='bbox 287 1736 443 1805; x_wconf 87' lang='lat' dir='ltr'><strong>sententia</strong></span> <span class='ocrx_word' id='word_1_92' title='bbox 457 1736 552 1803; x_wconf 86' lang='lat' dir='ltr'><strong>etiam</strong></span> <span class='ocrx_word' id='word_1_93' title='bbox 569 1734 735 1803; x_wconf 87' lang='lat' dir='ltr'><strong>definitiva</strong></span> <span class='ocrx_word' id='word_1_94' title='bbox 747 1742 862 1802; x_wconf 89' lang='lat' dir='ltr'><strong>contra</strong></span> <span class='ocrx_word' id='word_1_95' title='bbox 874 1755 991 1802; x_wconf 82' lang='lat' dir='ltr'><strong>verum</strong></span> <span class='ocrx_word' id='word_1_96' title='bbox 1005 1742 1225 1802; x_wconf 84' lang='lat' dir='ltr'><strong>contumacem</strong></span> 
     </span>
     <span class='ocr_line' id='line_1_13' title="bbox 98 1841 1225 1934; baseline 0.004 -29"><span class='ocrx_word' id='word_1_97' title='bbox 98 1871 111 1905; x_wconf 76' lang='lat' dir='ltr'><strong>n</strong></span> <span class='ocrx_word' id='word_1_98' title='bbox 133 1844 270 1934; x_wconf 88' lang='lat' dir='ltr'><strong>prolata,</strong></span> <span class='ocrx_word' id='word_1_99' title='bbox 284 1843 453 1934; x_wconf 88' lang='lat' dir='ltr'><strong>appellatio</strong></span> <span class='ocrx_word' id='word_1_100' title='bbox 469 1865 535 1910; x_wconf 92' lang='lat' dir='ltr'><strong>non</strong></span> <span class='ocrx_word' id='word_1_101' title='bbox 549 1843 737 1933; x_wconf 85' lang='lat' dir='ltr'><strong>recipiatur,</strong></span> <span class='ocrx_word' id='word_1_102' title='bbox 752 1864 811 1909; x_wconf 91' lang='lat' dir='ltr'><strong>nec</strong></span> <span class='ocrx_word' id='word_1_103' title='bbox 829 1841 984 1909; x_wconf 83' lang='lat' dir='ltr'><strong>inhibitio</strong></span> <span class='ocrx_word' id='word_1_104' title='bbox 992 1850 1049 1908; x_wconf 85' lang='lat' dir='ltr'><strong>aut</strong></span> <span class='ocrx_word' id='word_1_105' title='bbox 1060 1842 1124 1909; x_wconf 91' lang='lat' dir='ltr'><strong>alia</strong></span> <span class='ocrx_word' id='word_1_106' title='bbox 1132 1864 1225 1932; x_wconf 82' lang='lat' dir='ltr'><strong>quae-</strong></span> 
     </span>
     <span class='ocr_line' id='line_1_14' title="bbox 97 1948 1227 2043; baseline 0.004 -29"><span class='ocrx_word' id='word_1_107' title='bbox 97 1979 112 2015; x_wconf 82' lang='lat' dir='ltr'><strong>n</strong></span> <span class='ocrx_word' id='word_1_108' title='bbox 133 1952 185 2019; x_wconf 85' lang='lat' dir='ltr'><strong>vis</strong></span> <span class='ocrx_word' id='word_1_109' title='bbox 199 1951 354 2043; x_wconf 83' lang='lat' dir='ltr'><strong>provisio,</strong></span> <span class='ocrx_word' id='word_1_110' title='bbox 366 1950 522 2041; x_wconf 89' lang='lat' dir='ltr'><strong>quamdiu</strong></span> <span class='ocrx_word' id='word_1_111' title='bbox 536 1950 702 2041; x_wconf 84' lang='lat' dir='ltr'><strong>appellans</strong></span> <span class='ocrx_word' id='word_1_112' title='bbox 714 1950 749 2016; x_wconf 93' lang='lat' dir='ltr'><strong>in</strong></span> <span class='ocrx_word' id='word_1_113' title='bbox 767 1948 956 2040; x_wconf 83' lang='lat' dir='ltr'><strong>hujusmodi</strong></span> <span class='ocrx_word' id='word_1_114' title='bbox 966 1970 1044 2015; x_wconf 87' lang='lat' dir='ltr'><strong>vera</strong></span> <span class='ocrx_word' id='word_1_115' title='bbox 1056 1959 1227 2018; x_wconf 82' lang='lat' dir='ltr'><strong>contumu-</strong></span> 
     </span>
     <span class='ocr_line' id='line_1_15' title="bbox 98 2055 597 2149; baseline 0.004 -26"><span class='ocrx_word' id='word_1_116' title='bbox 98 2085 112 2123; x_wconf 75' lang='grc' dir='ltr'>α</span> <span class='ocrx_word' id='word_1_117' title='bbox 134 2060 182 2127; x_wconf 91' lang='lat' dir='ltr'><strong>cia</strong></span> <span class='ocrx_word' id='word_1_118' title='bbox 196 2058 382 2149; x_wconf 84' lang='lat' dir='ltr'><strong>perstiterit,</strong></span> <span class='ocrx_word' id='word_1_119' title='bbox 395 2055 597 2126; x_wconf 88' lang='lat' dir='ltr'><strong>concedatur.</strong></span> 
     </span>
    </p>

    <p class='ocr_par' dir='ltr' id='par_1_5' title="bbox 139 2163 1171 2253">
     <span class='ocr_line' id='line_1_16' title="bbox 139 2163 1171 2253; baseline -0.004 -22"><span class='ocrx_word' id='word_1_120' title='bbox 139 2194 154 2231; x_wconf 77' lang='lat' dir='ltr'><strong>c</strong></span> <span class='ocrx_word' id='word_1_121' title='bbox 170 2166 296 2251; x_wconf 66' lang='lat' dir='ltr'><strong>Romae,</strong></span> <span class='ocrx_word' id='word_1_122' title='bbox 314 2168 347 2234; x_wconf 90' lang='lat' dir='ltr'><strong>iu</strong></span> <span class='ocrx_word' id='word_1_123' title='bbox 362 2166 460 2235; x_wconf 87' lang='lat' dir='ltr'><strong>Sacra</strong></span> <span class='ocrx_word' id='word_1_124' title='bbox 474 2165 745 2253; x_wconf 75' lang='lat' dir='ltr'><strong>Congregatione,</strong></span> <span class='ocrx_word' id='word_1_125' title='bbox 763 2163 816 2231; x_wconf 88' lang='lat' dir='ltr'><strong>die</strong></span> <span class='ocrx_word' id='word_1_126' title='bbox 830 2168 868 2231; x_wconf 87' lang='grc'><strong>16</strong></span> <span class='ocrx_word' id='word_1_127' title='bbox 882 2164 1021 2232; x_wconf 83' lang='lat' dir='ltr'><strong>octobris</strong></span> <span class='ocrx_word' id='word_1_128' title='bbox 1038 2167 1134 2231; x_wconf 82' lang='lat'>1600.</span> <span class='ocrx_word' id='word_1_129' title='bbox 1154 2190 1171 2227; x_wconf 72' lang='lat' dir='ltr'><strong>n</strong></span> 
     </span>
    </p>
   </div>
   <div class='ocr_carea' id='block_1_4' title="bbox 0 0 1537 4984">
    <p class='ocr_par' dir='ltr' id='par_1_6' title="bbox 0 0 1537 4984">
     <span class='ocr_line' id='line_1_17' title="bbox 0 0 1537 4984; baseline 0 0"><span class='ocrx_word' id='word_1_130' title='bbox 0 0 1537 4984; x_wconf 95' lang='lat' dir='ltr'><strong> </strong></span> 
     </span>
    </p>
   </div>
  </div>
 </body>
</html>
