3050 4984
517 515 590 564 sens
614 515 761 564 secusne.
1144 497 1205 561 609

62 655 138 702 cum
166 637 373 722 Sempronio,
398 638 445 702 ad
462 639 607 720 formam
634 637 837 722 sponsalium
862 636 1001 701 inuicem
1027 645 1207 702 contracto-

62 764 140 808 rum
162 754 193 808 et
211 749 416 829 juratorum,
439 745 479 810 de
498 747 615 830 qrciius
635 749 668 810 in
686 747 777 824 actis,
796 744 857 810 sub
872 763 972 827 poena
992 747 1209 808 excommuni-

64 853 216 929 cationis‚·
235 854 295 917 aiii
314 853 378 918 duo
400 853 637 918 addicendum
660 860 691 916 ct
710 851 920 934 aiiepondum
938 869 1083 929 causam,
1107 870 1209 935 quare

64 978 132 1023 non
151 958 241 1024 debet
261 959 410 1044 compelli
425 968 456 1025 et
474 961 752 1026 excommunicari
754 977 769 1039 ;
783 958 845 1023 aiii
857 976 933 1023 uero
951 959 1016 1024 duo
1035 957 1082 1024 ad
1095 959 1208 1024 uiden-

65 1065 147 1129 dum
169 1084 202 1132 se
222 1069 499 1132 excommunicari
518 1076 551 1132 et
568 1086 630 1151 pro
649 1067 926 1132 excommunicato
945 1066 1073 1149 puiiice
1089 1066 1210 1132 denun-

65 1173 156 1252 tiari,
177 1175 245 1257 ipso
264 1175 406 1258 amplius
424 1193 490 1239 nou
513 1177 653 1252 monito,·
672 1183 703 1238 ct
723 1175 855 1238 interim
875 1173 940 1237 sibi
959 1173 1122 1238 inhibetur
1149 1175 1209 1239 sub

61 1298 163 1364 poeno
183 1327 230 1360 ...,
245 1289 287 1360 et,
301 1283 335 1345 in
353 1281 545 1364 subsidium,
567 1281 918 1360 excommunicationis,
933 1299 974 1344 ne
992 1282 1114 1346 audeat
1135 1301 1210 1346 cum

65 1389 136 1452 aiio
154 1389 290 1453 muliere
310 1407 513 1474 quocumque
536 1389 632 1454 modo
653 1407 739 1453 nova
761 1388 936 1472 sponsalia,
951 1389 1018 1454 sive
1039 1389 1209 1454 matrimo-

64 1497 161 1560 nium
173 1495 398 1561 contrahere...
415 1520 429 1557 ι)
448 1496 507 1577 (Ex
520 1496 703 1574 Monacellm
720 1500 812 1579 parte
828 1501 859 1576 3,
874 1495 1009 1576 titulat,
1026 1496 1066 1561 ed
1079 1497 1206 1560 formu-

67 1603 135 1668 lam
148 1609 197 1684 30,
214 1605 476 1683 annotationes.)

609 1848 666 1920 ΙΙΙ.

67 2021 189 2073 Formnte
204 2017 373 2072 declemtoris
395 2019 675 2072 excommunicationis
691 2023 781 2072 contm
798 2033 868 2084 enm,
884 2020 1018 2086 qni,initis
1034 2020 1210 2085 monentibus,

400 2109 487 2161 renuit
502 2109 695 2162 matrimonium
712 2109 875 2162 contrahere.

111 2331 125 2370 ι
153 2309 290 2374 Attentis
319 2309 551 2392 comparitione
577 2318 608 2374 et
633 2311 789 2374 instantia
819 2310 979 2392 judiciati
1004 2311 1207 2393 Semproniae

67 2433 181 2480 coram
204 2415 304 2486 Nobis
319 2416 422 2497 facto,
444 2417 483 2481 de
502 2426 533 2482 et
551 2435 649 2500 super
669 2418 856 2482 executione
876 2416 1078 2500 sponsalium
1100 2415 1139 2480 de
1153 2418 1209 2497 su·

34 2587 38 2596 ,
68 2533 155 2604 turo,
170 2523 229 2588 sui
251 2526 443 2606 juramento
465 2525 548 2588 inter
568 2525 674 2606 ipsam
693 2526 867 2588 instantem
880 2533 912 2588 et
931 2525 1051 2591 Caium
1065 2533 1211 2588 contrac-

67 2638 189 2707 torum,
203 2631 280 2694 visis
298 2630 435 2713 juribus
456 2630 618 2710 exhibitis,
635 2649 673 2696 ac
694 2633 871 2696 monitione
887 2630 948 2695 sub
960 2648 1063 2715 poena
1082 2649 1209 2694 excom·

67 2737 298 2804 municotionis
325 2738 372 2801 od
392 2737 648 2802 contrahendum
675 2739 921 2803 matrimonium
949 2739 1213 2802 contradictum

69 2846 192 2913 Caium
221 2845 409 2910 contrahere
441 2853 629 2910 renuentem
659 2855 833 2928 exequuta,
861 2855 893 2910 et
926 2846 1048 2910 cuditis
1082 2863 1212 2909 excuso-

68 2953 210 3018 tionibus
237 2971 301 3038 per
339 2972 413 3017 eum
448 2953 591 3018 deductis
628 2971 640 3016 :
675 2953 812 3018 dicimus
844 2960 877 3017 et
906 2953 1109 3018 declaramus
1146 2971 1213 3016 csse

68 3060 176 3124 iocum
203 3061 412 3144 exequutioni
435 3061 653 3144 sponsalium·
677 3069 709 3124 et
731 3061 881 3125 eumdem
913 3061 1160 3127 Gaium.teneri
1183 3069 1216 3124 et

68 3168 250 3250 obliquium
284 3187 347 3233 esse
383 3169 430 3234 ad
462 3167 717 3233 contrahendum
744 3169 994 3233 matrimonium
1020 3187 1096 3233 cum
1128 3170 1213 3233 dicta

69 3277 281 3358 Sempronio,
300 3276 395 3341 etad
413 3276 496 3340 illud
515 3276 695 3359 copendum
715 3276 926 3341 ecclesiastico
948 3295 1102 3355 certsuro;
1114 3284 1213 3360 prout

68 3384 137 3454 Nos
160 3383 208 3448 od
227 3383 313 3447 hunc
335 3383 485 3465 effectum
507 3383 826 3448 excommunicamus
845 3393 876 3448 et
898 3385 1213 3449 excommunicatum

65 3489 194 3574 publice
208 3490 397 3554 denuntiari
410 3491 572 3569 uolumus,
588 3490 687 3555 donec
699 3491 929 3573 jurisjurandi
941 3490 1097 3574 retipione
1109 3491 1214 3555 odim·

66 3597 169 3682 pleto,
204 3596 325 3662 dictam
359 3597 590 3680 Semproniam
624 3597 723 3661 ducat
756 3601 791 3660 in
824 3616 973 3677 uxorem,
1001 3607 1033 3662 et
1064 3607 1159 3663 exeat
1192 3618 1213 3661 a

66 3714 210 3788 peccato.
254 3705 432 3771 Ceduiones
474 3705 691 3784 decernimus,
733 3714 763 3769 et
801 3705 964 3788 publicari
1002 3706 1211 3770 mandamus.

72 3814 182 3894 Omni,
198 3821 255 3878 etc.
274 3848 313 3859 -
328 3813 384 3893 N„
408 3813 554 3880 Vicarius
573 3813 744 3895 pancratis.
761 3838 777 3872 »
793 3813 853 3894 (Ex
873 3813 1056 3892 nouacula,
1069 3818 1160 3896 parte
1181 3821 1210 3894 3,

71 3921 164 3984 titulo
179 3927 207 3998 t,
225 3920 363 3985 formula
377 3923 442 4002 29.)
462 4003 464 4008 λ
