3050 4984
559 525 634 570 rans
656 525 802 571 smenon.
1184 504 1246 572 393

110 640 191 710 «ad
216 642 316 710 robur
339 642 415 712 fidei
435 665 473 711 ac
493 643 630 713 mlubm
660 644 806 714 fidelium
829 645 1011 733 observari,
1040 643 1246 715 universitati

109 776 128 815 c
149 757 265 818 vestre
277 771 335 841 per
346 750 522 841 apostolica
532 752 651 842 scripta
671 751 879 837 mandamus,
897 760 1056 843 quatenus
1073 774 1127 820 eas
1197 753 1248 821 le-

110 882 129 922 s
149 856 242 925 cistis
263 856 385 947 singuli
399 858 435 925 in
451 857 566 926 vestris
580 858 811 951 capitularibus
825 858 973 927 annotari
992 908 1046 945 ...‚
1068 858 1247 928 secundum

108 990 127 1029 a
149 986 204 1033 ess
217 970 331 1033 exacta
343 964 511 1055 ddigentia
524 966 720 1057 processuri.
739 966 896 1057 Alioquin
912 963 1036 1035 dilectis
1050 966 1125 1034 tiliis
1139 965 1248 1036 Priori

108 1096 125 1137 r
150 1070 349 1140 Provinciali
370 1081 401 1141 et
427 1072 595 1142 Fratribus
617 1072 866 1165 inquisitoribus
890 1072 1054 1141 brereticae
1079 1072 1249 1165 pravitatis

109 1204 127 1243 s
150 1177 276 1247 ordinis
287 1177 540 1248 Praedicatorum
550 1179 585 1247 in
594 1178 803 1267 Lombardis,
817 1178 963 1248 biarchis
978 1230 1029 1265 ...‚
1044 1187 1081 1246 ut
1093 1178 1134 1248 ed
1147 1178 1180 1247 id
1190 1201 1249 1248 vos

109 1312 127 1351 s
151 1308 210 1377 per
230 1284 598 1355 excommunicationem
621 1286 656 1353 in
676 1308 844 1378 personas,
860 1294 891 1355 et
907 1285 1115 1356 interdictum
1135 1287 1169 1355 in
1184 1294 1250 1355 ter-

110 1419 128 1457 o
151 1414 235 1478 ram,
251 1390 465 1485 appellatione
482 1400 619 1474 remota,
639 1393 848 1485 compellent.
867 1420 883 1457 s
904 1393 995 1462 Idem
1016 1400 1141 1463 constat
1160 1390 1249 1460 bulla

106 1498 159 1568 td
171 1498 370 1591 extirpando
385 1500 562 1569 Innocentii
575 1500 622 1571 tv
636 1501 737 1589 (mmo
751 1505 765 1568 1
781 1500 926 1569 Bullorii
940 1500 1247 1582 Dominioooorum,

104 1628 182 1699 pag.
200 1607 275 1697 233)
287 1632 297 1694 ;
314 1606 406 1675 bulla
420 1606 507 1675 Cum
519 1627 616 1700 super
633 1604 782 1698 ejusdam
795 1608 977 1694 Pontifiois,
994 1630 1069 1699 quae
1090 1606 1250 1676 υηίυενείς

105 1712 322 1795 Patriarclris,
339 1712 591 1806 Arebiepiscopb
607 1725 638 1782 et
650 1714 822 1806 Episcopo
834 1714 1036 1801 inscribitur,
1053 1721 1085 1783 et
1099 1735 1165 1805 qus
1178 1713 1249 1783 dis-

104 1820 283 1912 positiones
294 1820 533 1889 constitutionis
541 1822 647 1891 citatae
654 1820 707 1891 tt
715 1820 927 1913 extirpando,
938 1821 1151 1891 abuniversis
1161 1820 1249 1891 Prae·

104 1926 182 1995 lotis
194 1927 317 1996 servari
330 1928 567 2019 precipiantur
587 1926 692 2018 (ibid,
709 1950 785 2020 png.
808 1930 902 2019 218);
920 1928 1009 1997 bulla
1031 1930 1116 1997 Cum
1131 1927 1250 1997 adoer-

104 2056 163 2103 sus
176 2033 352 2104 Clementis
366 2034 413 2103 lV
427 2033 535 2126 (ibid,
555 2056 631 2125 pag.
651 2033 726 2126 160)
739 2062 747 2114 ;
761 2033 854 2103 bulla
877 2036 962 2103 Cum
983 2034 1136 2103 adversto
1154 2034 1249 2104 Nico·

104 2141 151 2209 lai
167 2141 226 2226 lv,
241 2163 308 2233 qna
322 2162 421 2233 supra
436 2150 625 2211 memorate
642 2141 730 2232 leges
743 2142 948 2234 imperatoris
962 2141 1128 2238 Friderioi
1139 2152 1251 2212 contra

105 2246 292 2334 haereticos,
307 2246 475 2318 observari
488 2246 647 2338 jubentur
661 2248 695 2315 in
715 2246 911 2334 Arelatensi,
927 2248 1074 2340 Aquensi
1094 2256 1125 2317 et
1142 2248 1250 2318 Ebre·

104 2353 248 2423 dunensi
261 2354 438 2446 provinciis
457 2356 555 2447 (tonw
569 2358 589 2421 2
604 2354 747 2424 Buttorr'i
761 2355 1067 2436 Dominiconorum,
1085 2377 1159 2447 pag.
1179 2358 1245 2449 22).

154 2466 185 2529 1.
211 2465 342 2530 tectam
366 2484 430 2531 esse
443 2484 581 2554 poenam
601 2461 687 2553 ipm's
712 2462 748 2529 in
772 2462 953 2543 hereticos,
978 2462 1162 2530 communis
1179 2463 1248 2554 suit

105 2568 281 2639 doetorum
299 2569 536 2638 catholicorum
550 2568 722 2638 sententie.
738 2606 784 2621 -
805 2596 820 2633 a
842 2567 989 2637 Profecto
1014 2590 1142 2661 pceuam
1164 2568 1251 2659 ignis

110 2701 129 2741 c
153 2676 188 2743 in
204 2674 371 2745 hereticos
388 2676 510 2767 justam
530 2685 563 2745 et
577 2675 719 2744 debitam
732 2698 802 2744 esse
817 2684 944 2745 certum
958 2685 1006 2745 est
1024 2703 1082 2763 ...ς
1107 2676 1250 2769 inspecta

109 2808 128 2848 c
153 2791 224 2853 tum
243 2784 402 2874 gravitate
420 2784 527 2853 delicti
548 2785 583 2852 in
597 2806 644 2870 se,
659 2784 839 2853 tumeliam
861 2784 1048 2874 ingentibus
1065 2784 1157 2854 malis
1174 2808 1249 2877 quse

108 2916 127 2956 s
151 2890 298 2982 ipsorum
314 2891 482 2960 occasione
495 2890 577 2959 oriri
596 2911 724 2983 semper
744 2889 904 2977 vidimus,
926 2890 1084 2960 nimirum
1106 2892 1250 2983 populo-

109 3025 127 3065 «
152 3019 227 3067 rum
241 2997 492 3090 conjurationes,
511 2996 684 3067 seditiones
703 3005 736 3066 et
757 2996 925 3087 religionis
949 2998 1189 3084 subversiones,
1213 3006 1251 3067 ut

108 3132 126 3169 s
153 3126 222 3173 rem
247 3104 375 3196 politice
399 3103 592 3173 disserentes
614 3102 791 3173 ostendunt
810 3104 847 3171 P.
864 3104 1070 3173 Menoocbius
1087 3156 1140 3192 ...,
1162 3105 1249 3174 Coe·
1297 3157 1301 3166 .

108 3238 127 3277 e
151 3211 281 3281 cbierns
360 3212 439 3281 lure
465 3211 568 3301 igitur
595 3211 774 3303 meritoque
794 3232 814 3279 s
832 3209 997 3279 Friderioo
1023 3218 1135 3280 contra
1161 3212 1249 3301 ipsos

108 3345 127 3385 s
151 3340 249 3410 prena
272 3318 357 3407 ignis
380 3318 414 3385 in
442 3318 493 3386 bis
518 3316 645 3407 legibus
672 3316 837 3387 statuitur.
865 3342 882 3381 r
914 3315 1106 3407 (Cardinalis
1132 3317 1245 3405 Petra,

105 3436 198 3495 tomo
214 3428 246 3513 3,
261 3425 380 3517 pagina
396 3429 428 3512 e,
444 3426 522 3495 edit.
537 3424 774 3515 somarios.)

155 3536 186 3600 t.
203 3532 280 3600 Fuit
291 3531 393 3600 etium
406 3531 567 3600 sententia
580 3530 674 3622 apud
685 3529 830 3600 doctores
843 3530 1018 3599 catholicos
1031 3530 1250 3600 communiter

104 3652 249 3731 recepto,
265 3638 373 3707 adesse
387 3638 423 3706 in
437 3638 582 3707 Ecclesia
594 3648 803 3729 potestaten,
821 3637 907 3727 ipsis
918 3659 1055 3728 poenam
1070 3637 1106 3705 in
1118 3636 1248 3707 bereti·

104 3768 161 3816 cos
175 3743 375 3814 detenendi.
389 3782 435 3797 -
448 3770 466 3810 s
477 3744 600 3813 Adesse
613 3745 648 3811 in
662 3744 804 3813 Ecclesia
818 3752 1006 3835 potestatem
1020 3742 1103 3813 hano
1118 3766 1248 3835 poensrn

109 3881 128 3921 s
154 3851 321 3944 infligendi
335 3852 371 3921 in
391 3853 572 3938 hereticos,
589 3850 690 3921 dubio
705 3851 819 3943 procul
838 3860 898 3939 est,
915 3852 1090 3944 proutlste
1110 3852 1249 3944 probent

109 3988 127 4028 κ
153 3960 370 4030 Bellsrmiuus
393 3960 491 4051 (tomo
515 3963 528 4027 1
553 3958 870 4047 Controuersiarum,
892 3958 977 4027 libro
1000 3962 1019 4027 3
1043 3957 1083 4027 de
1105 3959 1245 4042 Clericis,

108 4096 128 4134 s
153 4090 224 4159 cop.
242 4070 280 4134 21
297 4074 329 4134 et
345 4068 413 4156 22),
425 4066 576 4137 Valentia
591 4068 691 4157 (torno
703 4068 722 4133 3
735 4064 908 4153 Controv,
925 4064 1000 4133 dist.
1020 4067 1052 4152 1,
1069 4072 1181 4157 punct.
1200 4068 1245 4159 3),

109 4200 129 4239 ι
153 4171 275 4240 Suarez
290 4169 341 4261 (dc
354 4169 442 4253 Fide,
459 4169 581 4262 disput.
599 4175 654 4257 23,
670 4193 703 4240 ιι.
729 4173 783 4257 13,
798 4180 830 4241 et
844 4170 965 4263 disput.
989 4175 1045 4258 23,
1062 4180 1138 4240 seat.
1158 4176 1172 4241 1
1190 4195 1248 4265 per

110 4306 130 4345 ι
153 4278 309 4375 totam)...
326 4276 364 4348 Si
381 4276 471 4350 enim
486 4276 534 4349 roi
549 4276 637 4348 lese
660 4276 835 4371 mejestatis
850 4278 1007 4349 humane
1025 4278 1061 4347 in
1077 4288 1249 4373 conspectu
