3050 4984
284 478 346 547 nt
658 493 835 547 mucimus
857 496 895 545 nn
918 494 1053 546 runicus.

281 622 415 689 citatum
434 628 530 710 caput
546 620 607 687 sibi
623 623 795 710 praelixnm
822 622 904 687 banc
921 621 1088 687 rubricam
1109 647 1116 686 τ
1135 620 1234 690 Actor
1251 630 1376 691 tenetur
1391 617 1430 690 in
1516 686 1517 693 ,

281 728 410 817 seraptis
429 727 575 796 libellum
591 730 800 818 porripere...
823 728 932 795 iodea
951 750 1017 795 non
1036 727 1126 796 debet
1144 727 1317 797 admittere
1335 744 1431 797 acto-

282 856 352 901 rem
367 833 414 902 ad
427 833 637 925 litipandam,
654 834 718 901 nisi
728 834 824 925 prins
838 834 984 903 libellam
1000 834 1032 902 in
1047 834 1175 925 scriptis
1191 836 1316 927 offo-m.

327 941 463 1009 Probnri
492 941 588 1010 etium
620 948 727 1032 posset
756 941 857 1009 libelli
887 942 1061 1009 necessitas
1090 964 1132 1010 ex
1159 942 1234 1033 jure
1263 942 1429 1012 iustinia-

281 1069 361 1133 neo;
385 1069 460 1114 nam
484 1047 591 1138 quoad
616 1048 676 1115 hoc
698 1048 732 1113 in
755 1047 826 1116 ioro
850 1048 1066 1117 ecclesiastico
1091 1048 1203 1137 vigere
1227 1048 1427 1118 censendum

282 1162 341 1221 est.

327 1262 511 1331 Pnorosrrro
524 1260 580 1333 11³.
599 1302 644 1313 -
659 1265 698 1330 In
713 1260 841 1352 judicio
861 1261 1126 1329 extraordinario
1146 1260 1343 1329 necessarios
1363 1284 1429 1329 non

283 1382 328 1437 est
351 1367 487 1435 libellcn.
509 1408 554 1419 -
575 1368 713 1451 Quando
733 1367 836 1460 judex
859 1368 1003 1459 procedit
1021 1392 1062 1436 ex
1085 1368 1232 1453 notorio,
1261 1366 1311 1435 vel
1335 1392 1428 1437 sum-

284 1476 403 1561 marie,
426 1475 540 1544 velex
565 1474 740 1543 informata
761 1475 973 1562 couscientia,
1002 1475 1121 1542 dicitur
1145 1474 1425 1557 extraordinarie,

283 1580 315 1648 id
339 1591 406 1668 est,
433 1582 554 1673 absque
575 1581 740 1650 ordinarie
757 1582 957 1672 judiciorum
983 1583 1088 1650 forma
1111 1581 1295 1672 procedere.
1323 1582 1428 1649 Porro

282 1688 314 1755 in
333 1688 386 1756 bis
397 1689 524 1757 casibus
537 1711 603 1756 uon
619 1688 797 1780 requiritur
812 1688 912 1756 libelli
928 1688 1059 1757 oblatio.
1083 1714 1100 1752 κ
1115 1688 1152 1755 ln
1172 1688 1355 1755 summario
1369 1688 1428 1779 ju-

286 1820 302 1859 «
326 1794 410 1864 dicio
438 1797 494 1885 (nit
516 1793 828 1885 Schmulzgrueber,
853 1796 949 1863 citeto
972 1796 1075 1885 loco),
1102 1804 1134 1862 et
1157 1794 1363 1862 brevioribus
1389 1816 1428 1862 nc

284 1929 301 1968 e
325 1903 500 1970 levioribus
519 1904 640 1984 censis,
665 1902 761 1970 etium
786 1904 825 1970 de
846 1904 921 1994 jure
943 1902 1113 1970 communi
1135 1924 1201 1970 non
1222 1913 1269 1969 est
1296 1923 1427 1969 necesse

286 2034 302 2073 α
326 2006 470 2076 libellum
495 2008 616 2099 scripto
634 2007 735 2093 tredi;
761 2008 817 2076 sed
837 2008 954 2077 sufficit
973 2008 1090 2077 actoris
1108 2010 1295 2100 petitionem
1315 2030 1426 2076 coram
1516 2018 1517 2023 ’

286 2142 303 2180 «
323 2114 432 2205 judice
449 2114 548 2183 nudis
570 2114 678 2183 verbis
698 2116 850 2207 proponi,
875 2138 1013 2205 eamque
1035 2116 1115 2183 actis
1134 2116 1288 2183 contiuuo
1311 2114 1426 2202 inseri,
1516 2202 1517 2205 Ἴ

286 2232 363 2288 aut
387 2243 421 2290 re
448 2234 556 2310 postea
581 2220 748 2309 exigente,
775 2222 846 2312 ojus
871 2221 963 2311 copie
986 2220 1099 2288 beheri
1123 2222 1233 2311 possit.
1258 2246 1275 2285 n
1304 2222 1428 2288 invicte

281 2337 389 2397 autem
405 2328 437 2393 id
453 2327 610 2417 probatur
624 2348 663 2395 ex
677 2326 882 2395 Clementinn
898 2329 995 2417 sape
1011 2328 1056 2417 (2,
1074 2326 1114 2395 dc
1136 2326 1311 2395 Verborum
1325 2327 1427 2419 siqni-
1516 2342 1517 2351 ’

279 2436 456 2524 ficatione).
480 2434 527 2500 lbi
541 2434 629 2501 enim
643 2433 794 2501 Clemens
810 2434 841 2503 V
855 2434 897 2501 nd
914 2434 1072 2502 tollendas
1090 2435 1320 2520 dubitationes,
1338 2436 1427 2502 deli-

280 2544 330 2609 nit
350 2540 513 2631 ‹promodo
530 2540 749 2628 intelligendae
771 2541 836 2607 sint
856 2541 1035 2609 locutiones
1055 2540 1135 2628 illue,
1153 2541 1325 2631 procedere
1344 2542 1427 2609 sim·
1516 2574 1517 2637 j

276 2649 409 2739 pliciter
427 2661 458 2714 et
476 2646 516 2714 de
530 2648 646 2737 plano,
662 2648 731 2714 sine
745 2646 883 2737 strepitu
901 2660 932 2715 et
944 2648 1059 2737 fipara
1070 2646 1212 2737 judicit·
1227 2655 1324 2740 elque
1340 2649 1428 2717 inter

280 2757 344 2822 eliu
365 2754 462 2844 hujus
481 2754 752 2821 extraordinarie
777 2754 895 2821 lormae
916 2755 1083 2844 proprium
1104 2756 1235 2842 usserit,
1259 2768 1298 2821 ot
1314 2756 1427 2843 judea
1516 2788 1517 2793 ¹

280 2861 457 2929 necessario
467 2859 614 2928 libellum
622 2882 689 2927 non
698 2862 821 2951 eaipat.
839 2860 880 2927 Et
892 2860 989 2951 paulo
1001 2870 1074 2951 post
1084 2859 1194 2928 addit:
1214 2862 1333 2929 Veram
1344 2864 1427 2952 qaia
1516 2942 1517 2945 Ἴ

276 2968 446 3060 petitionis
463 2970 611 3057 sormam
619 2966 854 3058 pronuntiatio
869 2968 961 3058 sequi
979 2966 1081 3048 debet,
1099 2991 1164 3059 pra
1177 2983 1275 3059 parte
1294 2971 1427 3059 Apentis

284 3086 325 3165 (et
344 3074 400 3141 liei
414 3074 443 3140 si
458 3072 539 3163 quid
551 3087 661 3163 petere
680 3072 784 3163 velit),
803 3086 849 3141 est
864 3074 981 3163 inipso
1001 3073 1066 3141 litis
1082 3074 1215 3142 enardio
1228 3072 1348 3164 petitia
1364 3078 1426 3165 sa·
1516 3094 1517 3157 f

280 3182 405 3263 cienda,
421 3182 487 3249 siae
501 3180 641 3270 emptis,
659 3180 725 3247 rive
738 3179 845 3247 verbo.

324 3293 487 3357 Consonat
506 3288 745 3357 iustinieneum
763 3286 835 3377 jus,
856 3287 962 3378 quoad
984 3288 1044 3355 boc
1065 3288 1098 3355 iu
1123 3288 1193 3355 loro
1211 3287 1424 3358 ecclesiastico

280 3406 442 3486 receptum
464 3395 657 3483 [authentica
669 3393 742 3464 Nisi
754 3394 872 3477 breves,
887 3416 915 3461 c.
929 3392 1070 3461 deSent.
1085 3417 1125 3462 ce
1135 3394 1286 3463 branicol.
1299 3396 1420 3487 rent).

800 3726 820 3821 ς
842 3720 898 3798 m.

652 3919 739 3978 Qunl'u
751 3933 808 3969 ecre
823 3920 918 3971 debent
930 3920 1043 3971 libellus.
1089 3890 1092 3895 .

324 4158 411 4239 Qum·
425 4153 548 4225 soleant
567 4154 601 4221 in
623 4154 732 4222 libello
754 4155 895 4247 exprimi
917 4156 1073 4223 concinne
1093 4154 1225 4223 exbibet
1244 4177 1344 4246 supra
1368 4177 1422 4224 re-
1516 4148 1517 4217 i

280 4264 364 4333 latus
380 4287 510 4332 versus:
526 4263 616 4346 oab,
629 4261 721 4353 qnid,
738 4284 849 4331 coram
864 4284 939 4353 qno,
954 4286 1019 4353 qno
1026 4264 1286 4354 jarepetattrret
1299 4286 1422 4355 aquo:
1516 4270 1517 4295 ³
