3050 4984
538 481 613 529 rans
641 481 787 529 samson.
1190 458 1229 526 ts

89 600 196 682 donis,
207 600 289 668 etde
302 599 548 671 denuntiatione
567 603 614 672 ad
623 625 759 696 poenam
773 603 945 694 (quatenus
959 600 999 668 ad
1018 599 1106 668 riam
1123 600 1235 692 inqui·

88 707 214 776 sitionis
228 709 361 799 proprie
376 708 494 778 dicum
507 710 712 801 pertinente),
726 733 792 778 non
809 709 887 778 satis
898 709 1113 778 retinuerunt.
1130 708 1235 790 Quam

88 816 171 884 forta
192 815 266 886 ideo
286 817 513 907 neglexerunt,
534 818 696 908 quianon
716 822 843 910 poterat
862 814 1059 885 concordare
1078 837 1153 884 curn
1176 816 1236 884 bae

88 923 295 992 conclusione
315 923 356 991 ab
378 923 459 1015 ipsis
473 924 680 994 communius
695 923 837 992 admissa
855 950 863 990 ι
884 945 950 991 non
965 921 1164 1014 prurequiri
1180 923 1238 990 in-

85 1029 230 1118 famiam
246 1030 328 1100 dnm
337 1030 447 1122 judea
466 1055 506 1100 en
526 1031 774 1100 denuntiatione
786 1029 947 1123 procedit.
971 1031 1009 1098 ln
1025 1029 1109 1098 banc
1128 1037 1236 1098 autem

88 1137 393 1208 conclusionemeos
402 1139 562 1224 trahebat,
581 1147 649 1208 tum
662 1138 796 1233 quidam
810 1161 887 1207 mox
897 1137 1089 1206 referendus
1096 1137 1238 1207 Romani

85 1242 170 1332 juris
195 1253 318 1333 textus,
341 1253 412 1314 tum
441 1245 648 1316 secularium
680 1245 895 1316 tribunalium
920 1245 988 1335 jam
1014 1245 1061 1312 its
1087 1243 1237 1313 obtinens

89 1351 213 1440 praxis.

133 1458 318 1528 Ριιοιοιιιιο
332 1461 388 1528 11⁸.
400 1499 445 1514 -
461 1458 579 1529 Etiam
593 1460 629 1528 in
643 1483 721 1530 casu
739 1459 982 1528 denuntiatoris
991 1457 1236 1549 inquisitionem

89 1564 136 1632 ad
143 1565 324 1634 viredietam
333 1567 505 1658 publicam
512 1567 728 1658 postulantis,
746 1566 889 1657 infamia
900 1565 1099 1656 requtariter
1109 1588 1150 1633 ee
1154 1567 1236 1656 jure

88 1673 246 1741 canonico
255 1673 521 1765 presequiritur.
538 1713 583 1728 -
596 1671 778 1764 Propositio
795 1673 875 1757 baec,
895 1672 930 1739 in
950 1680 1111 1764 quanmm
1129 1673 1237 1762 agitur

89 1777 130 1846 de
152 1779 281 1870 privato
306 1781 416 1873 aliquo
441 1779 681 1869 denuntiatura,
708 1779 962 1848 controvertitur
988 1780 1236 1869 :inquantum

88 1895 197 1954 autem
219 1889 329 1977 agitm
348 1888 389 1956 de
410 1887 560 1956 ministro
583 1886 714 1978 publico
738 1885 789 1978 (de
810 1885 911 1955 fiscali
931 1893 1127 1978 promotore,
1145 1886 1237 1956 verbi

88 1993 205 2084 gratia)
224 2017 266 2061 ex
284 1993 393 2063 officio
409 1994 687 2063 denuntiationem
705 2001 919 2085 proponente,
942 1991 1008 2062 iere
1022 1994 1240 2062 communiter

88 2121 107 2164 a
121 2099 302 2168 canonialis
315 2100 470 2192 rejicitur.
495 2125 512 2166 n
531 2101 640 2168 Potest
653 2099 771 2192 judex,
787 2099 833 2166 ait
847 2098 1057 2168 Reiffenstuel
1075 2099 1120 2188 (in
1135 2100 1185 2168 tit.
1203 2104 1235 2183 t,

90 2231 106 2268 a
129 2206 191 2273 lib.
223 2211 242 2273 5
268 2207 379 2293 Decr,
402 2229 437 2276 n.
466 2207 557 2296 176),
580 2207 670 2275 nulla
689 2204 892 2298 precedente
909 2205 1045 2274 infamia
1070 2206 1237 2275 instituere

91 2338 107 2374 ι
129 2313 376 2404 inquisitionem
393 2313 577 2405 specialem,
592 2313 632 2382 ad
650 2313 811 2404 praeviam
829 2313 1109 2382 denuntiationem
1123 2314 1238 2382 minis·

91 2447 107 2483 ι
129 2420 178 2486 tri
206 2442 263 2489 sen
285 2420 432 2490 officialis
454 2419 588 2512 publici,
613 2418 653 2486 ad
678 2419 865 2509 indaganda
884 2429 917 2489 et
935 2419 1157 2488 denuntianda
1172 2422 1238 2488 cri·

12 2539 14 2552 ’
90 2555 105 2590 ι
130 2527 223 2596 mina
244 2553 285 2596 ex
310 2529 415 2598 officio
440 2529 627 2620 deputati...
654 2529 818 2618 Arguitur
844 2529 915 2617 lege
942 2529 1044 2597 Diuus
1071 2528 1237 2597 Adrianus

91 2661 106 2698 a
132 2637 182 2722 (6,
198 2635 234 2704 ff.
250 2635 291 2704 de
306 2635 593 2726 Crrstodiareor.),
606 2644 638 2703 et
653 2635 723 2724 lege
738 2637 792 2703 Ea
804 2635 937 2726 quidern
954 2637 999 2726 (t,
1012 2658 1040 2702 c.
1059 2634 1234 2726 detectas.)

90 2769 106 2804 ι
130 2742 180 2810 ibi
199 2769 207 2809 ι
224 2745 279 2810 Εα
299 2743 432 2834 quidem
446 2765 522 2835 qna
533 2765 595 2834 per
612 2743 756 2834 officium
769 2742 968 2832 prenditur
983 2741 1234 2827 denuntiantur,

91 2874 106 2910 a
129 2849 218 2916 citra
233 2849 390 2918 solennia
405 2850 651 2918 accusationum
659 2870 755 2941 posse
769 2847 934 2940 perpendi
949 2848 1156 2940 ircoqnitunr
1173 2873 1237 2918 non

91 2983 107 3018 ι
131 2967 192 3024 est.
210 2955 251 3022 tn
266 2957 300 3024 in
316 2955 378 3024 hoc
393 2958 470 3026 satis
486 2955 686 3026 conveniunt
701 2955 860 3023 doctores.
877 2955 1023 3024 Maxima
1035 2958 1238 3024 anteminter

91 3091 106 3126 a
132 3062 209 3128 illos
220 3063 440 3130 controversia
452 3073 512 3148 est,
526 3085 567 3130 an
579 3064 675 3131 etiarn
690 3061 729 3130 ad
740 3062 932 3130 instantiam
947 3085 1005 3131 sen
1019 3063 1235 3132 denuntiatio·

91 3196 107 3232 ι
131 3191 208 3235 nem
232 3170 351 3259 privati
377 3171 544 3238 instituere
565 3170 665 3261 possit
681 3169 787 3260 judex
805 3170 1048 3259 inquisitionem
1067 3171 1237 3260 specialem

91 3301 107 3340 ι
130 3276 203 3344 sine
224 3275 421 3365 precedenti
443 3277 589 3345 infamia.
617 3303 633 3339 n
661 3277 708 3344 lle
735 3285 820 3344 statu
840 3277 1029 3368 questionis
1050 3279 1096 3344 sic
1120 3277 1238 3346 lectore

90 3383 285 3472 praemonito
299 3382 341 3450 ud
361 3381 461 3451 thesis
476 3383 686 3474 probationes
701 3383 926 3452 deveniamus.

132 3489 304 3557 Probatur
323 3493 368 3576 1⁰,
384 3490 511 3558 ratione
525 3489 680 3580 pennati.
697 3527 741 3542 -
756 3489 815 3558 Est
826 3513 942 3581 nempe
955 3499 1044 3558 certa
1056 3500 1090 3559 et
1103 3493 1145 3560 ab
1163 3515 1239 3562 om-

90 3597 190 3664 nibns
208 3605 246 3665 ut
262 3597 336 3664 talis
356 3597 498 3666 admissa
522 3597 635 3688 regula
656 3599 830 3687 generalis,
852 3599 1047 3689 prareqniri
1068 3598 1238 3670 infamiam

89 3703 296 3796 quandoper
314 3704 404 3772 viam
423 3705 642 3796 inquisitionis
665 3707 862 3795 proceditur.
885 3705 981 3774 Sicut
999 3709 1240 3778 uenationem

90 3811 240 3902 leqitinra
260 3810 352 3880 debet
365 3811 545 3902 precedere
563 3812 741 3903 inscriptio,
766 3812 812 3879 sie
830 3812 1075 3902 rnquisitionem
1095 3816 1239 3885 clamosa

92 3919 275 3986 insinuatio
288 3919 470 4010 prevenire
486 3921 524 4008 (c.
542 3921 597 4004 tt,
612 3920 663 3986 tit.
684 3923 715 4004 t,
735 3919 791 3986 lib.
807 3919 959 4008 blicam).
977 3920 1013 3986 ld
1027 3942 1106 3987 vero
1118 3923 1239 3991 intelli-

92 4024 237 4113 gendum
248 4032 297 4092 est
308 4025 420 4094 saltem
432 4025 472 4093 de
485 4025 538 4092 via
552 4025 772 4116 inquisitionis
782 4024 929 4117 speciales
942 4037 974 4091 et
983 4026 1117 4116 proprie
1127 4028 1239 4110 dieta·

93 4133 195 4223 atqui,
213 4153 255 4199 ex
268 4131 467 4222 precedenti
479 4131 711 4223 propositione,
729 4131 808 4199 dum
827 4135 865 4198 fit
878 4132 1045 4222 inquisitio
1059 4133 1100 4200 cd
1113 4136 1237 4204 instan-

96 4239 170 4308 tiam
184 4239 436 4326 denuntiatoris,
450 4238 613 4329 publicam
625 4238 734 4306 delicti
746 4238 922 4306 vindictam
935 4242 1172 4330 prosequentis,
1184 4265 1242 4336 per
