3050 4984
296 484 357 547 art
670 504 845 548 rnrcrarns
868 505 906 549 or
929 504 1063 549 runicus,

291 625 425 692 motioni
442 624 705 716 relinquendum.
728 624 826 717 (Vide
843 625 1056 711 Lcurenium,
1072 627 1129 717 qui
1146 626 1218 696 fuse
1230 624 1271 693 de
1286 625 1419 717 expensis
1488 685 1493 716 ,

292 731 454 798 tractatio
471 754 530 799 suo
545 735 628 800 Foro
645 732 867 814 ecclesiastico,
887 734 920 800 in
936 734 984 800 tit.
1005 737 1060 819 27,
1076 732 1152 800 libri
1169 736 1188 799 2
1205 733 1417 814 Decretclinu,
1489 779 1493 796 .

291 860 322 929 q.
345 842 406 905 ttl
424 848 455 905 ct
468 839 706 932 sequentibus.)

334 944 476 1026 Quusrm
494 950 540 1013 8².
553 986 597 999 -
609 947 780 1030 Quomodo
794 947 868 1029 fieri
881 971 903 1015 α
912 947 1029 1039 judice
1037 948 1142 1040 possit
1156 960 1217 1016 out
1231 948 1343 1017 debeat
1355 970 1421 1015 cou-
1493 997 1494 1020 2

288 1053 454 1121 damnatio
469 1054 505 1121 io
520 1077 689 1147 carpentus,
708 1067 738 1122 et
753 1078 799 1122 oo
812 1054 856 1122 ab
870 1078 908 1122 eo
933 1055 1029 1123 detur
1042 1055 1246 1148 appellatio?
1260 1094 1304 1107 -
1321 1060 1351 1122 1ο
1364 1055 1421 1121 Ρο-

288 1170 347 1229 test
359 1160 472 1251 judex
503 1162 588 1231 hanc
619 1161 926 1231 condemnationem
958 1163 1172 1253 pronuntiare
1201 1172 1276 1231 ante
1306 1170 1421 1229 senten·

288 1270 367 1336 tiam
384 1268 598 1356 definitivam,
618 1292 676 1336 seu
702 1290 761 1359 per
784 1269 977 1337 sententiam
993 1269 1270 1339 interlocutoriam
1286 1296 1293 1335 :
1311 1278 1342 1337 et
1357 1277 1422 1336 tnnc

286 1398 357 1443 eam
373 1382 476 1466 potest
493 1374 597 1467 judex
623 1375 786 1464 corrigere
800 1384 857 1443 aut
873 1398 1038 1462 revocare,
1054 1399 1113 1445 nec
1129 1377 1226 1445 datur
1241 1375 1423 1465 regulariter
1496 1415 1497 1432 .

286 1482 327 1549 ab
343 1503 381 1549 ea
396 1481 587 1573 appellatio.

330 1592 363 1655 2⁰
398 1586 433 1655 Si
470 1610 547 1656 vero
585 1587 813 1657 condemnatio
850 1588 921 1657 haeo
950 1590 1006 1657 fiat
1034 1590 1134 1659 simul
1160 1613 1234 1657 cnm
1265 1588 1423 1657 definitiva

283 1694 453 1780 sententia,
487 1717 562 1786 pars
592 1694 681 1763 illius
711 1705 880 1783 censetur3
910 1719 947 1764 ac
976 1696 1113 1787 proinde
1141 1696 1299 1788 appellari
1327 1695 1366 1763 ab
1390 1715 1424 1760 ca

284 1800 401 1889 poterit
428 1806 604 1891 antequam
629 1798 799 1870 definitiva
816 1802 975 1869 sententia
996 1803 1030 1869 in
1046 1825 1115 1870 rem
1127 1801 1306 1893 judicatam
1321 1811 1423 1869 trans-

284 1906 367 1972 ierit.

330 2016 363 2079 3ο
376 2012 477 2080 Debet
488 2014 620 2103 insuper
632 2012 736 2105 judex
752 2036 910 2105 expensas
921 2038 976 2083 eas
992 2023 1116 2102 taxare,
1133 2039 1209 2107 quaa
1219 2039 1261 2085 ex
1274 2017 1424 2085 constitu-

284 2119 381 2206 tione,
400 2119 452 2188 vel
466 2120 551 2209 stylo
567 2120 681 2208 curiae,
698 2129 817 2191 taxatae
831 2144 897 2189 non
910 2122 1028 2191 forent.

335 2232 368 2293 l⁰
383 2228 412 2294 A
429 2228 598 2295 comotione
613 2250 671 2318 per
683 2226 827 2319 judicem
845 2229 939 2313 lacta,
956 2251 1022 2297 non
1038 2230 1135 2298 datur
1148 2230 1323 2322 appellatio
1329 2258 1339 2318 ;
1355 2232 1425 2322 quia

287 2334 407 2401 taxatio
421 2342 571 2402 censetur
585 2356 660 2425 pars
674 2335 871 2404 executionis
878 2360 892 2417 ;
907 2336 949 2403 ab
960 2336 1150 2405 executione
1163 2347 1273 2405 autem
1290 2360 1356 2405 non
1369 2360 1424 2427 ap-

286 2439 437 2529 pellatur.
459 2440 556 2530 (Vide
572 2439 678 2531 <quoad
697 2442 764 2509 haec
778 2441 992 2528 Leureniurn,
1008 2441 1078 2511 loco
1087 2443 1196 2528 citato,
1208 2466 1241 2533 q.
1261 2445 1322 2511 roo
1339 2452 1369 2511 et
1380 2466 1424 2510 sc-

286 2547 487 2637 quantinus.)

810 2772 899 2864 §n

320 2970 355 3017 lte
370 2970 522 3018 crccutlone
540 2970 684 3033 sentcntiae,
702 2972 727 3020 in
746 2970 777 3020 ils
790 2972 949 3034 regionibus,
962 2973 989 3023 in
1006 2974 1101 3037 quibus
1114 2975 1195 3038 J'udex
1210 2975 1400 3027 ecclesiasticus

601 3059 702 3110 brachii
714 3061 845 3110 secularis
857 3062 952 3111 auxilio
969 3062 1121 3113 destituitur.

328 3290 396 3357 Etsi
413 3290 446 3356 in
464 3292 502 3357 iis
517 3292 705 3380 regionibus
720 3294 918 3361 coactionem
937 3304 1105 3361 externam
1123 3297 1277 3365 adhibere
1295 3306 1430 3389 nequeat

285 3396 388 3488 judex
416 3397 660 3483 ecclesiasticus,
688 3400 943 3468 existimandum
969 3413 1111 3469 nonest
1138 3405 1214 3471 inde
1241 3406 1427 3496 prepediti,
1496 3417 1497 3478 l

285 3514 381 3593 atquc
398 3526 512 3592 prosus
535 3506 694 3573 inermem
717 3528 885 3575 remancre
900 3506 1108 3597 judiciariam
1123 3510 1275 3580 Ecclesiae
1290 3521 1431 3603 potesta·

286 3618 363 3677 tem.
382 3608 465 3675 Nam
1496 3609 1497 3624 ²

332 3718 354 3783 l.
375 3715 483 3784 Potest
497 3716 594 3783 etiam
611 3726 686 3785 tunc
699 3717 804 3808 judex
819 3718 1052 3790 ecclesiasticus
1068 3744 1121 3789 eas
1141 3725 1316 3792 sententias
1331 3725 1430 3811 ferre,

287 3848 362 3916 qnae
374 3822 600 3891 executionem
618 3846 728 3891 secum
741 3824 888 3893 trahunt.
913 3825 1089 3896 Sententia
1104 3830 1224 3897 scilicet
1238 3854 1433 3901 excommu-
1496 3819 1497 3904 i

288 3932 469 4016 nicationis,
488 3932 709 4022 suspensionis
724 3943 755 3999 et
771 3932 949 4018 interdicti,
961 3934 1082 4026 absque
1096 3938 1164 4005 ullo
1174 3940 1342 4007 saecularis
1358 3941 1433 4008 bra·
1496 3931 1497 3982 i

287 4038 354 4104 chii
377 4038 512 4121 auxilio,
539 4040 646 4106 ullave
661 4047 796 4109 externa
819 4042 996 4127 coactione,
1012 4042 1162 4111 effectum
1178 4068 1277 4113 suum
1293 4069 1435 4136 operan·
1496 4051 1497 4054 ’

288 4154 357 4227 tur,
376 4166 474 4233 quem
491 4144 581 4211 nulla
595 4148 761 4215 mundana
778 4160 918 4239 potestas
932 4150 1093 4240 impedire
1109 4152 1207 4220 valet.
1496 4221 1497 4228 ,

332 4252 372 4319 11.
399 4252 480 4317 ltcnn
508 4250 717 4344 depositionis
738 4257 778 4322 ab
794 4255 899 4325 officio
927 4258 1086 4327 sententio
1110 4259 1145 4327 in
1171 4260 1326 4329 clericum
1354 4286 1433 4353 pro·
1496 4247 1497 4332 l
