3050 4984
549 476 623 519 mas
646 474 791 521 saeuum.
1176 453 1237 516 153

95 604 134 664 ut
147 596 310 664 discernat
318 596 435 688 judex,
446 618 527 665 num
540 596 684 685 legitime
695 595 798 687 possit
814 618 907 664 reum
923 595 1033 679 citare,
1048 604 1080 663 et
1091 618 1148 686 per
1158 596 1239 663 eita-

96 706 224 772 tionem
249 726 360 771 coram
385 703 542 773 tribunali
565 726 625 771 suo
651 702 865 771 constitutum
889 702 1089 770 examinare.
1116 703 1242 770 Dicitur

96 811 197 878 etiam
216 832 386 901 processus
404 810 649 895 informatirus,
667 832 724 877 seu
744 830 913 899 processus
934 831 993 899 pro
1012 808 1242 877 informatione

97 918 214 1003 curiae,
229 918 297 985 sive
311 918 409 986 etiam
425 916 595 985 instructio
610 917 858 1007 praeparatoria.

140 1026 199 1092 Est
217 1033 327 1093 autem
348 1024 559 1093 ecclesiastico
575 1023 677 1113 judici
696 1024 845 1115 apprime
864 1023 1076 1109 noscendum,
1093 1023 1242 1115 quaudo-

96 1157 176 1201 uam
198 1132 311 1223 possit,
330 1140 363 1199 et
379 1130 589 1223 quandonam
609 1138 756 1199 teneatur
777 1130 940 1222 ejusmodi
956 1130 1169 1197 summarium
1186 1130 1242 1196 in-

97 1241 329 1309 formationem
360 1242 575 1330 promittere.
608 1239 690 1308 Item
727 1237 841 1306 sedulo
871 1237 1050 1325 distinguat
1079 1237 1241 1327 duplicem

96 1348 286 1416 summariae
311 1346 552 1415 informationis
575 1347 714 1437 speciem
743 1372 750 1412 :
774 1345 837 1413 alia
859 1346 947 1411 enim
970 1352 1019 1411 est
1041 1366 1114 1435 quae
1137 1342 1174 1409 fit
1200 1342 1242 1409 ad

96 1454 356 1544 dignoscendum
372 1461 484 1521 utrum
500 1462 623 1521 constet
636 1452 677 1521 de
688 1452 776 1519 fama
785 1451 915 1542 publica
925 1480 933 1529 ;
944 1460 975 1519 et
989 1451 1053 1519 alia
1061 1473 1134 1540 quae
1150 1451 1187 1515 fit
1200 1448 1242 1515 ad

97 1560 358 1651 dignoscendum
378 1583 422 1627 an
440 1561 557 1629 existat
575 1570 687 1628 contra
707 1582 802 1627 reum
820 1560 933 1627 saltem
954 1558 1152 1649 semi-plena
1166 1578 1242 1647 pro-

96 1670 196 1737 batio.
210 1669 357 1736 Alteram
367 1668 559 1735 vocabimus
568 1667 834 1735 informationem
847 1666 888 1733 de
900 1665 988 1732 fama
999 1694 1006 1743 ;
1019 1664 1153 1732 aiteram
1164 1684 1241 1731 vero

97 1776 364 1845 informationem
379 1776 420 1843 de
434 1774 633 1865 semi-plena
648 1774 850 1865 probatione.

628 2088 697 2177 §1-

159 2276 199 2327 De
214 2274 395 2325 informatione
410 2278 559 2336 summaria,
574 2275 676 2339 quaudo
694 2274 844 2339 proceditur
858 2287 904 2338 per
918 2273 1091 2324 accusationis
1103 2273 1179 2323 viam.

141 2519 181 2584 fn
191 2517 252 2584 hoc
267 2540 343 2585 casu
357 2517 461 2608 judex
476 2540 541 2585 nou
557 2524 685 2585 tenetur
700 2517 801 2585 ullam
816 2517 1079 2584 informationem
1096 2538 1243 2582 summa-

94 2625 181 2691 riam
200 2624 414 2715 praemittere3
438 2625 505 2692 imo
528 2648 633 2715 neque
653 2632 757 2715 potest
778 2624 841 2691 uisi
865 2622 1041 2691 consentiat
1063 2632 1239 2691 accusator.

94 2732 254 2822 Sequitur
272 2754 313 2799 ex
332 2742 418 2800 certa
438 2741 470 2799 et
490 2733 690 2799 unanimiter
709 2732 744 2799 in
761 2732 835 2821 jure
850 2730 1004 2799 canonico
1025 2739 1150 2821 recepta
1166 2729 1242 2797 doc-

93 2838 202 2922 trina,
229 2860 295 2905 non
320 2837 421 2904 teneri
447 2846 665 2905 accusatorem
691 2836 732 2903 ad
754 2833 981 2926 producendos
1007 2842 1101 2902 testes
1123 2834 1243 2901 aliasve

92 2944 317 3033 probationes,
334 2944 398 3011 uisi
418 2953 489 3035 post
506 2951 716 3012 contestatam
737 2941 841 3010 litem.
860 2940 897 3009 Si
917 2963 995 3030 ergo
1012 2940 1092 3008 nolit
1112 2962 1242 3009 accusa·

92 3064 146 3119 tor
168 3056 277 3135 testes,
293 3058 388 3118 antea
407 3051 589 3135 nominare,
606 3071 672 3117 non
691 3049 807 3139 poterit
826 3048 928 3139 judex
949 3048 1074 3137 praevio
1091 3070 1240 3139 processu

93 3181 151 3226 eos
175 3157 376 3225 examinare.
397 3157 463 3224 Nec
483 3157 620 3243 mirum,
641 3179 716 3225 curn
737 3155 929 3239 accusatori,
951 3177 991 3222 ea
1013 3155 1084 3247 ipso
1106 3154 1244 3245 porrecti

94 3264 201 3331 libelii
215 3264 311 3351 facto,
324 3286 421 3354 prena
434 3263 707 3332 calumniatorum
724 3263 906 3349 immineat,
922 3264 951 3328 si
966 3283 1007 3328 ex
1024 3262 1146 3329 malitia
1162 3260 1242 3328 falso

14 3375 15 3416 ἓ
94 3392 264 3439 accusasse
278 3370 550 3462 deprehendatur.

629 3653 650 3743 g
672 3654 713 3720 11.

161 3842 198 3892 De
218 3841 397 3893 informatione
416 3840 567 3901 summaria,
585 3841 688 3903 quando
708 3840 858 3905 proceditur
878 3854 912 3891 ex
931 3853 1004 3891 mero
1026 3840 1112 3889 officio
1133 3852 1180 3901 per

541 3920 713 3985 inquisitionis
728 3920 805 3970 viam.
1113 3938 1116 3944 ⁴

14 4207 15 4220 ,
146 4144 176 4205 f.
195 4139 287 4205 Tunc
304 4160 368 4204 uon
386 4144 511 4204 tenetur
523 4134 625 4225 judex
639 4134 901 4203 informationem
911 4134 1086 4225 juridicam
1104 4134 1144 4199 de
1155 4134 1242 4200 fama

14 4227 15 4300 i
99 4246 310 4337 praemittere.
334 4244 417 4313 Nam
438 4266 553 4313 verum
573 4242 705 4334 quidem
726 4252 774 4309 est
797 4264 863 4311 non
884 4243 980 4310 licere
1000 4240 1102 4331 judici
1126 4240 1159 4307 in
1183 4239 1244 4309 hoc
