3050 4984
300 452 362 517 288
676 473 850 519 aasentias
872 472 911 518 ua
933 473 1066 519 ιιιιιιιιιε.

299 598 399 661 totam
408 600 617 683 repraesentet
626 594 815 684 Ecclesiam,
825 594 1004 664 absurdum
1014 602 1062 663 est
1073 595 1229 687 aliquem
1242 602 1337 663 extra
1344 592 1431 662 talem

299 698 475 791 synodum,
493 722 674 792 supponere
690 702 907 794 superiorem,
920 702 962 769 ad
975 724 1073 794 wem
1089 701 1244 793 appellari
1260 700 1372 793 possit.

343 807 401 875 Ν.
424 808 453 874 A
476 808 634 875 sententia
657 809 758 877 totius
781 808 911 898 collegii
934 808 1179 894 cardinalium,
1205 816 1237 876 et
1260 807 1304 876 ab
1328 806 1432 875 ultima

299 914 390 981 llotae
406 914 564 983 Romana
579 916 749 1003 sententia,
766 938 832 984 non
847 915 944 984 datur
958 916 1141 1008 appellatio.
1163 914 1260 1006 (Vide
1275 912 1433 982 Sohmalz-

298 1019 451 1109 grueber,
465 1020 500 1088 in
516 1020 565 1089 tit.
579 1025 634 1109 28,
652 1022 759 1090 libri2
774 1023 883 1103 Deos„
898 1046 931 1091 n.
951 1022 1019 1113 38.)

344 1128 387 1197 V.
404 1127 435 1195 A
450 1128 607 1197 sentemia
621 1128 819 1199 arbitrorum
837 1129 1209 1223 conapromassart'omm,
1226 1128 1260 1197 id
1279 1136 1339 1216 est,
1363 1150 1434 1220 quos

300 1234 361 1302 sibi
384 1234 485 1303 libere
508 1243 614 1327 partes
636 1236 824 1326 elegerunt,
852 1238 1008 1330 appellari
1033 1237 1146 1329 nequit
1172 1265 1179 1305 :
1207 1238 1291 1306 bene
1319 1257 1435 1304 veroa

300 1342 457 1410 sententia
474 1342 674 1411 arbitrorum
690 1344 794 1435 juris,
813 1346 845 1413 id
868 1355 928 1433 est,
946 1369 1028 1437 quos
1050 1345 1113 1413 sibi
1134 1368 1177 1415 ex
1202 1345 1435 1436 prascriptione

298 1449 382 1539 legis
395 1455 503 1540 partes
518 1450 637 1540 eligere
648 1458 767 1521 eoaetae
786 1459 881 1540 sunt;
898 1460 996 1545 prout
1005 1452 1074 1543 jam
1089 1474 1190 1542 supra
1202 1451 1433 1521 adnotavimus.

832 1790 911 1879 av,

588 1976 680 2027 Coram
694 1990 746 2042 quo
760 1976 951 2041 interponenda
962 1978 996 2027 ait
1007 1976 1156 2053 appellatio.

347 2203 378 2265 1ο
404 2198 460 2267 Est
488 2200 602 2290 regula
625 2200 787 2291 generalis
811 2223 831 2268 a
854 2200 1041 2269 doctoribus
1065 2202 1285 2270 communiter
1310 2200 1437 2284 tradita,

300 2326 408 2372 coram
428 2304 553 2395 judice,
571 2328 671 2397 aquo
688 2306 888 2397 appellatur,
914 2328 983 2374 esse
1004 2305 1275 2397 interponendam
1300 2304 1440 2396 appella·
1489 2249 1491 2358 l

299 2412 441 2496 tionem;
475 2411 619 2502 alioquin
656 2434 761 2503 neque
796 2414 1045 2502 suspensivum,
1082 2434 1187 2505 neque
1221 2412 1440 2481 devolutivum

299 2518 447 2587 effaetum
469 2519 510 2586 ab
531 2519 746 2638 appellatione
770 2518 917 2610 produci.
949 2519 1164 2611 Proceditque
1192 2519 1353 2609 generalis
1379 2518 1440 2585 hec

301 2625 426 2715 regula,
443 2627 510 2694 sive
532 2624 769 2718 injudicio,
743 2649 815 2694 sive
831 2634 924 2694 extra
943 2625 1103 2717 judicium
1122 2635 1233 2715 gestus
1249 2626 1292 2693 sit
1307 2634 1440 2711 aetnae
1489 2653 1490 2662 ι

300 2756 365 2825 quo
381 2733 573 2853 appellatur.
593 2742 628 2805 ln
639 2734 868 2855 probationem
885 2733 1003 2802 adduoi
1017 2734 1120 2801 solent
1143 2734 1238 2821 varii,
1255 2745 1325 2802 tum
1345 2732 1441 2802 lusti-

300 2841 423 2927 nianei‚
440 2850 509 2909 tum
533 2841 679 2908 canonici
695 2841 779 2933 juris
795 2850 921 2909 textus·
913 2843 1105 2933 ,praecipue
1123 2863 1202 2910 vero
1216 2847 1313 2931 eaput
1332 2844 1373 2908 Ut
1388 2839 1441 2907 da-
1489 2865 1490 2924 ι

302 2948 388 3016 ditus
409 2948 475 3037 (59,
492 2947 670 3039 deAppell.
675 2950 684 3038 )
702 2957 733 3015 et
751 2948 954 3016 Clementiae
970 2948 1011 3016 Si
1027 2972 1049 3014 o
1065 2946 1236 3040 jndicibus
1259 2950 1303 3037 (l,
1325 2948 1373 3015 tit.
1393 2950 1439 3029 12,
1489 2931 1490 3020 l

301 3054 376 3121 libri
389 3054 435 3144 2).
455 3055 502 3123 De
513 3076 579 3145 quo
594 3054 701 3123 videri
718 3062 822 3146 potest
834 3057 958 3123 Forum
972 3054 1221 3123 ecclesiasticum
1235 3054 1388 3123 [antemi
1404 3054 1442 3142 [in
1489 3043 1490 3108 l

304 3162 352 3229 tit.
372 3164 410 3227 28
416 3161 553 3248 ,libria
572 3162 697 3230 Deerat.
704 3169 853 3253 quaest
874 3164 982 3252 1827).
1004 3162 1100 3230 llatio
1115 3170 1176 3248 est,
1198 3170 1297 3252 prout
1318 3106 1490 3228 aduolatl

303 3212 612 3357 Sohmdlzgrueber,
638 3267 715 3359 quia
736 3268 908 3360 appellatio
929 3267 1023 3337 debet
1042 3268 1146 3359 judioi
1167 3292 1190 3335 a
1216 3291 1281 3359 quo
1305 3270 1490 3336 innotes

303 3397 386 3460 aare,
416 3396 455 3443 ne
479 3374 614 3443 ulterius
638 3374 804 3466 procedat,
827 3383 925 3465 atque
951 3384 988 3443 ut
1010 3375 1111 3465 possit
1133 3385 1288 3466 tanquam
1313 3382 1443 3444 attenta·
1489 3413 1490 3430 ι

303 3488 371 3549 tum
388 3480 545 3567 revocari,
562 3480 720 3571 quidquid
734 3481 870 3571 gesserit
886 3488 958 3572 post
971 3482 1195 3571 interpositam
1211 3492 1244 3549 et
1259 3482 1322 3573 ipsi
1338 3481 1444 3549 notiti-
1489 3493 1490 3570 ,

302 3596 405 3657 oetam
426 3587 688 3678 appellationem.
708 3587 1027 3679 (Sohmalagrueber,
1051 3589 1086 3655 in
1104 3589 1154 3655 tit.
1179 3592 1234 3676 28,
1252 3589 1276 3657 l.
1296 3592 1316 3655 2
1340 3589 1444 3673 Deer,
1489 3593 1490 3618 ι

302 3720 336 3765 ιι.
355 3696 424 3786 rt.)
1489 3689 1490 3700 ’

345 3806 383 3872 ln
399 3801 608 3894 sequentibus
624 3811 732 3871 tamen
750 3802 891 3890 casibus,
909 3825 929 3870 a
947 3803 1117 3893 praemissa
1131 3804 1246 3893 regula
1265 3801 1370 3872 recedi
1392 3823 1445 3893 po

302 3922 375 3999 test,
394 3912 474 4004 quin
485 3911 660 4002 appellatio
675 3910 743 3979 vim
757 3912 895 3978 amittat.

347 4025 380 4089 2·
402 4017 487 4102 Quid
509 4016 672 4107 agendum
696 4016 828 4109 quando
851 4018 964 4109 nequit
986 4018 1159 4109 appellatio
1181 4019 1322 4110 proponi
1343 4038 1445 4086 eoram

300 4126 409 4219 judice
425 4150 446 4193 a
460 4148 537 4217 quo,
560 4124 700 4217 eoquod
717 4124 759 4191 sit
774 4125 904 4211 absens,
920 4125 985 4211 vel,
1002 4124 1065 4192 alia
1085 4124 1125 4192 de
1147 4148 1258 4213 eausa,
1275 4125 1367 4217 eopia
1380 4123 1445 4214 ejus
1489 4121 1490 4162 l

302 4234 414 4302 haberi
438 4256 502 4302 oon
525 4233 643 4325 possit?
666 4272 710 4285 -
733 4260 748 4299 ι
772 4232 965 4325 Respondeo
990 4240 1066 4302 tuno
1089 4232 1320 4325 appellandum
1343 4252 1445 4301 eoram
