3050 4984
552 520 626 564 rans
652 519 798 565 sncunon.
1179 500 1240 564 195

100 659 167 727 qua
181 638 313 705 notione
325 638 474 729 sequitur
485 639 709 728 juramentum
722 639 895 707 calumnie
911 638 1036 707 versari
1046 639 1131 707 circa
1145 647 1244 707 totana

99 743 190 811 litem
207 772 215 811 z
231 744 358 813 itamad
374 744 456 813 illud
469 767 535 814 non
548 768 618 814 osas
629 746 810 815 necessario
820 745 1041 815 concedendas
1053 746 1241 831 dilationem

100 851 178 941 quia
202 850 336 940 litigans
358 852 465 920 statim
492 851 599 922 dicere
625 860 740 944 potest,
770 864 882 921 utrum
898 852 1009 921 medat
1036 876 1135 922 necne
1150 874 1242 922 suern

99 980 233 1027 causam
247 980 317 1027 esse
329 957 450 1047 justam
468 986 475 1026 ε
492 960 660 1028 nonenim
673 960 763 1050 jurat
777 982 871 1029 stram
885 982 1016 1029 causam
1030 960 1243 1045 essebonum,

99 1064 159 1133 sed
175 1088 210 1132 ae
221 1065 353 1133 credere
368 1088 439 1134 eam
454 1088 523 1134 esse
538 1066 668 1135 bonam.

145 1170 290 1253 Qnrsrro
307 1175 354 1239 2⁸.
370 1210 417 1225 -
426 1172 517 1256 Quid
521 1173 565 1241 sit
572 1175 810 1265 juramentum
822 1174 970 1243 veritatis
982 1186 1012 1241 et
1026 1173 1186 1242 malitie?
1200 1211 1244 1225 —

98 1280 334 1348 Juramentnm
347 1281 497 1349 veritatis
520 1281 602 1349 illud
624 1290 673 1348 est
685 1305 752 1373 quo
772 1282 847 1372 quis
866 1282 956 1372 jurat
971 1304 1003 1349 se
1025 1281 1107 1350 velle
1125 1282 1245 1352 veriu-

100 1395 168 1454 tem
182 1386 301 1455 dicere.
328 1386 424 1456 Unde
450 1387 607 1479 implicite
632 1388 817 1457 continetur
842 1388 876 1455 in
903 1388 1090 1479 juramento
1117 1389 1245 1456 calum-

99 1493 181 1580 niae,
207 1493 287 1583 quia
309 1493 367 1584 qui
387 1493 512 1583 juravit
535 1516 570 1561 se
597 1513 727 1563 omnem
742 1494 891 1563 fraudem
906 1494 1099 1581 vitaturum,
1124 1494 1247 1585 juravit

98 1598 164 1667 boe
188 1600 260 1690 ipso
285 1600 440 1691 implicite
454 1600 495 1669 de
509 1600 647 1669 dicenda
661 1599 807 1669 veritate.
825 1600 1046 1670 Nihilominus
1067 1614 1138 1693 post
1154 1624 1245 1691 prae-

99 1707 215 1775 stilum
232 1708 325 1776 initio
339 1707 407 1776 litis
421 1709 594 1777 calumnias
618 1708 855 1799 juramentum,
874 1710 981 1777 locum
1001 1709 1121 1777 habere
1145 1718 1248 1801 potest

101 1816 189 1882 circa
217 1815 373 1906 speciales
404 1815 561 1883 articulos
584 1825 808 1903 juramentum
836 1816 992 1885 veritatis.
1023 1820 1131 1907 Atque
1161 1817 1246 1884 idem

102 1922 281 1990 dicendum
296 1921 337 1989 de
347 1924 546 2013 juramento
562 1923 723 2006 malitiae‚·
738 1946 804 2014 quo
820 1946 935 2015 nempe
951 1924 1084 2013 litigans
1096 1924 1186 2014 jurat
1200 1946 1245 2009 se,

102 2050 163 2117 per
187 2028 251 2096 tale
277 2051 376 2097 sunm
400 2029 522 2097 dictum
551 2038 608 2098 aut
630 2029 766 2117 lactum,
785 2052 989 2123 nequequam
1017 2028 1164 2097 fraudem
1188 2030 1249 2097 ad-

102 2134 250 2232 versario
267 2135 391 2212 moliri;
420 2136 477 2203 sed
505 2134 681 2222 bonafide,
707 2136 823 2228 adjus
847 2158 942 2204 suum
970 2136 1247 2227 prosequendum,

103 2263 217 2331 agere.

635 2433 656 2522 ξ
680 2432 721 2500 ll.

145 2600 284 2659 Quomodo
296 2612 376 2665 usqtre
388 2600 421 2649 ad
432 2601 580 2653 recentiora
591 2606 709 2667 tempore
722 2601 883 2653 intellectum
895 2602 973 2652 tuerit
986 2616 1001 2653 a
1015 2602 1154 2653 canonistis
1165 2602 1208 2668 jus

263 2692 402 2731 commone
412 2681 498 2745 quoad
512 2680 640 2745 ejnrmodl
649 2682 798 2745 juramenta
812 2680 838 2731 ln
856 2681 940 2733 cauus
957 2680 1096 2733 civilibus?

149 2895 422 2964 Praenotnndum.
450 2932 495 2947 -
510 2896 691 2964 Decretales
705 2918 781 2987 quae
804 2896 844 2963 de
866 2896 925 2963 hac
941 2896 1074 2963 materia
1090 2904 1249 2983 statuunt,

102 3002 274 3072 brevitatis
299 3024 397 3071 causa
423 3025 488 3071 nou
514 3003 775 3071 transcribimus.
807 3003 869 3071 blas
896 3003 1034 3094 reperiet
1061 3002 1160 3071 lector
1189 3004 1250 3072 sub

5 3161 6 3172 t
103 3108 201 3176 titulo
225 3112 258 3196 7,
275 3108 351 3176 libri
374 3109 640 3195 lllacretalium,
666 3131 792 3177 necnon
808 3110 869 3177 sub
896 3109 993 3177 titulo
1010 3114 1042 3196 l,
1061 3109 1138 3177 libri
1154 3113 1186 3197 2,
1219 3110 1252 3177 in

105 3223 210 3283 sexto.
231 3214 426 3305 (Adeundus
445 3217 542 3283 etiam
558 3216 672 3284 titulus
689 3219 742 3302 49,
771 3215 848 3283 libri
865 3216 1095 3283 llustr'nianci
1109 3216 1251 3307 codicis.)

105 3321 280 3413 Ejusmodi
306 3322 434 3391 decreta
460 3322 686 3412 chronologice
717 3322 950 3414 percurrendo,
984 3331 1014 3390 et
1045 3323 1085 3389 ntl
1112 3324 1252 3391 invicem

105 3428 316 3515 conferendo,
331 3430 478 3497 advertet
494 3429 667 3497 nonnullas
685 3439 871 3520 temporum
888 3429 1027 3497 decursu
1042 3430 1253 3498 intervenisse

106 3536 316 3617 variationes,
345 3558 425 3627 quas
451 3536 584 3604 adnotat
609 3534 736 3604 Giraldi
758 3535 944 3627 (Expositis
963 3536 1056 3625 jurr's
1078 3537 1250 3626 pontificii,

109 3650 192 3709 tom.
225 3648 255 3729 l,
282 3643 423 3713 sectione
450 3646 512 3709 233
529 3650 561 3710 et
583 3664 666 3732 seq.,
685 3662 810 3711 necnon
837 3642 975 3711 sectione
1004 3642 1095 3731 275).
1121 3644 1163 3710 lis
1187 3664 1252 3710 nu-

110 3759 178 3817 tem
193 3750 375 3841 perpensis,
402 3749 457 3839 jus
479 3771 652 3818 commune
675 3750 783 3840 quoad
811 3749 896 3817 dicta
918 3758 1103 3841 juramenta
1127 3750 1160 3817 iu
1176 3772 1254 3817 cau-

108 3856 159 3923 sis
182 3856 336 3924 civilibus
361 3856 557 3947 praestanda,
575 3856 784 3925 determinari
800 3856 915 3924 soleta
941 3856 1115 3924 canonialis
1141 3866 1176 3924 ut
1203 3878 1255 3925 se-

108 3963 251 4054 quitur:

157 4070 298 4150 ansrm
326 4075 432 4138 1².-
454 4072 502 4139 An
516 4083 549 4139 ct
570 4092 634 4162 quo
649 4092 742 4137 sensu
758 4070 794 4137 in
810 4071 916 4139 causis
931 4069 1079 4137 civilibus
1098 4072 1256 4160 prestari

105 4176 225 4246 debeat
233 4178 471 4268 juramentum
486 4177 671 4258 calumnie,
688 4177 837 4245 veritatis
860 4189 891 4244 et
907 4176 1045 4244 malitie
1056 4180 1071 4241 l
1084 4214 1129 4227 —
1146 4177 1172 4244 1.
1189 4180 1258 4247 Ne-

5 4337 6 4340 ,
105 4284 248 4355 ceneto
267 4285 423 4375 prestari
435 4284 526 4353 debet
546 4285 568 4375 j
572 4295 782 4351 uramentum
801 4283 986 4364 calumnia,
1005 4283 1137 4373 quando
1153 4284 1257 4385 altorf
