3050 4984
530 522 603 572 runs
630 524 779 574 suenum..
1177 507 1218 574 tt

83 644 159 715 riori
181 656 217 715 nt
225 644 352 738 judici,
368 646 410 715 sd
425 646 604 715 vindictam
620 646 799 740 publicam.
819 648 865 717 De
889 647 948 717 hac
960 648 1169 739 potissimum
1184 648 1220 717 in

82 754 230 843 praesenti
245 754 350 845 capite
363 755 452 823 venit
467 753 705 823 disserendum.

125 862 158 925 2⁰
172 860 342 929 iudicialis
355 859 558 930 denuntiatio
574 861 739 931 subdividi
755 869 871 954 potest,
891 862 926 931 in
940 861 1221 935 denuntiationem

83 964 188 1034 delicti
193 966 370 1055 patrandi,
387 974 418 1035 et
433 967 467 1034 in
483 967 759 1036 denuntiationem
782 966 893 1037 delicti
905 970 1044 1060 patrati.
1063 972 1158 1040 Prior
1171 972 1222 1043 lo-

83 1094 154 1139 cum
169 1071 282 1159 habet,
298 1071 430 1164 quando
456 1073 605 1164 alicujus,
624 1074 674 1143 vel
696 1075 945 1143 matrimonium
962 1076 1088 1166 inituri,
1114 1079 1165 1147 vel
1179 1078 1223 1148 ad

83 1202 185 1247 sacros
192 1181 327 1249 ordines
337 1190 396 1250 aut
407 1180 599 1271 dignitatern
615 1181 843 1272 promovendi,
856 1183 1068 1253 denuntiatur
1079 1186 1223 1277 impedi-

84 1298 248 1366 mentnm3
266 1310 308 1357 ne
323 1288 445 1357 sedicet
466 1288 692 1378 irregulariter
706 1299 738 1357 et
762 1298 875 1358 contra
890 1312 1028 1359 canones
1043 1293 1222 1362 matrimo-

83 1394 173 1461 nium
182 1396 381 1482 celebretnr,
391 1408 448 1465 aut
464 1399 521 1465 siat
534 1396 709 1487 promotio.
727 1397 903 1483 Posterior,
920 1398 1051 1489 quando
1065 1402 1222 1469 commis-

82 1525 150 1569 sum
172 1503 243 1593 jam
273 1504 315 1573 ab
344 1504 455 1595 aliquo
482 1504 639 1573 delictum
665 1504 771 1595 judici
794 1504 988 1574 declaretur.
1019 1507 1114 1576 Prior
1140 1508 1221 1577 olim

82 1610 255 1679 vocabatur
271 1611 442 1692 cononica,
453 1633 491 1679 eo
505 1611 593 1702 quod
608 1611 739 1679 asseris
750 1612 930 1681 canonibus
944 1622 1055 1682 ortum
1065 1614 1176 1702 ducat,
1191 1623 1226 1684 et

80 1720 209 1809 propria
225 1719 269 1786 sit
282 1720 354 1788 loro
369 1719 582 1788 ecclesiastico
599 1746 607 1787 ι
625 1722 784 1811 posterior
808 1742 887 1789 vero
899 1720 1014 1802 civilis,
1030 1724 1169 1814 eoquod
1186 1725 1223 1791 in

79 1826 145 1893 loro
160 1826 264 1893 etiam
279 1827 429 1895 saeoulari
442 1826 552 1895 locum
568 1825 696 1894 habeat.
714 1826 841 1895 Verum
853 1825 1074 1897 denominatio
1090 1829 1147 1897 illa
1158 1831 1222 1898 mi-

79 1956 137 1999 uus
144 1943 300 2002 accurata
309 1934 545 2002 recentioribus
554 1930 740 2002 doctoribus
754 1934 822 2001 visa
835 1941 899 2012 est;
914 1942 985 2003 tum
1000 1936 1077 2026 quia
1083 1944 1222 2027 utraque

78 2062 151 2107 vero
168 2051 201 2107 et
215 2041 350 2131 proprio
366 2062 463 2109 sensu
473 2039 630 2109 cononica
645 2048 705 2124 est,
722 2048 753 2107 et
767 2039 830 2107 dici
845 2048 963 2131 potest;
981 2049 1053 2108 tum
1068 2042 1145 2132 quia
1157 2066 1223 2112 vox

77 2147 189 2227 dulrb,
205 2148 268 2214 boe
284 2170 380 2215 sensu
397 2146 553 2233 adhibita,
569 2146 783 2235 ambiguitate
796 2146 933 2215 laborat.
947 2147 1222 2239 (Videschmatz-

76 2254 229 2341 grueber,
247 2254 281 2321 in
298 2254 346 2322 tit.
368 2259 398 2339 l,
415 2254 490 2322 libri
509 2258 523 2321 l
544 2254 685 2339 becses,
704 2276 737 2321 n.
758 2255 847 2343 167.)

116 2366 150 2427 3⁰
163 2362 292 2429 Iterum
301 2360 462 2452 judicialis
472 2360 675 2429 denuntiatio
690 2360 857 2428 subdividi
870 2368 987 2451 potest,
1000 2361 1034 2429 in
1050 2362 1223 2432 denuntia-

78 2468 198 2535 tionem
213 2468 366 2537 interessc
372 2468 512 2559 privati,
531 2478 562 2535 et
576 2470 610 2536 in
625 2467 908 2536 denuntiationem
922 2468 1072 2537 interesse
1081 2470 1217 2561 publici.

78 2574 183 2663 Prior,
210 2598 286 2666 quae
302 2586 334 2642 et
349 2574 478 2666 quercla
502 2576 633 2667 proprio
649 2574 784 2643 nomine
800 2574 862 2642 dici
879 2583 995 2665 potest,
1022 2586 1098 2645 tunc
1112 2578 1221 2647 locum

77 2680 184 2769 babet,
208 2681 341 2773 quando
360 2679 559 2750 denuntians
586 2680 665 2773 petit
689 2682 750 2749 sibi
776 2681 925 2749 resarciri
949 2681 1110 2751 damnum
1131 2686 1221 2776 quod

76 2811 190 2877 passus
207 2797 258 2857 cst
271 2810 331 2880 per
342 2788 452 2857 delicti
465 2788 645 2858 denuntiati
658 2788 893 2880 patrationem:
907 2793 1077 2880 posterior,
1089 2792 1221 2883 quando

75 2898 275 2965 denuntians
289 2896 329 2964 de
345 2895 466 2965 damno
479 2896 541 2963 sibi
556 2918 576 2962 a
591 2894 799 2987 delinquente
813 2895 902 2963 illato
916 2918 983 2963 non
992 2899 1153 2988 queritur,
1164 2898 1220 2967 sed

75 3026 113 3071 ex
127 3003 201 3074 solo
216 3002 295 3070 boui
313 3003 434 3094 publici
454 3002 575 3071 motivo
592 3002 740 3071 criminis
754 3004 983 3072 coercitionem
998 3007 1216 3096 persequitur.

74 3110 235 3179 Fsmdem
252 3109 509 3179 subdivisionem
519 3110 665 3201 private
679 3118 712 3177 et
732 3109 876 3199 publica
891 3108 1144 3179 denuntiationis
1159 3136 1220 3183 vo-

73 3219 188 3288 cabulo
203 3217 368 3285 ‘nonnulli
393 3218 597 3307 exprimunt,
621 3240 698 3285 curn
729 3216 1021 3306 Schmalzgrueber
1044 3220 1090 3308 (in
1110 3220 1158 3287 tit.
1185 3224 1216 3309 t,

74 3326 94 3392 l.
112 3332 129 3393 5
145 3328 293 3412 Deerat,
308 3348 342 3393 n.
356 3327 417 3392 168
435 3333 466 3393 et
477 3325 550 3415 169)
566 3350 575 3411 ;
593 3324 774 3393 obscuriori
783 3333 908 3413 tamen,
924 3334 961 3394 ut
976 3324 1059 3392 mihi
1073 3327 1215 3415 videtur,

76 3432 230 3501 turmula.

113 3542 203 3627 Alia,
218 3562 321 3632 eaque
337 3549 385 3607 sat
398 3540 572 3632 frequenti,
589 3539 868 3626 denominatione,
887 3540 1090 3609 denuntiatio
1112 3540 1216 3610 inter-

75 3670 132 3715 esse
149 3646 295 3739 privari,
313 3655 447 3717 vocatur
467 3646 593 3729 civita·
612 3669 651 3715 eo
673 3645 760 3737 quod
788 3667 903 3738 nempe
927 3656 1003 3716 tunc
1022 3645 1217 3717 denuntians

75 3756 206 3823 effeetus
218 3754 379 3846 quosdam
393 3753 518 3842 civiles,
529 3752 635 3846 potins
649 3774 750 3845 quam
767 3753 914 3821 criminis
925 3754 1128 3844 punitionem
1141 3778 1215 3847 per-

76 3872 226 3955 sequatur
245 3861 472 3930 :denuntiatio
494 3868 605 3929 autem
622 3860 772 3927 iuteresse
787 3860 924 3951 publici,
950 3860 1037 3953 quod
1056 3863 1214 3932 insolam

75 3970 219 4039 criminis
256 3970 437 4038 vindictam
472 3968 595 4054 tendat,
625 3967 808 4035 criminalis
844 3967 974 4037 dicitur.
1010 3969 1094 4037 Hinc
1126 3970 1214 4061 apud

78 4077 302 4168 pragmaticos,
326 4100 385 4145 seu
411 4076 472 4143 lori
498 4077 668 4167 practices,
686 4073 840 4166 frequens
862 4076 998 4162 mentio,
1015 4075 1055 4143 de
1079 4076 1216 4145 crimine

19 4208 20 4241 1
78 4196 184 4254 amtra
196 4186 285 4277 quod
301 4184 410 4275 agitur
425 4184 573 4266 ciuiliter,
592 4189 623 4252 et
649 4181 689 4249 de
712 4182 847 4250 crimine
870 4189 982 4249 eontra
1002 4185 1089 4274 quod
1105 4184 1216 4275 agitur

80 4293 300 4363 criminaliter.
