3050 4984
289 481 350 547 572
662 503 839 550 coeamus
861 505 900 550 aa
921 504 1056 552 tauteus.

281 622 422 691 termino
434 622 628 715 defensionne
647 637 677 693 et
695 625 792 717 copia
813 638 964 696 actarum
975 637 1009 696 et
1015 638 1177 718 patrono,
1193 625 1257 696 cibi
1272 640 1378 719 prout
1391 625 1430 695 de

274 731 355 821 jure
369 729 497 814 oblatu,
527 731 562 798 in
579 743 760 823 patromtm
786 755 886 802 ouum
907 735 1095 804 nontinaoit
1107 733 1281 805 domitum
1294 738 1355 816 N.,
1370 758 1429 803 cu·

271 838 333 928 jus
348 837 606 908 nominationem
620 842 787 932 profatus
807 841 1000 912 reuerendus
1026 842 1174 913 Vicarius
1187 843 1350 935 poteratis
1364 866 1429 935 ap-

276 944 442 1037 probavit,
459 957 490 1014 et
504 945 656 1015 cumdem
666 945 840 1016 mutinum
852 952 912 1032 N„
924 950 961 1018 in
967 962 1152 1042 patronum
1158 953 1301 1043 pensato
1311 953 1361 1021 N.
1375 974 1428 1020 reo

282 1051 430 1122 indulsit.
448 1055 487 1120 In
501 1075 643 1145 quorum
653 1053 768 1145 fidem.
783 1093 829 1106 —
838 1059 913 1148 Epa
927 1059 972 1128 N.
984 1058 1153 1150 acceptavi
1161 1070 1194 1127 et
1204 1057 1380 1127 nominaui
1392 1070 1429 1126 at

280 1182 395 1250 cupra.
412 1198 458 1212 -
472 1161 545 1251 Epo
556 1165 615 1245 N.,
640 1161 787 1232 Vican'uo
800 1163 972 1254 pectorali.
989 1167 1118 1258 -qu
1131 1167 1193 1248 N.,
1208 1165 1392 1235 actuarios.
1408 1191 1425 1228 ι

706 1421 851 1493 CAPUT
878 1421 1000 1492 XXXI.

281 1613 385 1663 Pontio
407 1617 534 1663 emam
556 1617 595 1663 ET
617 1615 804 1664 concentum
826 1617 1078 1685 enocuumm,
1098 1620 1222 1675 oneum
1246 1620 1323 1668 SSUS
1346 1621 1428 1666 vm

324 1722 393 1770 SESE
410 1724 474 1770 IPSE
494 1724 684 1788 ottonom,
701 1726 738 1770 ST
755 1723 907 1773 AOEEPTAT
926 1726 1113 1774 SOLUHMODO
1132 1728 1292 1776 nmmo!
1312 1729 1428 1775 DEM-

322 1829 417 1878 s101tts
439 1833 478 1878 ST
500 1829 611 1878 coelen
634 1831 792 1898 AGTORUH,
816 1833 877 1880 NON
900 1833 1007 1880 mm
1028 1833 1207 1882 emortua.

327 2017 421 2087 «Die
494 2019 611 2087 moost's
700 2019 783 2086 ancti
799 2070 852 2100 ...,
868 2040 981 2088 coram
1005 2017 1179 2088 reverendo
1204 2021 1266 2102 N.,
1299 2019 1426 2088 Vicat-io

276 2125 431 2215 peperoli,
450 2124 639 2216 comparuit
654 2123 808 2194 dontinus
823 2128 882 2207 N.,
896 2147 969 2193 reus
985 2125 1046 2218 qui
1057 2147 1170 2217 supra,
1182 2125 1311 2194 etdicit
1323 2148 1359 2194 se
1371 2149 1424 2196 ac-

276 2245 405 2323 ceptare
418 2232 596 2301 terminum
609 2232 801 2323 defensionis
815 2246 849 2301 et
862 2233 993 2325 coptam
1008 2245 1159 2301 actorum
1169 2257 1184 2315 ‚·
1196 2245 1343 2325 patrono
1363 2257 1425 2302 au-

277 2347 343 2403 tem
363 2359 396 2404 se
413 2357 476 2403 non
493 2357 594 2426 apere,
612 2358 648 2405 co
664 2334 753 2427 quod
767 2336 862 2406 vellet
876 2336 1018 2428 sibiipsi
1032 2337 1426 2429 defutsioncssobticare‚·

206 2521 211 2532 .
268 2441 411 2533 proinde
431 2454 542 2535 petere
558 2442 750 2525 dumtaxat,
781 2456 819 2512 ut
844 2445 908 2512 sibi
932 2443 1127 2513 concedatur
1138 2458 1353 2537 procurator,
1371 2448 1427 2539 qui

275 2549 406 2618 nomine
419 2572 477 2619 suo
501 2563 691 2642 compareat
708 2563 739 2618 et
754 2550 825 2619 alia
843 2564 994 2642 prestet,
1005 2552 1112 2642 juata
1127 2552 1330 2642 eaipentiam
1346 2577 1426 2624 cau-

272 2679 327 2739 sae,
345 2677 417 2748 qua
440 2657 508 2748 ipse
529 2679 604 2725 reus
623 2669 788 2749 proestare
811 2657 993 2750 nequiverit
1022 2685 1033 2724 .·
1060 2671 1092 2726 et
1119 2658 1155 2726 in
1170 2673 1426 2752 procuratorem

273 2787 371 2860 ouum
393 2765 577 2834 nominavit
603 2765 779 2834 dominum
803 2770 862 2847 N„
880 2789 978 2858 quem
994 2765 1185 2836 reverendus
1206 2768 1356 2838 Vicariuc
1368 2795 1424 2862 pe·

271 2871 391 2940 neralic
405 2873 555 2942 concessit
565 2885 822 2965 prememorato
844 2895 899 2942 reo
923 2874 959 2942 in
974 2887 1236 2965 procuratorem.
1254 2878 1294 2944 In
1305 2875 1421 2966 Mun.

272 3017 318 3029 —
330 2981 404 3070 Epo
420 2982 463 3050 N.
480 2980 658 3072 acceptavi,
673 2980 759 3073 petii
770 2993 802 3049 et
818 2980 947 3049 obtinui
960 2996 999 3049 ut
1012 3003 1126 3074 cupra.
1142 3020 1188 3034 -
1200 2985 1274 3073 Epo
1286 2985 1346 3068 tt„
1368 2985 1421 3053 Vi-

273 3086 381 3155 carins
396 3086 569 3178 peneratis.
588 3126 631 3140 -
646 3091 719 3178 Epo
734 3090 793 3170 N„
809 3089 1026 3157 actuarius.»

692 3359 836 3429 CAPUT
857 3359 997 3428 XXXII.

369 3553 473 3601 tom
496 3554 623 3602 cottum
645 3555 757 3603 comm
781 3554 937 3618 octonul,
961 3552 1087 3612 EAHQUS
1109 3555 1312 3604 comelantum

689 3663 726 3708 m
749 3661 1003 3708 Ammtcottot.

809 3844 830 3936 g
848 3845 874 3914 1.

731 3999 825 4051 Forma
834 3999 951 4064 petendi.

319 4154 419 4223 «ote
502 4153 620 4222 mensis
708 4175 797 4222 anno
820 4205 873 4237 ...,
891 4175 1003 4222 coram
1019 4152 1190 4222 reverendo
1206 4157 1265 4238 N.,
1288 4155 1413 4225 Vicotio

268 4260 426 4356 pancrati,
449 4273 616 4352 comparet
639 4260 790 4331 dominus
806 4265 864 4345 N.,
879 4272 1042 4354 patronus
1061 4262 1131 4353 (seu
1144 4262 1349 4356 procurator)
1367 4263 1415 4334 rei
