3050 4984
263 485 301 554 88
636 505 811 555 morasus
833 509 872 553 nn
893 506 1027 554 ntnrurs.

260 629 427 699 Ordinan'i
450 629 643 721 regulariter
664 631 734 697 snis
754 628 957 721 temporibus
976 627 1194 697 visitationem
1214 626 1382 698 instituere
1388 655 1398 714 ;

260 736 400 806 visitatio
433 744 539 806 autam
565 735 807 828 inquisitionem
836 735 1042 825 generalem,
1071 733 1187 803 adtem
1212 742 1395 826 paternam,
1517 760 1518 763 ¹

257 844 414 930 involvat.
437 843 475 912 Si
493 842 581 911 enim
600 841 891 934 praerequireretnr
910 841 951 910 de
971 840 1105 932 patratis
1127 839 1248 908 alicubi
1272 840 1398 909 delictis

256 951 343 1019 fama
356 961 393 1020 nt
406 951 454 1019 ibi
469 949 636 1042 inquisitio
650 949 811 1039 generalis
826 948 899 1016 beri
914 954 1034 1039 posset,
1050 970 1117 1016 non
1131 948 1223 1016 statis
1238 949 1398 1037 tempori·
1517 1022 1518 1027 .

255 1059 329 1143 bns,
341 1057 395 1126 sed
410 1059 580 1128 dumtaxat
589 1059 623 1125 in
632 1081 710 1126 casn
721 1056 885 1150 praedictas
899 1058 1006 1145 lamae,
1019 1055 1244 1147 superioribus
1255 1057 1397 1125 visitatio

253 1165 400 1234 iacienda
422 1165 660 1258 injungeretur.
687 1165 843 1257 Sequitur
867 1168 900 1232 2⁰
922 1187 964 1233 es
985 1186 1025 1232 eo
1049 1162 1155 1255 qnod,
1181 1163 1278 1232 etiam
1299 1163 1399 1243 {nulla

253 1273 456 1365 praeoedente
478 1273 630 1358 infamia,
657 1272 781 1340 bonnm
806 1271 974 1363 publicum
998 1271 1125 1360 exigat,
1152 1279 1190 1339 nt
1213 1271 1398 1361 superiores

119 1460 122 1468 ,
252 1381 433 1472 inquirant,
447 1403 529 1450 num
540 1383 625 1448 inter
636 1380 783 1448 subditos
796 1378 922 1448 malum
937 1385 1056 1468 serpat.
1076 1381 1108 1444 3⁰
1123 1376 1201 1445 Ideo
1216 1377 1397 1468 praerequi-

253 1497 378 1558 reretur
393 1489 480 1556 fama
493 1487 533 1556 de
551 1487 686 1579 patratis
700 1485 845 1571 delictis,
863 1485 971 1554 necui
984 1484 1130 1576 alioquin
1144 1483 1266 1576 injuria
1283 1483 1393 1570 fieret3

253 1594 307 1662 sed
324 1617 399 1663 cum
414 1595 574 1684 generalis
589 1601 734 1662 remanet
748 1592 935 1684 inquisitio,
950 1591 990 1660 de
1005 1590 1136 1661 nemine
1155 1591 1189 1659 in
1206 1590 1398 1682 particulari

255 1702 452 1792 inquiritnr;
465 1724 503 1770 sc
516 1701 654 1792 proinde
667 1700 750 1770 nulli
764 1699 802 1768 fit
816 1699 950 1791 injuria.

302 1835 319 1874 a
341 1809 408 1877 Nec
427 1808 556 1876 obstant
575 1815 683 1877 textm
701 1808 736 1876 in
751 1807 828 1898 jure
847 1807 968 1898 passim
988 1805 1182 1893 existentes,
1202 1805 1260 1897 qui
1277 1806 1320 1875 sd
1340 1805 1399 1874 in-

257 1941 274 1981 s
297 1914 503 2007 quisitiouem
514 1936 665 2006 expresse
678 1915 852 2006 requirnnt
865 1911 1102 2004 precedentem
1117 1912 1296 1982 infamiam.
1311 1913 1396 1982 Res·

255 2021 423 2112 spondeo
448 2022 535 2090 enim
563 2043 638 2090 cum
663 2020 831 2089 communi
860 2021 1041 2110 (doctorum
1065 2021 1258 2110 sententia),
1285 2029 1396 2091 textus

256 2156 273 2194 a
295 2130 369 2198 illos
384 2151 450 2196 non
462 2129 552 2220 loqui
563 2128 605 2196 de
618 2128 826 2220 inquisitione
839 2128 993 2217 peueroli,
1009 2126 1066 2196 sed
1077 2127 1118 2195 de
1128 2127 1272 2220 speciali,
1287 2129 1320 2198 vi
1334 2153 1396 2198 cu·

256 2263 272 2303 o
293 2237 349 2328 jus
363 2235 539 2326 inquiritur
554 2243 666 2304 contra
681 2234 923 2326 delinquentem
938 2235 972 2302 in
983 2234 1100 2326 speeie.
1118 2261 1134 2300 s
1157 2235 1395 2326 (Reiffenstuel,

251 2345 286 2412 in
302 2345 350 2412 nt.
369 2347 400 2428 1,
417 2343 495 2411 libri
512 2348 530 2410 5
547 2343 687 2430 Decret,
705 2365 739 2410 n.
759 2343 849 2432 160.)

295 2453 439 2535 Qunsrro
459 2455 506 2518 2².
523 2489 569 2502 -
587 2453 638 2518 Aa
661 2448 707 2518 od
727 2449 970 2540 inquisitionem
993 2450 1178 2538 pcnerolem
1194 2450 1394 2541 judicialem

245 2559 509 2652 praerequirotur
529 2557 694 2648 infamio?
714 2593 759 2608 -
785 2556 935 2646 Plerique
959 2557 1153 2641 canonistae,
1183 2579 1249 2626 non
1276 2558 1395 2628 distin·

252 2667 382 2757 gnendo
389 2678 570 2757 potamum
583 2664 668 2731 inter
683 2673 714 2730 et
721 2662 918 2752 judicialem
933 2663 1177 2754 inquisitionem
1192 2666 1392 2753 generalem,
1517 2654 1518 2663 ¹

251 2775 366 2843 docent
387 2770 617 2838 universaliter
636 2769 672 2836 in
694 2769 903 2860 inquisitione
924 2770 1070 2858 generali
1089 2771 1303 2840 necessariam
1326 2795 1395 2842 non
1517 2806 1518 2811 κ

251 2904 320 2950 esse
331 2879 490 2971 praeviam
506 2875 686 2944 infamiam.
704 2877 731 2944 Ii
747 2898 825 2946 vero
838 2877 896 2968 qni
909 2875 1129 2966 distinguunt,
1146 2878 1246 2946 etiam
1261 2901 1320 2970 pro
1327 2881 1397 2971 ju-

252 2987 414 3057 dicialiter
430 2984 577 3053 instituta
594 2983 805 3074 inquisitione
824 2983 968 3072 generali
986 3005 1053 3053 non
1073 2985 1244 3077 requirnnt
1262 2988 1395 3078 proprie

252 3095 371 3164 dictam
393 3090 595 3183 praecessisse
622 3091 810 3170 infamiam
836 3090 893 3159 sed
920 3090 1035 3160 dicunt
1054 3093 1177 3183 requiri
1197 3102 1305 3162 tamen
1330 3095 1395 3163 ali-

250 3222 348 3292 quem
374 3198 494 3290 judicis
519 3197 686 3266 fundatam
714 3198 931 3288 suspicionem
955 3199 1008 3267 vel
1034 3201 1323 3291 praesnmptionem
1350 3201 1395 3272 dc

251 3306 432 3376 commissis
451 3305 586 3373 delictis.
609 3305 657 3372 Ita
674 3305 803 3373 Ameno
820 3314 853 3374 et
870 3305 1083 3388 Passerinus,
1101 3329 1183 3397 quos
1201 3330 1340 3399 sequens
1360 3318 1395 3378 et

251 3415 395 3503 allegans
412 3411 622 3481 Reiffenstuel
641 3411 686 3480 sic
704 3412 803 3479 babet
824 3438 832 3478 ε
858 3438 874 3476 «
895 3412 1003 3481 Ambo
1021 3421 1129 3482 tamen
1147 3414 1244 3483 etiam
1263 3422 1392 3505 notam,

254 3548 271 3587 o
294 3517 400 3613 quod,
425 3518 484 3586 etsi
505 3539 583 3586 vera
605 3540 671 3585 non
695 3518 880 3609 requiratur
901 3519 1052 3605 infamia,
1076 3521 1260 3611 requiratur
1282 3531 1393 3592 tamen

254 3657 271 3696 o
294 3627 403 3718 aliqua
420 3625 560 3716 suspicio
575 3625 629 3691 vel
641 3625 867 3716 praesumptio,
884 3626 937 3696 vel
959 3626 1080 3696 indicis
1094 3629 1218 3721 eliqua,
1237 3631 1290 3699 vel
1306 3653 1392 3700 con-

253 3765 270 3803 o
293 3735 366 3804 insa
384 3732 515 3816 relatio,
537 3731 656 3799 alicubi
676 3730 747 3800 fieri
764 3730 897 3819 delicta,
918 3742 976 3802 aut
992 3733 1140 3804 homines
1159 3736 1206 3805 ibi
1224 3760 1290 3805 non
1307 3739 1394 3808 bene

251 3871 269 3910 o
294 3843 416 3928 vivere,
432 3839 459 3906 si
473 3838 715 3928 inquisitionem
725 3838 915 3929 judicialem
927 3841 1097 3910 instituere
1108 3843 1178 3911 vult
1191 3844 1392 3937 (Prolatus).

252 3978 270 4017 o
291 3949 387 4019 Ratio
407 3955 468 4030 est,
490 3945 579 4035 quia,
601 3967 675 4013 cnm
694 3945 921 4036 inquisitiones
939 3949 1106 4037 generales
1124 3950 1288 4020 ordinarie
1305 3975 1395 4023 non-

252 4084 269 4124 o
291 4056 355 4124 nisi
370 4061 503 4146 paterne
514 4054 607 4139 fiant,
622 4052 694 4120 sine
708 4054 798 4122 omni
812 4077 909 4123 causa
923 4063 981 4124 ant
995 4057 1116 4127 motivo
1131 4057 1284 4148 prudenti
1291 4059 1395 4151 jadi-

251 4191 268 4228 u
290 4162 417 4231 cialiter
431 4159 600 4228 instituere
615 4181 682 4227 non
703 4159 798 4228 debet
813 4161 1056 4252 inquisitionem
1071 4168 1267 4253 generalem.
1285 4167 1396 4239 Acce-

253 4295 271 4344 o
293 4269 352 4358 dit,
371 4266 460 4368 quod
475 4265 644 4367 inquisitio
652 4265 828 4359 judio'alit
848 4268 959 4348 tendat
972 4270 1013 4339 sd
1027 4270 1194 4376 publicem
1211 4273 1394 4357 unicum
