3050 4984
525 493 599 539 rsus
622 493 767 540 secunus.
1153 473 1213 538 515

75 614 218 684 Emersit
244 625 358 683 cetura
382 613 507 683 dictum
523 612 689 682 Andreum
704 615 762 693 N„
790 612 984 702 semi-plena
994 613 1149 703 prolatio
1177 613 1216 682 de

75 720 264 790 scandaloso
278 721 379 812 ipsius
393 721 585 789 commercio
600 743 676 788 cnm
686 719 807 811 puellis
818 718 965 809 petitu,
984 743 1056 811 qun
1078 721 1114 788 in
1132 745 1216 813 qna-

76 827 156 894 dam
182 826 280 897 mmo
295 826 376 895 dicti
394 826 510 918 oppidi
532 827 684 894 habiture
704 839 897 905 noscuntur,
923 849 958 894 eo
987 827 1078 916 quod
1103 850 1218 919 nempe

75 935 216 1000 luamus
227 935 285 1012 N„
300 934 387 1000 testis
398 934 488 1000 omiti
499 933 684 1022 exceptione
696 933 770 1021 maj
771 955 820 1011 or,
829 931 974 1022 propriis
985 932 1216 1022 oculispruefo-

77 1051 151 1107 tum
165 1038 331 1108 Andream
345 1042 405 1121 N„
421 1040 547 1130 pluries
564 1037 681 1106 viderit
697 1038 862 1106 dictorum
872 1039 1065 1129 puellarum
1081 1038 1217 1108 diverti-

77 1147 190 1214 crolum
211 1145 443 1238 mpredientem
458 1159 560 1237 utque
585 1144 661 1214 inde
684 1144 910 1235 epretlientem.
944 1147 1151 1239 Quapropter
1179 1171 1218 1216 ne

77 1252 197 1322 delicta
210 1266 367 1322 maneant
381 1253 559 1344 impunita,
578 1266 609 1321 ct
635 1253 739 1344 officio
755 1274 814 1320 suo
828 1253 1012 1343 satisfacere
1035 1254 1143 1322 uolens
1167 1278 1218 1322 re·

76 1359 233 1428 camdus
252 1359 399 1428 Vicurius
421 1360 590 1450 pectoralis,
608 1358 747 1427 ‹lecremt
768 1381 865 1450 super
889 1360 950 1428 leuc
974 1361 1219 1450 informationes

77 1488 218 1546 sumere,
248 1479 341 1533 testes
355 1467 559 1546 examinare,
578 1479 607 1534 et
636 1466 706 1533 clia
727 1465 768 1533 de
783 1467 865 1556 jure
885 1466 1076 1556 prestando
1098 1470 1216 1558 [acere.

77 1573 166 1640 Hinc
183 1593 235 1638 me
260 1572 508 1664 infrascriptum
607 1572 649 1661 (et
664 1571 790 1662 reliqua
820 1581 855 1638 ut
880 1574 913 1638 in
941 1572 1135 1662 preecetleuti
1150 1573 1217 1642 lor-

79 1678 226 1767 mulin.»

535 1871 677 1942 CAPUT
713 1872 772 1940 lX.

125 2068 230 2112 FOlffl
255 2067 432 2113 luculentus
463 2067 644 2112 scelestorum
672 2067 808 2128 sewun,
838 2067 960 2120 QUANDO
992 2069 1175 2114 enocunlruu

493 2183 688 2228 nxcnerloms
709 2183 776 2228 vlo.

127 2357 177 2424 Ex
204 2357 321 2424 trudito
343 2356 453 2424 libello
474 2356 659 2447 exceptorio
681 2354 855 2439 criminali,
872 2356 994 2446 duplex
1021 2355 1101 2423 oriri
1119 2366 1222 2448 potest

78 2485 252 2555 processus
276 2490 284 2529 ι
302 2485 419 2554 nempe
433 2465 540 2553 primo
556 2484 723 2552 processus
736 2463 805 2551 ipso
820 2463 1022 2552 exceptivus,
1038 2462 1071 2528 in
1090 2485 1155 2554 quo
1165 2462 1221 2552 ju-

79 2569 259 2638 dicandum
276 2570 366 2638 venit
377 2583 490 2638 utrum
507 2569 681 2661 propositae
697 2571 903 2658 exceptiones
917 2569 1126 2637 admittendae
1143 2571 1220 2656 sint,

78 2698 126 2743 an
139 2697 218 2743 vero
230 2675 413 2766 rejiciendae
434 2685 590 2767 tunquam
605 2673 835 2742 insufficientes
860 2675 912 2742 vel
927 2697 992 2743 non
1008 2677 1087 2743 sutis
1103 2677 1223 2766 prohn-

77 2790 126 2850 tae
143 2808 151 2848 :
168 2782 322 2869 secundo,
339 2783 374 2850 in
389 2805 466 2850 casu
479 2804 546 2873 quo
565 2780 748 2870 judicatum
764 2779 864 2847 fuerit
879 2782 987 2850 velere
1003 2783 1220 2872 exceptiones,

77 2889 239 2956 manricus
253 2891 290 2956 fit
314 2889 357 2955 nd
382 2887 554 2979 specialem
573 2909 759 2978 processum
785 2887 990 2956 criminalem
1006 2898 1118 2956 contra
1132 2910 1221 2975 eum,

78 3017 183 3086 quem
204 2995 377 3086 deliquisse
390 3003 514 3062 constat
530 2994 643 3061 saltem
663 2993 859 3084 semi-plene
874 3015 916 3062 ex
931 3017 1083 3087 processu
1099 3017 1223 3087 excep-

78 3103 163 3170 tive.
180 3101 372 3170 Formnlum
387 3101 583 3191 incipiendae
609 3101 792 3193 scriptionis
807 3110 939 3170 actuum
956 3102 991 3168 in
1007 3113 1145 3195 utroque
1161 3107 1222 3173 hoc

78 3229 235 3301 processu
249 3208 454 3276 exhibemus.

635 3369 664 3470 ς
678 3380 703 3446 1.

209 3540 327 3591 Formnlo
339 3539 495 3605 incipiendis
507 3539 656 3604 scriptionis
666 3543 771 3591 actuum
782 3539 807 3589 in
820 3553 944 3604 processu
962 3543 1107 3608 exceptive.

133 3716 212 3781 alu
238 3713 368 3781 nomine
394 3712 550 3780 Domini:
567 3712 681 3778 Amen.
699 3749 743 3761 -
769 3713 853 3779 Cum
866 3715 1100 3803 comparuisset
1114 3739 1226 3785 coram

77 3819 256 3888 reverendo
267 3822 326 3902 N„
351 3819 476 3887 Vicario
496 3818 641 3908 peneroli
654 3816 911 3885 reverendissimi
921 3820 1077 3912 Episcopi
1090 3827 1146 3914 N„
1164 3825 1228 3893 do-

80 3929 193 3995 minus
206 3929 264 4008 N„
290 3941 390 4017 utque
405 3926 457 3992 illi
473 3936 699 4014 praesentasset
723 3924 901 4015 quemdam
917 3927 1062 3995 libellum
1078 3945 1225 4022 eccepto·

81 4034 176 4102 rium
196 4046 311 4101 contra
334 4031 508 4100 dominum
522 4033 565 4100 N.
572 4055 586 4112 ‚·
600 4031 708 4099 voluis
713 4031 895 4121 predictus
914 4034 1115 4105 reuerendus
1133 4039 1227 4108 Vico-

81 4141 155 4208 rius
167 4140 324 4228 pectoralis
334 4139 537 4229 juutojuris
548 4137 679 4229 repulus
694 4150 725 4206 et
736 4161 897 4210 canonum
907 4141 1225 4234 statutuprucodcrc‚

81 4257 215 4324 vocavit
226 4278 277 4324 me
292 4256 539 4346 infrascriptum
550 4255 718 4346 notorium
730 4256 914 4347 pullicum,
931 4271 963 4328 cl
984 4259 1022 4330 in
1034 4263 1226 4335 actuorium
