3050 4984
286 447 350 519 tes
661 470 837 520 morenos
858 472 899 521 nn
918 468 1054 519 imino.

284 591 383 660 allate
397 592 508 679 verba,
525 602 622 683 prout
644 601 761 661 sonant
775 593 878 661 baisse
902 592 943 661 ab
963 591 1184 661 illustrissimo
1198 594 1353 661 Antistite
1378 592 1438 661 in-

284 698 420 766 tellecta.
437 700 502 769 Sed
515 700 655 770 voluisse
669 724 748 768 eum
760 700 935 768 dumtaxat
944 701 1141 792 exprimere,
1159 700 1253 769 valde
1267 710 1438 791 opportu-

286 826 379 889 num,
396 828 456 896 pro
481 807 575 875 novis
598 816 783 898 temporum
799 808 1062 893 circumstantiis,
1083 807 1184 875 luisse
1198 806 1436 876 Tridentinum

285 910 463 998 decretum,
478 912 571 981 facile
585 914 783 997 antumabit,
800 914 948 1005 quisquis
962 912 1128 981 eruditum
1144 912 1216 1001 ejus
1230 914 1354 981 librum
1383 914 1435 981 le-

286 1020 381 1106 gerit,
406 1020 439 1087 iu
464 1042 530 1111 quo
552 1029 662 1089 tantus
687 1020 836 1111 splendet
849 1019 1042 1089 orthodoxe
1058 1019 1135 1089 fidei
1150 1020 1252 1106 zelos,
1273 1030 1436 1111 mumque

284 1148 362 1215 erge
374 1126 491 1196 Sedem
503 1127 721 1219 apostolicam
735 1127 953 1196 observantia.

328 1234 369 1301 11.
390 1233 481 1317 Quid
491 1234 531 1302 de
542 1234 709 1303 sententiis
723 1257 764 1302 ee
777 1235 958 1324 informata
972 1235 1170 1303 conscencia
1183 1235 1301 1303 sessim
1315 1248 1436 1304 emea-

285 1352 342 1407 tur
354 1341 491 1432 quisquc
502 1341 691 1421 catholicus,
707 1355 738 1409 et
752 1340 835 1432 qnid
846 1342 1038 1431 opiniormm
1051 1342 1198 1409 libertati
1204 1342 1436 1409 relictumss't?

282 1484 327 1497 -
339 1445 609 1515 Concludendnm
624 1468 741 1538 nempe
755 1446 885 1515 videtur
907 1451 937 1513 l·
951 1448 1054 1515 teneri
1068 1471 1235 1539 quemque
1250 1472 1310 1539 pro
1324 1450 1432 1535 bona,

282 1553 372 1642 justa
384 1560 416 1622 et
429 1554 575 1643 legitima
589 1555 708 1622 babere
724 1554 960 1623 sententiarum
974 1577 1016 1623 ex
1032 1555 1208 1624 informata
1226 1557 1433 1625 conscientia

283 1660 500 1752 disciplinam,
517 1684 558 1729 ex
573 1684 639 1753 quo
653 1661 742 1730 illam
757 1662 890 1731 induxit
902 1672 934 1730 et
947 1662 1105 1753 quamdiu
1118 1662 1319 1732 retinendam
1334 1665 1434 1731 exis-
1503 1656 1504 1747 l

285 1768 410 1837 timebit
426 1768 577 1837 Ecclesia.
595 1774 628 1835 2⁰
642 1769 724 1837 Item
738 1768 858 1838 bonam
870 1778 902 1839 et
917 1770 1097 1857 legitimam
1112 1769 1213 1839 luisse
1227 1772 1430 1840 conburiam

282 1874 500 1966 disciplinam,
517 1876 649 1967 quando
663 1876 753 1945 illum
770 1876 910 1945 Ecclesia
921 1877 1074 1968 amplexa
1088 1887 1148 1963 est,
1165 1886 1197 1945 et
1209 1879 1372 1969 quamdiu
1386 1879 1430 1945 il-
1503 1872 1504 1927 l

284 1982 348 2051 lam
365 1982 567 2051 retinendam
583 1984 721 2075 putavit.

327 2093 371 2158 At
385 2112 463 2159 vero
488 2090 539 2158 his
565 2091 599 2158 in
621 2099 691 2159 tuto
714 2091 839 2181 positis,
856 2092 927 2159 viro
952 2090 1110 2160 catholico
1123 2114 1189 2159 non
1204 2090 1427 2179 interdicitur,
1503 2120 1504 2193 p

282 2197 495 2287 praeentiam
509 2206 692 2288 temporum
705 2220 765 2266 sno
776 2196 872 2267 modo
882 2198 1069 2289 ponderatis
1082 2199 1348 2284 circumstantiis,
1366 2224 1428 2291 op-
1503 2212 1504 2287 t

283 2313 460 2395 portunum
471 2306 643 2391 aestimare,
655 2315 690 2373 ut
705 2305 792 2372 dicta
800 2304 1031 2395 Episcoporum
1041 2313 1180 2396 potestas
1190 2315 1384 2391 arceretur,
1394 2316 1428 2375 et

281 2411 323 2478 ad
346 2411 515 2502 pristinam
544 2410 749 2502 disciplinam
779 2434 946 2499 regressus
985 2410 1088 2479 fieret.
1127 2414 1234 2502 Atque
1275 2412 1308 2481 id
1338 2412 1426 2481 circa

281 2518 360 2587 alias
375 2518 524 2586 Ecclesiae
540 2518 640 2607 leges,
657 2518 748 2585 verbi
774 2518 890 2605 gratia,
914 2519 999 2586 circa
1013 2518 1241 2586 abstinentiam
1259 2519 1423 2606 sabbathi,
1503 2592 1504 2597 ,

282 2625 425 2716 quotidie
461 2649 480 2692 a
517 2624 675 2715 theologis
705 2626 913 2715 expenditur,
944 2634 976 2692 et
1013 2626 1048 2691 in
1077 2624 1222 2693 diversas
1253 2626 1425 2716 opiniones

281 2732 359 2799 itur.
391 2732 514 2799 Pariter
547 2732 842 2822 irreprehensibilis
880 2730 1061 2801 censendus
1095 2741 1142 2798 est
1170 2732 1246 2821 qui,
1277 2753 1423 2822 praesen·

282 2838 363 2906 tinm
400 2842 520 2929 pariter
554 2851 737 2929 temporum
766 2837 895 2905 attentis
921 2834 1194 2923 circumstantiis,
1220 2840 1422 2907 contrarium

276 2946 493 3033 concluderet,
522 2943 779 3014 conservandam
808 2944 927 3012 scilicet
954 2944 1189 3035 Episcoporum
1215 2945 1421 3036 entra-judi·
1503 2978 1504 3037 p

280 3053 403 3120 cialiter
431 3051 645 3121 sententiandi
673 3060 874 3142 potestatem.
890 3050 1037 3141 Utraque
1066 3051 1186 3119 scilicet
1212 3052 1325 3141 opinio
1353 3050 1421 3118 dis-

281 3160 485 3249 putationum
509 3160 650 3227 libertati
676 3158 789 3227 relicta
812 3158 971 3227 censenda
999 3168 1059 3243 est,
1088 3158 1185 3225 modo
1213 3158 1353 3249 quisque
1380 3159 1419 3226 de

279 3276 442 3357 pratense
466 3268 501 3335 in
526 3278 663 3357 utroque
686 3289 784 3335 sensu
811 3266 1051 3357 opportunitate
1078 3264 1251 3334 Ecclesium
1276 3264 1418 3355 judicem

278 3397 346 3441 esse
370 3383 535 3463 agnoscat,
553 3384 583 3441 et
609 3373 697 3465 quod
724 3372 867 3440 Ecclesia
879 3371 1073 3463 judicaverit
1096 3382 1128 3439 et
1142 3372 1239 3461 praxi
1262 3394 1323 3439 sue
1344 3392 1417 3461 pro-

276 3481 414 3566 baverit,
445 3503 504 3570 pro
527 3478 614 3549 bono
637 3489 669 3546 et
691 3480 836 3567 legitimo
863 3480 981 3547 hahere
1013 3486 1144 3571 paratus
1175 3480 1229 3545 sit.
1262 3478 1416 3547 Absolute

277 3588 364 3656 enim
380 3587 510 3655 evenire
534 3595 651 3676 posset,
677 3593 714 3653 ut
739 3585 858 3653 dictem
876 3592 1064 3675 potestatem
1091 3583 1258 3675 Episcopis
1287 3606 1417 3652 conoes-

277 3717 359 3780 sam,
377 3695 419 3762 ob
444 3691 563 3761 nimios
584 3693 718 3778 abusus,
733 3690 848 3760 aliisve
864 3690 904 3759 de
922 3690 1038 3775 causis,
1057 3689 1157 3759 Sedes
1177 3688 1364 3780 Apostolica
1377 3690 1415 3757 ad

276 3804 433 3894 pristinos
447 3800 569 3868 limites
583 3801 799 3867 revocandam
825 3798 1053 3866 existimaret:
1080 3818 1146 3886 qno
1168 3818 1245 3863 casu
1266 3796 1324 3887 qui
1347 3819 1414 3864 eam

275 3910 356 3979 adeo
383 3907 495 3977 utilem
523 3916 555 3975 et
584 3905 684 3973 veluti
719 3905 932 3973 necessariam
962 3910 1134 3994 reputant,
1167 3924 1265 3969 suum
1300 3902 1413 3969 sentire

276 4016 353 4084 huic
377 4038 472 4084 novoe
503 4012 700 4082 ordinationi
724 4010 967 4080 accommodare
990 4017 1188 4077 tenerentur.
1217 4007 1309 4076 Sicut
1322 4008 1410 4076 etiam

276 4124 405 4191 evenire
431 4130 535 4213 potest
556 4122 599 4209 (et
618 4142 689 4187 meo
709 4118 842 4208 quidem
856 4116 979 4209 judicio
999 4114 1200 4206 probabilius
1218 4112 1358 4203 eveniet)
1380 4122 1411 4182 ut

273 4231 423 4298 mutilem
437 4236 627 4322 potestatem
641 4224 700 4296 diu
714 4226 856 4295 Ecclesia
877 4232 1099 4294 conservatam
1124 4222 1212 4293 velit.
1231 4222 1303 4303 Quo
1326 4242 1407 4303 casu,
