3050 4984
554 492 629 539 rnna
651 492 798 541 smenon.
1201 475 1243 539 27

104 610 183 703 apud
200 610 334 683 Rerardi
347 613 519 705 (Garztinnr'
531 638 680 699 canons,
697 623 789 708 parte
803 618 837 703 2,
851 637 923 709 cap.
942 614 1011 705 at);
1027 614 1083 683 sed
1107 614 1247 707 probant

106 726 242 811 tempore
254 720 403 791 Gratiani
413 724 557 813 viguisse
569 724 603 791 in
614 723 686 792 lora
696 721 909 792 ecclesiastico
920 722 1007 791 viam
1017 722 1244 810 emanationis,

104 846 173 893 enm
186 826 396 919 inscriptione
411 837 444 899 et
456 830 586 899 talionis
601 850 710 923 penna.
728 830 862 899 Constat
871 827 1013 921 deniqne
1023 851 1066 897 er
1077 830 1245 897 communi

104 930 268 1003 doctmum
284 958 456 1024 consensu,
470 936 526 1031 qui
542 944 697 1029 tanquam
711 945 837 1006 certum
857 934 989 1024 habent,
1005 936 1146 1006 Romani
1160 936 1246 1027 juris

104 1038 336 1111 ordinationem
352 1043 393 1111 de
409 1042 505 1113 mado
521 1042 715 1137 procedendi
731 1066 790 1135 per
813 1042 1026 1114 accusationis
1046 1043 1147 1131 emm,
1169 1066 1244 1112 cum

104 1147 307 1240 inscriptione
322 1158 354 1221 et
367 1150 496 1221 talionis
510 1172 617 1243 poena,
634 1149 676 1219 ad
691 1150 800 1219 iorum
814 1148 963 1219 Ecclesia
978 1170 1137 1219 manasse

143 1254 328 1325 Psorosrrro
343 1256 399 1327 11⁸.
411 1295 456 1309 -
466 1260 589 1327 Forma
594 1256 793 1351 procedendi
796 1278 862 1348 per
870 1256 961 1325 viam
969 1256 1200 1339 accusationis,
1215 1268 1247 1325 ct

104 1384 174 1429 nam
187 1361 321 1431 toliom's
326 1386 438 1456 poena,
448 1376 551 1457 procu
559 1365 594 1435 in
605 1364 750 1435 Ecclesia
759 1375 887 1455 recepta
897 1376 953 1446 est,
965 1386 1022 1431 aec
1031 1362 1157 1454 injusta
1162 1363 1243 1455 ficit,

102 1492 153 1535 rrcc
164 1491 240 1537 eam
255 1470 372 1539 babuit
385 1471 670 1564 imperfectum,
687 1494 753 1563 qna
768 1470 881 1539 eadem
897 1472 1010 1561 [ormo
1027 1470 1062 1537 in
1079 1471 1159 1561 jare
1179 1475 1244 1539 lto-

104 1598 199 1645 mana
218 1578 404 1646 laborabat.
419 1617 464 1631 -
483 1582 512 1648 1.
537 1580 693 1671 Injustam
717 1600 783 1647 non
808 1578 907 1647 baisse
928 1577 1085 1646 evincunt
1105 1578 1246 1647 rationes

103 1684 218 1775 quibus
232 1685 381 1755 eamdem
392 1685 477 1776 juris
490 1686 633 1757 Romani
648 1684 895 1777 dispositionem
909 1685 951 1752 ab
964 1684 1123 1776 injustitia
1135 1684 1247 1753 vindi-

103 1792 256 1861 cavimus.
267 1792 362 1860 Adde
372 1816 497 1885 pcenam
508 1794 676 1885 sanguinis
685 1794 725 1861 ab
736 1792 880 1861 Ecclesia
889 1814 1056 1884 nunqnam
1067 1789 1246 1861 adhibitam

103 1898 196 1967 tuisse
215 1927 222 1967 :
243 1898 300 1969 sed
316 1924 410 1970 reum
426 1901 485 1970 hac
498 1923 594 1995 poena
608 1900 827 1993 plectendum,
839 1899 973 1969 brachio
984 1901 1135 1970 saeculari
1147 1901 1246 1970 inissa

102 2005 266 2076 traditum.
283 2008 368 2076 Hinc
383 2017 559 2096 accusator,
577 2010 635 2101 qui
648 2008 788 2101 ajudicc
799 2007 1014 2077 ecclesiastico
1025 2008 1248 2101 deprehende-

101 2110 195 2179 batur
209 2113 351 2205 aliquem
366 2114 510 2205 capitalis
525 2114 671 2182 criminis
687 2114 768 2182 falso
782 2135 960 2199 accusasse,
973 2135 1103 2205 poenam
1118 2114 1248 2183 talionis

101 2216 309 2306 incurrendo,
331 2220 516 2290 incurrebat
537 2230 663 2289 tantum
683 2220 890 2289 traditionem
913 2220 1048 2290 brachio
1068 2220 1244 2288 saeculari:

100 2324 185 2415 quod
209 2336 317 2395 autem
343 2328 509 2397 secularis
526 2328 629 2422 judex
649 2330 746 2421 juxta
768 2330 885 2419 vigens
907 2337 983 2397 tunc
1003 2328 1158 2420 temporis
1180 2328 1247 2395 Ro-

102 2455 271 2503 manorum
294 2436 361 2527 jus,
388 2436 655 2505 calumniatorem
679 2460 716 2505 eo
740 2460 816 2505 casu
841 2436 912 2504 neci
939 2435 1092 2523 traderet,
1122 2435 1154 2503 id
1179 2456 1246 2503 non

100 2538 264 2629 Ecclesia,
289 2542 345 2612 sed
372 2544 519 2613 saeculari
541 2544 718 2635 legislatori
738 2542 961 2612 tribuendum,
980 2544 1018 2610 ln
1038 2542 1163 2611 crateris
1185 2566 1248 2611 au-

101 2656 160 2715 tern
194 2649 322 2718 casibus
350 2674 446 2741 poena
471 2651 600 2719 talionis
627 2676 646 2719 a
667 2650 777 2743 judice
800 2650 1013 2720 ecclesiastico
1039 2650 1248 2745 pronuntiata

101 2776 163 2823 non
185 2758 290 2849 major
310 2766 379 2826 erat
402 2780 452 2844 aa,
474 2781 572 2851 quam
593 2758 753 2850 potuisset
771 2780 811 2825 ex
834 2756 988 2849 prudenti
1010 2758 1144 2826 arbitrio
1160 2758 1247 2849 juste

101 2862 284 2933 decernere.
314 2864 511 2951 canonicus,
537 2865 629 2935 verbi
653 2864 770 2955 gratia,
798 2865 855 2956 qui
880 2864 1018 2934 scienter
1044 2887 1102 2956 per
1130 2863 1246 2933 falsam

100 2970 334 3039 accusationem
355 2972 504 3059 tentavit,
528 2982 564 3041 ut
586 2972 619 3039 in
641 2971 742 3040 alium
759 2972 951 3039 canonicum
974 2970 1182 3062 depositionis
1205 2972 1247 3038 ab

26 3166 27 3177 ἵ
101 3075 207 3145 alticio
234 3078 393 3147 sententia
421 3078 700 3169 pronuntiaretur,
726 3097 835 3145 nonne
856 3077 942 3169 juste
963 3086 1094 3171 propter
1120 3086 1247 3145 tantam

102 3181 224 3250 lacinus
239 3184 350 3274 etipse
363 3184 475 3254 officio
490 3209 550 3253 sua
564 3184 770 3277 privabitur?
781 3184 925 3252 Talionis
935 3206 1014 3274 crgo
1026 3206 1134 3275 poena,
1148 3193 1247 3276 prout

26 3322 27 3365 5
102 3287 218 3379 injure
232 3290 446 3361 ecclesiastico
461 3292 539 3361 olim
555 3293 671 3383 viguit,
688 3291 812 3361 nullam
832 3290 1023 3381 injustitiam
1046 3291 1243 3360 involvebat.

27 3472 28 3491 ἶ
102 3399 130 3462 2.
156 3396 221 3465 Sed
247 3420 350 3490 neque
370 3399 556 3491 adjunctam
583 3398 698 3468 habuit
718 3422 788 3466 eam
806 3398 1082 3490 imperfectionem
1108 3422 1173 3490 qua
1192 3399 1248 3491 jus

102 3502 285 3573 Romanum
316 3504 495 3575 laborabat.
526 3506 609 3574 Nam
640 3507 674 3573 in
705 3528 743 3574 eo
772 3505 943 3575 deficiebat
964 3505 1020 3596 jus
1046 3506 1246 3593 Romanum,

101 3610 199 3701 qood,
217 3634 293 3679 cum
306 3613 401 3681 unica
413 3622 538 3704 pateret
552 3614 764 3681 accusationis
780 3614 847 3698 via,
863 3613 905 3681 ob
918 3614 1123 3682 tremendum
1138 3614 1246 3706 quoad

101 3727 317 3787 accusatorem
337 3720 495 3810 probandi
522 3743 618 3807 onus,
640 3720 804 3810 impunita
830 3718 1055 3788 deficientibus
1081 3729 1248 3789 amusato-

27 3880 29 3899 .
102 3824 192 3893 ribus
209 3836 414 3895 remanerent
429 3828 531 3897 multa
546 3826 673 3913 delicta,
697 3849 763 3896 non
782 3826 852 3895 sine
873 3826 1010 3895 notabili
1027 3826 1104 3894 boni
1125 3827 1245 3917 publici

28 4360 30 4447 l

100 3932 302 4002 detrimento.
329 3936 453 4003 Atvero
476 3934 707 4005 inconveniens
731 3934 793 4003 boo
810 3956 877 4000 non
900 3956 1017 4025 parum
1042 3934 1246 4024 temperaba-

103 4048 151 4109 tnr
175 4041 282 4132 quoad
304 4040 427 4134 judicia
452 4042 675 4111 ecclesiastica.
705 4041 802 4111 chus
824 4041 911 4109 enim
938 4039 1082 4109 tutandas
1111 4041 1187 4109 fidei
1214 4051 1248 4110 et

102 4148 290 4217 removendi
299 4148 451 4217 scandala
464 4150 540 4219 satis
556 4148 666 4219 fideles
683 4150 821 4239 urgebat
842 4148 883 4217 ad
904 4146 1164 4239 suscipiendum,
1187 4149 1246 4219 ubi

103 4278 181 4347 opus
203 4266 286 4345 erat,
312 4256 523 4329 accusationis
550 4278 654 4330 onus:
682 4264 713 4324 et
738 4265 896 4356 praterea
917 4254 1077 4355 impunita
1104 4254 1248 4352 relinqui
