3050 4984
540 525 614 573 rius
637 524 782 571 saeuum.
1165 500 1227 564 299

83 670 105 710 a
130 644 260 714 duobus
272 644 400 713 casibus
411 644 588 713 maraldus
603 655 676 734 aget
690 644 806 735 judea,
817 644 845 711 si
857 641 1046 735 pronuntiet
1061 662 1161 733 super
1171 664 1233 710 no-

86 777 106 816 «
130 761 291 928 lollllbn
307 867 356 927 est
373 858 408 927 iu
424 882 499 928 casu
516 859 634 929 notorii
655 860 746 929 locus
767 858 976 950 appellationi
985 886 994 946 3
1013 860 1070 929 scd
1093 860 1154 928 ista
1167 879 1233 926 non

86 992 107 1029 a
131 964 291 1051 obstante,
300 965 403 1057 judex
413 966 454 1033 ad
466 966 689 1035 executionem
702 973 807 1057 potest
817 965 1035 1056 procedere.»
1054 964 1234 1057 (Scbmalz-

82 1072 243 1161 grueber,
258 1072 292 1139 in
306 1072 355 1140 tit.
373 1076 404 1159 t,
420 1072 496 1141 libri
513 1078 530 1140 5
545 1073 685 1157 Decret,
701 1093 734 1139 n.
753 1073 820 1162 12.)
833 1071 1082 1162 Constatcapite
1094 1072 1180 1139 Cum
1191 1069 1234 1137 sit

87 1180 136 1267 (5,
156 1178 307 1262 titurius,
322 1178 399 1247 libri
410 1184 429 1246 2
440 1178 681 1269 Decretalium),
696 1178 752 1246 ubi
762 1178 803 1245 de
812 1178 1027 1270 appellatione
1038 1177 1234 1267 factuarap-

85 1295 170 1371 tore,
187 1286 240 1354 vel
256 1286 399 1355 violento
413 1288 461 1355 rei
471 1288 587 1355 alienas
601 1287 780 1371 detentore,
798 1286 844 1354 sic
856 1286 992 1354 habetur
1007 1313 1014 1351 ε
1030 1283 1235 1375 Hujusmodi

85 1392 264 1475 appellatio
284 1394 374 1472 sacta
403 1394 437 1457 iu
460 1393 588 1477 judicia
612 1392 705 1476 apud
727 1394 955 1457 ecclesiasticas
975 1410 1134 1475 persorms
1157 1391 1237 1455 solet

86 1500 217 1577 audiri,
232 1502 298 1564 uisi
306 1502 392 1581 sorte
412 1504 603 1582 manifestus
618 1510 732 1585 raptor
746 1502 800 1566 vel
812 1503 994 1583 fornicator
1007 1503 1137 1578 existat,
1152 1501 1235 1563 sicut

88 1606 143 1671 ille
157 1626 253 1691 quem
272 1609 436 1673 absentem
454 1618 484 1673 et
503 1611 728 1692 irrequisitum
743 1610 914 1693 Apostolus
928 1607 1232 1673 excommunicavit.

137 1741 155 1779 a
170 1716 319 1784 Procedit
333 1724 443 1785 autem
458 1718 564 1786 solum
578 1740 668 1801 casu,
690 1741 755 1809 quo
770 1718 805 1785 in
825 1718 1066 1809 delinquentem
1087 1713 1234 1783 decerni·

93 1850 109 1885 a
133 1830 189 1891 tur
205 1846 300 1913 poena
311 1832 467 1915 tanquam
482 1826 515 1893 in
531 1847 623 1893 reum
640 1825 757 1894 notorii
773 1824 929 1892 criminis.
948 1824 1031 1892 Nam
1047 1823 1074 1889 si
1090 1819 1131 1889 ad
1153 1821 1235 1887 hanc

93 1958 108 1993 a
134 1931 334 2023 simpliciter,
350 1942 381 2001 et
393 1934 580 2003 notorietate
593 1956 658 2002 nou
671 1956 836 2025 expressa,
850 1933 1131 2015 condemnaretur,
1144 1929 1235 1997 locus

93 2064 109 2101 a
133 2038 344 2129 appellationi
357 2040 450 2109 foret.
470 2066 486 2105 s
509 2039 824 2130 (Scbmalzgrueber,
839 2040 910 2108 loco
923 2036 1046 2126 citato.)

137 2148 168 2211 8.
185 2146 238 2213 Au
259 2146 292 2213 in
314 2169 411 2215 causa
430 2148 548 2216 notorii
569 2146 677 2215 delicti
697 2148 799 2238 possit
820 2168 896 2214 reus
912 2145 1058 2237 judicem
1081 2153 1236 2233 tanquam

90 2262 277 2343 suspectum
293 2260 460 2323 recusaret
476 2293 520 2307 -
535 2254 785 2343 Distigueudum
805 2280 813 2322 ε
835 2253 886 2322 vel
901 2253 989 2321 enim
1005 2274 1114 2343 paene,
1136 2274 1236 2342 quam

92 2358 238 2426 decernit
248 2359 364 2450 judex,
383 2372 429 2428 est
443 2362 530 2451 jure,
548 2370 668 2429 statuto
682 2370 737 2429 aut
756 2360 989 2429 consuetudine
1002 2357 1234 2442 determinata;

92 2466 144 2533 vel
164 2466 267 2557 ipsius
284 2467 405 2559 judicis
424 2468 559 2537 arbitrio
580 2468 816 2537 determinatur
839 2494 846 2534 ι
871 2468 898 2534 si
921 2468 1026 2557 prius,
1050 2486 1116 2533 nan
1138 2462 1236 2532 datur

92 2574 288 2641 recusationi
308 2574 397 2643 locus
421 2602 428 2643 :
452 2576 479 2642 si
502 2576 678 2667 posterius,
701 2574 861 2643 recusatio
879 2572 1080 2659 admittitur,
1104 2571 1181 2663 quia
1200 2570 1236 2638 in

92 2678 257 2749 taxatione
267 2703 372 2771 prenae
384 2692 492 2773 posset
498 2682 600 2773 judex
613 2680 779 2751 excedere.
793 2681 841 2749 lta
849 2680 997 2749 doctores
1005 2677 1235 2764 communiter,

94 2796 128 2854 ut
144 2786 255 2855 videre
271 2796 318 2857 est
329 2789 417 2879 apud
436 2788 726 2877 Submelzgrueber
743 2788 825 2877 (loeo
838 2787 959 2876 citato).
972 2786 1008 2855 ld
1023 2808 1101 2853 vero
1115 2791 1236 2853 eruunt

94 2917 133 2961 ex
150 2897 255 2985 capite
266 2896 441 2987 Proposuit
456 2897 523 2987 (tt,
541 2896 626 2965 tituli
640 2900 695 2982 28,
706 2896 783 2963 libri
801 2900 820 2961 2
833 2892 1061 2979 Decretalium)
1072 2921 1080 2972 ;
1093 2893 1150 2982 qui
1163 2901 1237 2959 tex-

95 3010 146 3067 tus
162 3000 247 3092 stylo
262 3004 417 3091 tantisper
433 3003 632 3071 subobscuro
648 3002 839 3087 delineatus,
861 3002 909 3069 sic
924 3000 1042 3069 clarius
1058 3002 1092 3066 in
1107 2999 1238 3067 rubrica

97 3110 156 3198 ipsi
177 3111 316 3199 praelixa
334 3110 564 3199 intelligendus
578 3109 761 3178 declaratur
779 3136 786 3177 ε
804 3109 981 3200 Appellarrs
995 3109 1038 3176 ab
1060 3107 1236 3176 ordinario

99 3218 130 3277 iu
140 3234 207 3279 urea
221 3235 331 3294 causa,
344 3219 378 3279 in
390 3219 464 3281 aliis
478 3237 589 3281 caram
603 3238 639 3281 eo
653 3217 845 3301 respondere
861 3224 985 3279 tenetur
995 3224 1117 3299 :potest
1128 3223 1237 3279 tamea

99 3341 170 3387 erem
184 3342 334 3387 recusare
349 3332 385 3388 ut
397 3334 594 3407 suspectum·
607 3326 673 3387 uisi
690 3325 901 3388 conueniatur
915 3323 954 3386 de
974 3324 1110 3386 crimine
1127 3321 1236 3384 marei-

96 3430 187 3511 sesto,
202 3439 234 3495 et
253 3432 288 3495 ire
302 3450 366 3514 quo
380 3451 445 3495 nou
458 3430 548 3497 cadit
564 3434 727 3497 exacutio
748 3450 805 3496 uec
818 3432 968 3513 suspicio,
983 3440 1021 3494 ut
1037 3431 1117 3513 quia
1131 3430 1236 3509 impo-

98 3538 185 3599 ru'tur
195 3556 296 3619 poerea
309 3540 401 3621 juris
414 3556 549 3620 surperts
565 3542 636 3620 ipso
650 3540 749 3618 sacta.

618 3810 713 3900 eru.

100 3982 175 4041 Quale
192 3982 287 4034 debeat
301 3982 511 4044 mecastoriam,
526 3985 553 4032 ut
564 3980 645 4047 judex
659 3984 714 4031 tuto
732 3981 814 4045 possit
830 3994 879 4047 per
891 3982 958 4032 riam
974 3980 1071 4031 notorii
1085 3978 1237 4043 procedere.

141 4186 214 4253 Jam
235 4184 295 4253 sub
320 4183 426 4274 primo
444 4181 647 4272 paragrapho
669 4179 815 4247 diximus
835 4178 915 4270 quid
931 4180 972 4246 sit
997 4179 1159 4246 notorium
1181 4178 1239 4245 de—

102 4291 222 4363 lictum.
239 4290 312 4367 Non
332 4300 442 4360 tamen
458 4288 590 4359 omnino
610 4288 819 4397 determinate
838 4285 1054 4354 indicavimus
1070 4284 1241 4378 requisitas
