3050 4984
274 418 312 483 10
646 439 821 486 ruaerurus
844 440 882 484 oe
904 440 1038 486 runicus.

274 584 291 623 «
314 581 389 627 eum
411 568 637 655 contraquam
658 562 745 629 testis
768 560 934 652 deposuit;
952 562 1060 643 tertia,
1080 561 1228 649 ludaeos,
1254 584 1413 654 paganus,

274 692 292 731 «
316 666 498 755 baeraticus,
514 678 660 760 respectu
669 668 839 736 christiani
856 681 887 736 et
900 668 1064 749 catholici;
1078 681 1212 759 quarto,
1230 670 1332 738 laicus
1348 694 1415 739 res-

274 800 292 839 «
315 790 408 865 pactu
423 776 531 843 clerici
548 776 661 867 (capite
674 778 759 844 Cum
771 780 810 845 P.
833 780 886 862 111,
898 776 984 844 tituli
1002 781 1033 861 1,
1046 776 1122 845 libri
1135 776 1412 869 5Dccretalium);

273 908 290 947 a
313 884 393 974 quia
406 882 524 953 horum
541 884 700 953 accusatio
717 884 928 975 praesumitur
942 905 985 951 cx
1000 883 1075 951 odio
1091 883 1268 975 proticisci;
1282 888 1412 977 quinto,

273 1014 289 1055 «
313 992 459 1060 inimicis
476 992 696 1061 cohabitantes
716 1000 747 1060 et
767 1015 843 1059 cum
863 991 910 1059 eis
927 991 1113 1082 frequenter
1133 1001 1316 1073 versantes;
1339 995 1416 1085 quia

272 1123 289 1162 «
311 1098 456 1189 ejusdem
477 1100 653 1168 voluntatis
672 1108 704 1167 et
723 1099 903 1167 affectionis
922 1121 991 1166 esse
1010 1098 1199 1184 creduntur,
1224 1100 1318 1190 cujus
1339 1110 1416 1169 sunt

273 1231 289 1269 «
312 1205 336 1272 ii
356 1228 497 1297 quorum
513 1206 681 1275 domestici
702 1215 733 1273 et
753 1206 929 1274 familiares
947 1215 1035 1273 sunt.
1058 1232 1075 1271 »
1098 1206 1413 1297 (Scbmalzgrueber,

267 1313 302 1380 in
318 1313 365 1381 tit.
385 1318 416 1400 t,
432 1314 508 1382 libri
527 1314 702 1400 bllecret,
720 1336 753 1381 u.
776 1314 843 1403 55.)

314 1422 365 1486 17.
383 1420 537 1511 Relipiosi
550 1432 581 1487 et
596 1420 704 1488 clerici
718 1448 729 1487 :
746 1428 871 1488 constat
885 1442 928 1487 ex
943 1443 1065 1489 canone
1081 1421 1176 1489 Sicut
1192 1422 1239 1510 (6,
1253 1442 1360 1489 causae
1378 1426 1411 1509 2,

145 1575 149 1593 .
216 1570 220 1577 ,
266 1549 299 1617 q.
320 1527 365 1615 7).
393 1526 562 1619 «Excipe,
580 1528 641 1595 uisi
661 1527 769 1595 clerici
783 1537 815 1597 et
832 1528 976 1618 religiosi
990 1527 1131 1596 civiliter
1152 1528 1308 1596 delictum
1324 1527 1414 1597 dele-

271 1660 287 1697 «
311 1643 385 1701 rant
396 1636 430 1703 in
439 1635 621 1725 judiciu1u3
635 1644 713 1726 puta
723 1635 764 1703 ad
777 1636 1072 1726 compensationem
1083 1636 1145 1704 sibi
1157 1636 1338 1705 faciendam
1353 1660 1414 1728 pro

271 1766 288 1805 «
311 1740 439 1809 damnis
450 1743 587 1810 causatis
599 1765 641 1809 ex
653 1742 741 1810 furto
756 1743 807 1811 vel
821 1743 886 1811 alio
900 1743 1017 1811 delicto
1032 1769 1040 1809 :
1053 1752 1131 1811 tuuc
1142 1744 1229 1810 enim
1240 1743 1323 1811 facta
1336 1767 1412 1835 pro·

271 1874 289 1912 1
312 1849 478 1917 testatione
498 1848 585 1940 quorl
605 1872 670 1917 non
689 1858 788 1937 agant
803 1850 1015 1917 criminaliter
1034 1850 1076 1917 ad
1095 1872 1225 1942 paenam
1241 1851 1414 1939 sanguinis

270 1980 288 2020 «
310 1965 366 2023 aut
383 1956 607 2041 mutilationis,
625 1956 681 2023 scd
696 1956 829 2047 praecise
840 1956 883 2023 ad
896 1979 992 2025 suum
1009 1958 1176 2042 interesse,
1189 1957 1315 2025 unllam
1332 1958 1413 2025 irre-

269 2088 287 2127 «
309 2062 513 2151 gularitatcm
526 2066 713 2149 incurrunt3
725 2062 1415 2154 licetdeiudejudcxajudiciocivilitrans·

269 2180 360 2237 «eat
389 2172 429 2237 ad
459 2170 640 2257 criminale,
666 2179 697 2237 et
724 2192 783 2260 per
810 2170 898 2238 viam
925 2169 1150 2261 inquisitionis
1174 2169 1412 2239 malefactorem
1517 2185 1518 2188 ’

269 2302 285 2341 «
309 2278 494 2346 convictum
517 2277 709 2346 condemnet
730 2276 847 2361 ultimo
871 2277 1042 2367 supplicio.
1071 2277 1155 2345 Nam
1179 2277 1208 2344 si
1230 2276 1357 2345 clericis
1381 2285 1414 2343 et
1517 2295 1518 2300 ’

271 2385 467 2474 «religiosis
491 2408 557 2453 nou
577 2385 688 2452 liceret
709 2384 884 2452 convenire
907 2384 998 2451 fures
1019 2394 1050 2451 et
1074 2384 1154 2451 alios
1178 2384 1411 2469 malefactores,

270 2519 286 2555 «
310 2494 489 2582 aperiretur
502 2492 567 2559 lata
579 2489 853 2582 viadepraedaudi
869 2490 955 2559 bona
967 2491 1188 2577 ecclesiarum,
1200 2492 1413 2560 monasterio-

269 2626 286 2664 «
311 2622 384 2670 rum
405 2608 435 2667 et
456 2599 659 2685 clericorum,
681 2620 801 2687 eosque
820 2597 988 2666 occidendi
1004 2606 1037 2665 et
1057 2598 1140 2665 male
1160 2598 1321 2666 tractandi
1343 2600 1414 2668 :ita

269 2732 286 2771 ι(
309 2730 461 2797 expresse
475 2706 616 2773 declarat
630 2704 816 2774 Bonifacius
830 2704 909 2775 Vlll
926 2706 1039 2795 (capite
1054 2708 1087 2789 2,
1106 2704 1145 2773 de
1159 2706 1358 2787 Homicidia,
1378 2708 1414 2774 iu
1517 2717 1518 2720 ’

270 2838 287 2877 «
312 2814 357 2902 6),
377 2821 413 2880 ut
435 2812 572 2903 proinde
589 2812 664 2878 sine
675 2818 763 2879 metu
780 2810 1043 2899 irregularitatis,
1057 2810 1227 2896 Praelatus,
1245 2811 1415 2901 praemissa

269 2946 286 2984 «
310 2920 550 3013 protestatione,
578 2918 705 2987 «lelerre
728 2917 829 3008 possit
854 2917 944 2985 fures
966 2926 999 2984 et
1021 2916 1102 2985 alios
1126 2918 1347 2985 malefactores
1371 2918 1412 2984 ad

269 3056 286 3094 a
309 3029 602 3121 compensatiouem
622 3025 818 3094 damnorum
838 3025 901 3092 sibi
922 3024 1116 3093 faciendam.
1140 3051 1156 3088 a
1187 3024 1353 3115 (Maschat,
1378 3027 1413 3092 in

266 3138 316 3204 111.
340 3141 370 3220 1,
386 3136 463 3203 libri
478 3140 494 3201 5
509 3136 651 3217 Decret,
669 3156 702 3200 u.
724 3133 769 3221 5.)

313 3247 363 3311 18.
384 3244 533 3333 Plerique
552 3264 593 3309 cx
614 3239 779 3309 recensitis
801 3240 841 3306 ab
864 3239 1046 3307 accusando
1066 3260 1132 3307 uon
1156 3238 1360 3330 repelluntur
1377 3240 1413 3307 in

266 3350 371 3418 tribus
385 3349 436 3418 his
451 3350 578 3418 casibus
595 3376 602 3416 :
622 3351 653 3416 1⁰
670 3346 802 3439 quaudo
816 3368 910 3415 suam
926 3369 964 3414 ac
977 3368 1113 3414 suorum
1128 3346 1287 3438 injuriam
1302 3369 1413 3437 prose-

266 3466 427 3551 quuntur,
447 3462 481 3525 2ο
495 3459 529 3525 iu
545 3456 740 3525 criminibus
751 3478 826 3545 quae
841 3454 998 3523 dicuntur
1013 3468 1167 3546 accepta·
1181 3477 1310 3545 nempe,
1326 3454 1414 3525 laesae

267 3564 455 3656 majestatis,
480 3565 653 3645 haereseos,
671 3561 834 3647 simoniae,
852 3561 1025 3650 sacrilegii,
1043 3560 1217 3648 latrocinii,
1233 3562 1412 3648 assassinii,

266 3671 441 3740 testimonii
455 3670 541 3758 falsi,
558 3670 681 3738 falsatae
699 3677 852 3754 moneta,
869 3667 1028 3736 fraudate
1044 3689 1198 3755 annonae,
1215 3690 1344 3754 census,
1357 3675 1415 3736 aut

264 3782 410 3870 pecuniae
424 3779 580 3869 publicae3
599 3781 631 3845 3·
653 3776 785 3869 quaudo
805 3777 917 3867 agitur
931 3774 972 3845 de
985 3774 1142 3862 ecclesiae,
1159 3774 1212 3843 vcl
1228 3776 1415 3844 monasterii

266 3892 323 3955 aut
338 3886 402 3954 alia
418 3885 554 3952 utilitate
568 3883 711 3977 publica.

309 3994 461 4063 Diximus
474 3993 624 4085 plerique
641 4019 652 4059 .·
672 4014 748 4061 nam
764 3991 887 4061 exclusi
901 3991 998 4059 etiam
1013 4002 1092 4060 tuuc
1106 3992 1148 4060 ab
1162 3990 1345 4061 accusando
1360 4014 1414 4061 re-

266 4112 410 4187 manent,
437 4102 472 4169 in
498 4112 616 4181 totam,
644 4098 798 4186 inlantes,
824 4107 981 4186 amentes,
1006 4098 1138 4185 furiosi,
1161 4098 1255 4168 surdi
1277 4107 1309 4166 et
1331 4100 1414 4166 muti

266 4230 332 4277 non
357 4208 434 4277 satis
457 4207 600 4280 valentes
626 4214 767 4277 mentem
788 4205 964 4297 explicare,
988 4205 1260 4275 excommunicati
1281 4226 1412 4274 excom-
