3050 4984
550 521 625 567 rans
647 521 791 567 securos.
1107 458 1109 463 Ι
1176 490 1241 567 lii

97 646 136 710 ut
160 640 310 732 appellet,
343 642 372 709 si
402 642 436 709 in
466 641 575 733 prima
601 640 753 709 instantia
783 641 1011 731 pronuntietur
1038 642 1238 730 invalidnm3

99 748 199 840 idque
220 749 289 816 sive
305 749 412 817 ambae
436 757 556 840 partes,
573 748 642 815 sive
661 770 726 815 una
741 757 881 833 tantum,
903 748 971 815 sive
987 758 1112 835 neutra,
1129 772 1149 817 a
1165 773 1244 818 sen-

98 855 201 924 tentia
215 855 372 925 nullitatis
385 856 567 948 appellent;
582 855 633 922 vel
649 856 676 922 si
692 878 781 946 pars,
795 855 960 946 interjecta
976 856 1118 947 primum
1132 857 1244 949 appel-

99 963 233 1048 latione,
250 964 292 1031 ab
304 986 343 1031 ea
356 963 564 1055 postmodum
580 961 724 1029 desistat.

146 1071 183 1141 Si
193 1094 271 1139 vero
282 1070 512 1162 pronuntietur
522 1070 653 1139 nullitas
662 1070 696 1136 in
707 1068 850 1137 secunda
862 1070 1025 1155 instantia,
1040 1072 1157 1161 poterit
1166 1072 1245 1163 qni-

100 1179 177 1247 dem
190 1178 342 1246 defensor
364 1178 532 1245 sententiae
551 1177 765 1268 acquiescere,
782 1177 807 1243 si
825 1176 911 1268 justa
926 1178 988 1267 ipsi
1004 1178 1153 1247 videatur
1159 1206 1168 1265 ;
1188 1178 1245 1247 sed

101 1286 232 1354 debebit
245 1286 341 1353 etiam
357 1284 398 1352 ab
413 1308 451 1352 ea
466 1282 642 1376 appellare,
658 1284 685 1350 si
702 1284 787 1351 male
802 1286 1047 1375 pronuntiatum
1064 1286 1243 1355 existimet.

145 1391 229 1476 lmo,
258 1390 286 1457 si
311 1390 519 1481 pronuntiata
547 1389 589 1455 sit
613 1388 763 1458 validitas
793 1390 828 1456 in
855 1390 997 1459 secunda
1025 1392 1189 1477 instantia,
1214 1402 1246 1461 et

100 1505 214 1588 postea
239 1496 342 1588 (parte
364 1495 556 1587 appellante}
585 1494 717 1563 nullitas
739 1497 969 1587 pronuntietur
996 1498 1029 1564 iu
1058 1498 1162 1583 tertia,
1188 1523 1247 1589 po-

100 1604 179 1672 terit
209 1603 361 1671 defensor
387 1602 599 1687 matrimonii,
627 1602 696 1670 sive
725 1601 826 1689 solus,
858 1604 925 1670 sive
955 1603 1126 1673 adhaerens
1154 1606 1247 1674 alteri

100 1711 203 1802 parti,
227 1711 269 1778 ab
290 1709 350 1777 hae
377 1710 469 1776 tertia
491 1709 650 1777 sententia
667 1710 841 1800 appellare.
865 1709 945 1790 Quae
968 1710 1078 1779 omnia
1101 1720 1248 1780 constant

102 1816 156 1884 bis
175 1816 411 1885 constitutionis
431 1815 540 1883 verbis
560 1842 567 1881 :
588 1841 605 1879 tt
621 1814 657 1883 Si
676 1815 818 1905 ajudioe
833 1838 893 1906 pro
914 1818 1112 1886 matrimonii
1129 1818 1247 1887 validi-

105 1948 125 1987 ι(
150 1932 212 1990 tate
234 1922 447 2014 judicabitur,
474 1930 506 1989 et
533 1920 644 1990 nullus
667 1922 708 1989 sit
734 1922 791 2013 qui
819 1921 970 2012 appellet,
995 1924 1064 2014 ipse
1087 1925 1185 1993 etiam
1205 1928 1247 1995 ab

106 2056 126 2093 «
148 2029 362 2120 appellatione
373 2028 593 2113 seabstineat3
609 2026 708 2118 idque
720 2027 816 2095 etiarn
832 2037 991 2114 servetur,
1003 2030 1029 2096 si
1042 2054 1061 2097 n
1068 2030 1178 2123 jndice
1194 2056 1248 2100 se-

105 2164 125 2200 e
148 2136 266 2205 eundae
281 2135 446 2203 instantiae
467 2157 526 2225 pro
544 2133 711 2201 validitate
728 2135 927 2203 matrimonii
942 2134 1040 2204 tuerit
1051 2136 1247 2228 judicatum,

105 2271 125 2307 a
149 2252 320 2334 postquam
327 2242 428 2335 judex
443 2242 558 2333 primae
569 2242 733 2310 instantiae
745 2241 785 2310 de
796 2241 884 2310 illius
895 2241 1041 2311 nullitate
1053 2249 1246 2315 sententiam

106 2378 126 2415 a
149 2350 386 2442 pronuntiaret.
405 2347 464 2417 Sin
478 2358 588 2417 autem
608 2357 721 2415 eontra
737 2348 935 2415 matrimonii
960 2349 1155 2419 validitatem
1172 2377 1248 2422 sen-

105 2484 124 2520 «
150 2456 249 2524 tentia
278 2456 416 2540 lerator,
439 2454 589 2522 defensor
610 2454 694 2521 inter
722 2453 868 2543 legitima
896 2464 1040 2546 tempora
1059 2456 1246 2548 appellabit,

106 2592 125 2628 e
148 2564 321 2633 adhaerens
339 2563 434 2656 parti,
460 2585 535 2653 quae
559 2584 618 2653 pro
641 2560 806 2629 validitate
830 2562 955 2651 agebat.
981 2563 1064 2631 Cum
1087 2576 1193 2634 antem
1213 2568 1247 2636 in

106 2698 126 2737 α
148 2671 271 2764 judicio
287 2692 392 2762 neque
408 2692 494 2737 unns
508 2670 561 2754 sit,
575 2668 633 2760 qni
648 2690 707 2759 pro
721 2668 920 2737 matrimonii
937 2669 1102 2738 validitate
1119 2675 1248 2763 negotio

108 2804 127 2842 a
150 2778 288 2863 insistat,
307 2777 358 2844 vel
373 2777 401 2843 si
413 2776 508 2862 adsit,
525 2775 589 2842 lata
602 2782 715 2842 eontra
730 2796 807 2843 eum
823 2775 993 2862 sententia,
1007 2775 1170 2867 judicium
1187 2779 1248 2847 de-

107 2910 127 2949 «
150 2884 301 2971 seruerit,
318 2883 387 2975 ipse
401 2904 443 2951 ex
457 2880 563 2950 officio
577 2881 619 2950 ad
636 2881 837 2970 superiorem
851 2880 993 2972 judicem
1011 2886 1208 2972 provocabit.
1228 2914 1245 2952 o

108 2990 144 3081 o
162 2989 207 3079 ⁸.)

154 3123 171 3159 a
187 3094 281 3177 Quod
296 3097 324 3164 si
339 3120 358 3163 a
373 3095 515 3165 secunda
529 3094 689 3163 sententia
703 3116 802 3185 super
813 3094 973 3182 nullitate,
991 3096 1043 3164 vel
1057 3098 1159 3167 altera
1171 3123 1247 3191 pars

107 3232 126 3270 a
150 3202 374 3295 appellaverit,
395 3203 447 3270 vel
464 3200 654 3293 hujusmodi
677 3203 732 3288 sit,
757 3210 794 3269 ut
815 3201 844 3267 ei
865 3202 954 3269 salva
973 3206 1168 3274 conscientia
1190 3207 1249 3276 de-

107 3339 126 3377 «
150 3311 260 3379 teneor
283 3310 484 3377 matrimonii
502 3307 772 3399 acquiescendum
794 3330 859 3375 non
880 3318 972 3399 putet
1002 3311 1065 3401 (vel
1087 3312 1167 3403 quia
1185 3314 1249 3383 sibi

110 3448 128 3483 o
152 3416 282 3486 videtur
303 3417 470 3484 manifeste
497 3415 630 3505 injusta,
651 3414 703 3483 vel
724 3412 879 3501 invalida,
901 3415 952 3482 vel
971 3416 1048 3507 quia
1067 3418 1164 3487 fuerit
1185 3420 1249 3489 lota

111 3554 130 3591 o
154 3526 189 3593 in
213 3524 305 3593 tertia
329 3524 501 3609 instantia,
529 3529 561 3589 et
589 3521 630 3587 sit
654 3518 852 3589 revocatoria
879 3520 1011 3589 alterius
1038 3524 1251 3613 praecedentis

111 3662 130 3698 n
154 3653 253 3723 super
264 3629 428 3701 validitate
442 3628 477 3695 in
500 3626 641 3695 secunda
656 3627 811 3695 instantia
831 3630 1014 3719 emanata),
1031 3630 1184 3699 volumus
1202 3644 1249 3722 ut,

110 3769 128 3805 a
153 3738 250 3806 firma
264 3745 450 3805 remanente
467 3735 596 3826 utrique
611 3734 743 3826 conjugi
758 3733 979 3824 prohibitione
994 3736 1035 3803 ed
1049 3736 1129 3804 alias
1144 3748 1252 3807 trans-

111 3874 130 3913 «
154 3846 255 3914 eundi
271 3844 400 3935 nuptias
416 3894 469 3930 ...,
487 3864 584 3909 eausa
597 3841 632 3908 in
647 3842 739 3908 tertia
756 3851 788 3907 et
808 3849 924 3932 quarta
943 3843 1096 3910 instantia
1116 3867 1253 3935 eognos-

112 3982 131 4021 e
154 3963 263 4033 eatnr3
280 3950 417 4021 servatis
430 3950 605 4039 diligenter
628 3946 791 4033 omnibns,
810 3970 885 4039 quoa
899 3970 918 4014 a
933 3948 1033 4017 Nobis
1055 3950 1087 4015 in
1103 3952 1209 4040 prima
1223 3962 1255 4022 et

113 4059 297 4129 «secunda
324 4058 477 4126 instantia
501 4054 695 4124 demandata
724 4053 870 4139 fuerunt,
904 4077 1018 4145 nempe
1049 4056 1083 4123 in
1111 4058 1258 4149 quolibet

113 4165 300 4260 «judiciali
330 4174 416 4250 aetn,
443 4163 540 4231 citato
565 4172 597 4230 et
623 4160 733 4229 audito
764 4162 932 4229 defensore
958 4162 1168 4252 matrimonii,
1199 4171 1256 4261 qni

113 4306 130 4341 o
156 4298 176 4341 a
186 4273 293 4365 judice
308 4272 412 4341 tertiae
424 4270 589 4340 instante
604 4268 777 4362 deputatus
788 4266 897 4338 fuerit.
921 4294 937 4333 »
961 4268 1076 4360 (511.)
