3050 4984
279 455 339 521 188
649 480 826 526 1111111111
849 481 887 525 nn
910 478 1041 525 tuorum.

324 625 340 661 ι(
358 599 393 667 Si
409 611 578 690 queat-tum,
599 622 664 669 non
680 608 783 692 potest
808 608 976 669 accusatus
992 622 1178 669 reaccnsare
1195 608 1419 668 accusatorem

278 732 294 771 u
318 728 425 774 suum.
457 708 598 798 (Canope
613 707 776 799 Nequndo
793 712 825 793 2,
841 717 873 775 et
887 708 1108 799 sequentibus,
1125 729 1230 775 causae
1248 710 1280 793 3,
1298 731 1331 797 q.
1355 710 1391 774 11
1406 734 1415 793 ;

277 838 294 876 c
317 852 361 865 -
387 814 457 903 lege
473 814 634 904 Nequndu
650 818 702 899 19,
730 838 758 881 1.
777 815 816 883 de
831 816 889 883 His
904 815 961 905 qui
976 836 1145 895 accusore‚·
1162 852 1205 865 -
1230 822 1260 881 et
1275 813 1346 903 lege
1376 816 1420 881 Si

282 947 299 983 «
322 922 395 1011 puis
408 944 481 989 reus
499 926 530 1005 tt,
547 921 580 987 ll.
598 921 638 991 de
653 922 777 990 Public.
788 921 912 1013 judic.)
931 922 994 991 Ubi
1011 922 1054 1011 (l)
1080 921 1244 1011 eleganter
1257 919 1422 1010 Ulpianus

283 1054 299 1091 u
322 1027 390 1095 ait:
410 1029 1016 1110 01111111111111111111111111,11111111
1031 1028 1187 1095 relatione
1194 1026 1350 1107 criminis,
1366 1027 1425 1095 scd

281 1160 298 1197 c
321 1134 505 1203 irmoceutiu
518 1156 593 1203 reus
602 1148 777 1225 purqetur.
794 1136 915 1227 Excipe
934 1140 965 1201 10
979 1134 1110 1227 quando
1124 1141 1290 1202 accusatus
1306 1155 1423 1223 prose-

282 1267 299 1304 «
321 1240 434 1334 quitur
460 1265 552 1310 suam
575 1242 627 1310 vel
643 1265 777 1310 suorum
794 1242 969 1333 injurinm;
1001 1252 1076 1311 tunc
1103 1241 1190 1309 enim
1207 1240 1424 1309 reaconsatio-

282 1373 298 1412 «
318 1371 393 1415 nem
419 1349 509 1439 leges
527 1350 708 1417 concedunt
721 1349 838 1435 cuivis,
857 1360 887 1417 et
903 1357 1137 1441 consequenter
1151 1348 1249 1415 etiem
1263 1346 1425 1415 adversus

284 1482 300 1518 c
323 1464 539 1523 accusatorem
556 1477 664 1524 suum.
683 1457 782 1547 (Lege
798 1456 960 1548 Nequndo
983 1460 1036 1541 tt,
1064 1478 1092 1522 1.
1110 1455 1149 1523 de
1173 1455 1231 1521 His
1244 1454 1302 1545 qui
1325 1476 1423 1521 uecte-

283 1588 301 1626 «
324 1564 423 1651 sure.)
449 1568 482 1630 20
508 1563 580 1631 Nou
596 1563 781 1632 excluditur
804 1564 1024 1632 recriminatio
1040 1584 1114 1655 quae
1130 1584 1222 1631 reum
1239 1562 1372 1649 relevat,
1391 1572 1427 1630 et

284 1694 301 1732 «
324 1670 447 1737 crimen
467 1692 532 1761 quo
556 1671 716 1761 premitur
735 1672 837 1739 exuit.
858 1672 955 1762 (Lege
972 1671 1126 1753 Quicum
1146 1674 1198 1756 ll,
1214 1668 1248 1736 tf.
1268 1668 1307 1737 de
1321 1669 1428 1737 Bonis

284 1800 300 1837 o
325 1776 444 1865 libert.)
474 1780 508 1843 30
529 1776 638 1845 Potest
663 1800 814 1847 accusare
836 1778 876 1846 de
894 1778 1009 1867 majori
1033 1777 1186 1863 crimine3
1212 1776 1289 1867 qnia
1316 1776 1428 1865 majus

284 1907 300 1943 u
325 1882 478 1951 trahitad
506 1905 540 1951 se
568 1885 697 1969 minus;
727 1894 759 1951 et
785 1885 919 1952 interest
934 1883 1121 1975 reipublicae
1147 1882 1253 1972 majus
1268 1881 1425 1981 delictum

285 2015 300 2050 o
324 1989 420 2056 citius
443 1991 565 2081 puniri.
585 1994 617 2057 10
642 1992 690 2058 Dc
705 2012 913 2082 quocumque
927 1990 1063 2058 crimine
1079 1996 1182 2081 potest
1196 2012 1272 2057 reus
1287 2010 1428 2057 recocu-

284 2121 300 2159 u
324 2118 407 2182 sare,
423 2098 451 2163 si
474 2098 611 2166 crimina
629 2099 694 2166 sint
708 2121 867 2167 connexe.
885 2100 932 2165 lta
946 2098 1058 2189 praxis
1073 2098 1220 2165 omnium
1236 2096 1303 2165 lere
1316 2095 1428 2165 tribu-

285 2228 302 2267 «
325 2203 461 2270 nalium.
482 2210 513 2269 5⁰
528 2204 676 2295 Denique
686 2204 727 2271 de
740 2204 858 2295 quovis
873 2204 1009 2272 crimine
1022 2204 1218 2273 coaccusatio
1233 2202 1303 2270 fieri
1319 2212 1429 2294 potest
1519 2224 1520 2293 1

283 2334 301 2373 u
323 2331 432 2377 coram
459 2311 580 2400 judice,
609 2312 667 2402 qui
700 2312 742 2377 sit
778 2321 962 2403 competens
1002 2320 1149 2402 respectu
1192 2310 1373 2400 utriusque.
1405 2337 1424 2373 u

284 2414 597 2506 (Schmalagrueber,
614 2419 648 2486 in
664 2419 712 2487 tit.
734 2422 766 2503 l,
784 2418 841 2486 lib.
860 2424 878 2485 2
894 2420 1035 2503 Decret,
1055 2441 1088 2485 n.
1109 2417 1175 2505 ll.)
1519 2470 1520 2547 p

325 2522 528 2603 0111111110.
545 2564 589 2578 -
605 2527 766 2609 Quisnam
781 2527 822 2593 sit
838 2528 965 2617 effectus
980 2526 1255 2593 reconventionis?
1270 2562 1314 2575 -
1331 2552 1345 2588 o
1366 2524 1430 2591 tct-
1519 2548 1520 2611 t

287 2655 303 2693 (ι
327 2629 429 2699 fectus
458 2653 500 2699 ex
530 2654 568 2698 ea
593 2634 698 2700 oritur
725 2633 859 2724 duplex.
889 2634 1020 2700 Primus
1047 2642 1094 2699 est
1118 2631 1302 2723 prorogatio
1323 2631 1430 2721 juris·

287 2763 303 2799 1(
327 2736 477 2806 dictionis
484 2765 494 2825 ;
523 2740 599 2829 quie
628 2762 685 2829 per
712 2740 994 2807 reconventionem
1021 2749 1109 2807 actor
1135 2746 1350 2807 reconventus
1382 2739 1431 2805 ita
1519 2756 1520 2817 t

287 2868 302 2905 c
326 2843 497 2933 subjicitur
515 2844 619 2935 judici
637 2867 746 2913 coram
762 2870 828 2937 qno
844 2868 973 2913 causum
990 2846 1068 2934 agit,
1099 2853 1135 2912 ut
1151 2846 1185 2913 in
1199 2866 1296 2913 cause
1311 2866 1431 2911 moon--

285 2975 300 3010 o
323 2952 486 3018 ventionis
511 2952 662 3020 eumdem
694 2953 779 3043 (licet
801 2953 880 3021 alies
896 2954 959 3020 sibi
976 2952 1257 3044 incompetentem)
1276 2973 1431 3019 recusare

286 3082 301 3120 u
325 3079 390 3125 nou
417 3058 560 3149 possit...
577 3060 750 3129 Secundus
774 3060 905 3129 effectus
925 3070 973 3129 est
998 3080 1168 3151 processus
1193 3059 1427 3147 simultaneus;

285 3188 302 3225 o
325 3165 507 3255 quiacausa
517 3168 780 3237 reconventionis
794 3168 891 3236 simul
907 3191 982 3236 cum
991 3190 1089 3236 causa
1102 3166 1328 3235 conventionis
1342 3175 1432 3233 trac·

286 3295 302 3334 a
326 3271 424 3339 tanda
446 3283 504 3341 est.
528 3274 645 3343 Modus
673 3284 781 3343 eutem
798 3276 851 3343 hic
865 3274 1089 3343 observandus
1106 3301 1113 3341 :
1133 3278 1163 3340 1⁰
1179 3296 1254 3341 cum
1270 3280 1360 3341 actor
1384 3274 1432 3343 li-
1519 3266 1520 3359 l

289 3404 305 3442 u
327 3379 449 3447 bellum
461 3381 685 3450 conventionis
698 3390 729 3447 et
738 3404 813 3449 reus
827 3382 974 3450 libellum
990 3379 1249 3449 reconventionis
1259 3380 1431 3466 obtulerit,

289 3511 305 3549 «
327 3487 420 3577 prins
440 3487 635 3579 respondere
659 3488 754 3556 debet
775 3511 851 3556 reus
865 3488 975 3557 libello
999 3488 1128 3574 eoloris,
1145 3496 1177 3555 11
1195 3487 1270 3555 dein
1282 3495 1372 3555 ector
1386 3486 1432 3554 li-

290 3620 306 3656 u
329 3594 415 3662 bello
424 3596 482 3663 rei.
500 3600 533 3662 2⁰
550 3596 705 3687 Sequitur
721 3596 910 3664 contestatio
923 3595 1004 3681 litis,
1018 3602 1131 3685 etpost
1146 3593 1433 3684 hancactusjudi-
1519 3584 1520 3663 J

289 3727 305 3766 «
329 3701 445 3779 ciales;
463 3704 521 3794 qui
538 3703 577 3770 de
591 3711 728 3794 utroque
743 3725 840 3770 cansa
853 3702 1009 3790 vicissim,
1024 3710 1055 3769 11
1070 3704 1098 3768 si
1113 3700 1185 3769 fieri
1199 3708 1303 3791 potest
1317 3700 1435 3769 eadem
1519 3750 1520 3787 ,

291 3836 307 3873 u
331 3810 383 3877 die
399 3810 547 3901 expediri
560 3809 676 3877 debent
688 3810 802 3901 (capite
814 3809 1047 3889 Intelleximus,
1062 3816 1093 3875 et
1102 3808 1206 3898 capite
1217 3808 1378 3899 sequenti,
1393 3808 1438 3876 de

294 3943 310 3982 «
337 3916 458 3986 0111111
471 3916 715 4008 comitiorum·
728 3915 840 4006 juncta
852 3916 1055 3985 Clementina
1069 3920 1100 4002 2,
1120 3936 1217 3983 versu
1235 3918 1303 3984 Nos
1319 3938 1433 3997 usum,

296 4052 312 4089 «
335 4024 374 4094 de
405 4024 581 4093 Verborum
596 4021 857 4115 siprtificatime).
878 4029 911 4091 30
925 4023 961 4091 Si
977 4022 1017 4091 de
1028 4032 1166 4113 utreque
1183 4022 1281 4091 simul
1296 4022 1435 4112 liqueat,
1519 4014 1520 4079 3

323 4260 353 4323 (t)
366 4262 464 4325 Nempe
477 4260 503 4309 in
514 4262 645 4323 postremo
658 4260 735 4310 citeta
748 4260 806 4323 lege
816 4258 847 4308 St
857 4260 915 4324 quir
928 4272 993 4307 reus.
