3050 4984
288 472 327 543 ts
661 491 837 541 reserares
861 492 899 539 aa
920 492 1053 541 taureas.

287 638 389 687 novas
404 615 578 706 dignitates
593 616 780 708 promoveri
800 622 949 684 :constat
963 639 1005 683 cx
1027 618 1130 708 cupite
1149 617 1357 711 Omnipotens
1378 618 1423 709 (1,

288 726 335 792 tit.
358 729 389 811 t,
406 722 481 791 libri
498 729 515 790 5
532 724 687 815 liceret),
704 723 762 791 ubi
777 722 916 792 habetur
933 750 941 790 ε
965 723 1065 793 Valde
1077 746 1179 816 prove
1191 738 1248 807 est,
1265 740 1302 794 ot
1322 726 1426 794 virdo

285 856 349 925 quo
372 843 468 900 touta
489 843 521 901 ct
541 830 624 899 tolio
646 830 844 899 nuntiantur
861 831 948 922 (cum
962 843 1041 901 oute
1054 834 1179 924 requiri
1191 845 1222 901 et
1236 832 1357 901 discuti
1369 833 1426 902 dc-

286 939 394 1029 deout)
422 940 608 1008 honoretur.
638 938 679 1006 Et
704 938 793 1006 idem
818 945 952 1007 cautum
975 948 1044 1007 erat
1063 939 1137 1030 jure
1161 941 1312 1010 Romano
1345 939 1426 1031 (lege

286 1051 380 1128 Reus,
399 1046 433 1115 ff.
452 1045 491 1115 de
504 1045 694 1116 Muneribus
701 1070 716 1128 ,·
730 1053 762 1113 et
779 1046 851 1135 lege
871 1046 970 1114 unica
990 1046 1028 1116 C.
1053 1046 1093 1115 dc
1106 1048 1180 1116 Reis
1192 1046 1423 1139 postulandis).

285 1157 393 1247 Atque
416 1154 450 1221 in
475 1156 534 1221 hac
549 1152 751 1222 admittenda
771 1153 915 1242 generali
929 1154 1044 1244 regula
1057 1154 1254 1224 concordant
1268 1154 1425 1223 doctores.

288 1290 305 1328 a
329 1262 448 1354 Estque
467 1262 529 1329 hoc
550 1259 595 1328 ita
614 1282 743 1347 verum,
768 1269 806 1328 ut
821 1261 985 1351 promotio
1001 1262 1047 1329 sic
1061 1263 1214 1349 accusati,
1233 1262 1426 1349 denuntiati,

289 1396 306 1434 a
329 1368 382 1436 vel
395 1367 544 1459 inquisiti
560 1390 625 1436 non
644 1375 763 1453 teneat,
779 1368 907 1435 etiamsi
931 1375 1042 1460 postea
1062 1391 1121 1461 per
1135 1369 1331 1437 sententiam
1347 1392 1429 1460 pro-

289 1502 305 1541 α
329 1475 499 1543 nuntietur
514 1475 682 1559 innocens,
706 1473 762 1542 sed
779 1496 864 1543 nova
884 1475 1074 1565 requiratur
1094 1476 1268 1568 promotio.
1288 1476 1372 1543 Hine
1387 1497 1428 1543 no

289 1610 305 1647 a
329 1581 553 1651 fraudulenter
576 1580 750 1672 objiciatur
772 1581 910 1669 crimen,
929 1590 966 1649 ut
988 1582 1205 1673 promovendi
1228 1581 1427 1674 impediatur

288 1717 303 1755 a
327 1688 554 1773 commoditas,
570 1688 665 1756 debet
680 1687 806 1779 praefigi
830 1687 992 1756 terminus
1013 1690 1203 1777 accusatori,
1225 1691 1311 1758 iutra
1324 1713 1424 1781 quem

288 1826 304 1865 a
328 1798 461 1890 probet;
476 1818 541 1888 quo
550 1795 660 1887 elapso
672 1802 703 1863 et
711 1794 793 1863 nihil
806 1795 953 1886 probato,
970 1796 1089 1887 poterit
1098 1799 1248 1888 superior
1257 1797 1343 1866 terre
1354 1818 1429 1865 sen-

289 1933 306 1971 «
329 1905 464 1972 tentiam
490 1902 767 1971 interlocutoriam
791 1925 890 1994 super
917 1903 1101 1971 innocentia
1124 1903 1235 1987 delati,
1264 1913 1295 1972 et
1320 1914 1432 1996 postea

289 2040 306 2077 «
331 2013 440 2103 ipsum
449 2032 655 2102 promovere.
673 2036 689 2075 a
704 2009 1021 2101 (Schmalzgruebsr,
1039 2008 1075 2078 in
1083 2011 1133 2078 tit.
1154 2011 1431 2098 t,libri51teere·

289 2120 419 2206 talium,
436 2140 469 2185 n.
490 2118 579 2209 117.)

329 2225 484 2294 Diximus
499 2233 611 2294 autem
627 2225 833 2316 repuleriter,
853 2225 894 2294 ob
909 2237 1081 2319 sequentes
1096 2226 1185 2294 illius
1203 2224 1364 2315 generalis
1379 2247 1432 2293 re·

289 2333 375 2423 gnlae
390 2331 601 2400 limitationes
620 2359 627 2399 :

333 2440 456 2509 Primo.
476 2439 512 2509 Si
534 2447 712 2526 accusatus,
738 2439 897 2530 pendente
913 2440 1126 2526 accusatione,
1151 2438 1192 2507 ad
1207 2438 1355 2507 ordinem
1372 2437 1434 2505 ali-

290 2570 389 2640 quem
405 2570 536 2615 sacrum
547 2554 793 2637 promoveatur,
809 2548 901 2615 verhi
912 2550 1026 2635 gratia,
1039 2546 1067 2615 si
1077 2547 1258 2639 Episcopus
1268 2567 1435 2614 consecre-

292 2667 356 2742 tur,
374 2655 496 2723 valebit
511 2653 604 2739 ordo,
622 2660 766 2745 utputet,
783 2676 859 2722 cum
873 2654 1090 2745 nequeatlege
1101 2654 1433 2725 humanaannullari.

290 2762 385 2834 Unde
402 2762 438 2829 iu
460 2759 595 2852 praeiata
618 2760 732 2851 regula
746 2761 855 2849 agitur
878 2762 1051 2830 dumtaxat
1066 2762 1106 2829 de
1122 2762 1335 2853 dignitatibus
1358 2784 1435 2854 quae

293 2874 363 2961 lege
378 2870 526 2937 humana
538 2868 659 2937 irritari
674 2875 706 2935 et
718 2868 883 2935 annullari
899 2878 1046 2959 possunt.

338 2973 497 3043 Secundo.
517 2974 561 3043 Ut
575 2974 666 3042 locus
688 2973 729 3043 sit
743 2974 838 3043 dicta
855 2975 991 3066 regulae,
1008 2982 1134 3067 oportet
1149 3000 1168 3044 a
1181 2977 1329 3067 legitimo
1341 2998 1439 3044 accu-

296 3090 401 3150 satore
413 3077 681 3171 erimanopponi.

344 3188 460 3257 Tertio.
486 3188 588 3257 Debet
611 3196 770 3279 praeterea
794 3188 919 3257 crimen
947 3210 1018 3257 esse
1043 3212 1163 3280 grare3
1193 3190 1318 3257 leviora
1347 3189 1439 3258 enim

296 3298 451 3385 erimina,
473 3296 532 3364 etsi
548 3295 696 3387 probata,
720 3296 960 3387 promotionem
985 3296 1027 3365 ad
1042 3297 1216 3388 dignitates
1238 3318 1304 3365 non
1332 3300 1443 3388 impe-

300 3406 406 3474 diunt.

345 3516 482 3597 Quarto.
501 3510 536 3579 Si
545 3519 713 3579 accusetur
725 3510 946 3579 communitas
959 3532 1017 3579 seu
1031 3510 1220 3601 collegium,
1234 3511 1352 3603 poterit
1363 3511 1445 3602 qni-

302 3622 378 3689 lihet
391 3621 431 3688 de
447 3618 594 3708 collegio,
610 3617 667 3708 qui
683 3617 891 3707 singulariter
907 3641 973 3687 non
986 3627 1166 3706 accusatur,
1188 3618 1229 3687 ad
1247 3618 1442 3709 dignitatem

303 3725 500 3820 promoveri.

346 3836 478 3918 erinto.
502 3834 567 3901 Nec
581 3831 758 3924 impeditur
773 3834 949 3924 promotio,
966 3834 994 3901 si
1009 3835 1169 3903 accusatio
1184 3834 1225 3903 de
1241 3834 1380 3903 erimine
1394 3834 1444 3901 ci-

301 3944 408 4012 oillter
418 3942 590 4011 dumtaxat
603 3948 815 4032 proponatur.
839 3935 843 3945 ’

349 4054 462 4118 Scato.
477 4049 558 4116 Item
571 4046 597 4115 si
613 4070 655 4115 ex
666 4046 859 4139 conjecturis
870 4056 1023 4141 appareat
1038 4072 1132 4120 reum
1149 4046 1446 4117 calumniosedela-

306 4168 376 4223 tum
392 4176 472 4241 esse,
490 4176 528 4221 eo
544 4152 657 4220 animo
673 4160 709 4218 ut
724 4175 742 4219 a
757 4153 850 4221 novis
864 4154 1045 4223 honoribus
1060 4165 1219 4242 arceatur,
1245 4155 1361 4246 poterit
1377 4176 1446 4223 non

258 4336 262 4347 ,
305 4262 450 4333 obstante
461 4259 661 4327 accusatione
674 4260 872 4351 promoveri.
