3050 4984
288 489 350 553 tos
664 507 842 556 metrorus
863 509 902 555 nr
923 507 1056 558 surus.

332 632 374 699 V.
400 628 437 700 Si
462 628 546 698 sotio
575 629 736 700 nullitutis
764 632 920 700 intentato
947 633 1045 701 inerit
1069 631 1156 700 intre
1182 631 1307 700 dietum
1331 629 1428 722 qnin-

287 736 481 829 quenninm,
498 736 572 804 licet
597 745 708 827 postea
734 738 860 806 deserte
884 738 995 822 fuerit,
1021 739 1049 806 si
1075 745 1297 808 reassumstur
1323 735 1427 828 elapso

286 843 522 936 quinquennio,
540 842 743 912 admittenda
768 854 816 912 est
831 853 863 912 et
872 843 1051 935 judicanda
1066 867 1086 913 a
1108 845 1269 936 superiori
1285 843 1427 934 regulari

288 956 319 1019 et
332 950 518 1021 Ordinatio.
537 949 655 1041 (Citrio
667 951 783 1042 bulis.)

330 1056 389 1126 Vl.
407 1057 542 1126 Certum
557 1064 606 1123 est
620 1057 804 1146 repuleram
816 1055 1029 1147 superiorem,
1040 1057 1081 1128 de
1094 1058 1203 1151 quoin
1215 1057 1347 1127 decreto
1358 1057 1429 1126 Tri-

286 1165 431 1248 dsntiuo,
455 1162 706 1252 intelligendum
729 1187 812 1249 esse,
828 1164 935 1254 quosd
951 1165 1101 1234 virorum
1123 1164 1269 1252 ordines,
1285 1166 1430 1256 superio-

287 1295 357 1340 rem
372 1270 519 1350 localem
537 1269 698 1336 nimirum
724 1269 884 1338 Abdatem
900 1271 952 1339 vel
975 1271 1222 1353 Guardianum‚
1251 1271 1319 1340 sive
1334 1271 1429 1340 Prio-

287 1389 440 1457 remant
456 1377 523 1444 alio
539 1398 740 1468 quocumque
753 1377 884 1444 nomine
898 1389 1126 1470 nuncupatum
1136 1378 1367 1469 praepositum,
1377 1399 1428 1445 seu

286 1496 443 1554 rectorem
456 1484 547 1552 illius
560 1482 748 1550 monasterii
761 1497 822 1550 urst
843 1484 992 1565 coenobii,
1013 1485 1047 1551 in
1068 1507 1132 1576 quo
1153 1485 1338 1554 reclamans
1352 1507 1430 1576 pro·

285 1593 456 1683 sessionem
481 1589 588 1658 emisit
595 1614 609 1671 ,²
624 1611 699 1657 eum
719 1611 847 1680 nempe,
864 1591 923 1682 qui
937 1590 1132 1682 hujusmodi
1155 1592 1351 1660 monasterii
1376 1604 1430 1658 aret

288 1698 424 1768 coesrodii
447 1697 588 1787 repimen
609 1710 745 1779 canam,
772 1721 836 1788 quo
853 1710 997 1789 tempore
1023 1720 1123 1766 cansa
1154 1721 1251 1789 super
1278 1700 1431 1768 nullitate
1499 1723 1500 1728 ¹

283 1804 492 1897 professionis
503 1805 536 1870 in
543 1803 714 1893 judicium
730 1803 911 1874 deducitur.
932 1805 1039 1897 (Bulla
1051 1807 1148 1874 citata
1161 1805 1202 1874 Si
1214 1805 1359 1902 datum.)

334 1912 408 1980 vll.
434 1909 547 1991 Quosd
565 1909 779 1978 ioeminerum
805 1911 956 1997 Ordines,
978 1912 1150 2002 siapatur
1173 1911 1212 1982 de
1237 1913 1431 1982 momalilus

294 2015 470 2085 Ordinario
486 2015 550 2082 loci
564 2015 755 2083 immediate
769 2015 932 2107 subjectis,
948 2029 1037 2098 tunc,
1055 2039 1130 2086 cum
1139 2017 1253 2086 nullus
1265 2017 1308 2086 sit
1319 2041 1432 2087 carum
1499 2061 1500 2066 κ

289 2121 438 2213 superior
452 2122 623 2212 repedans,
636 2121 725 2190 solus
755 2121 952 2191 ordinarius
962 2122 1095 2213 judicat
1112 2123 1151 2191 de
1169 2125 1371 2214 professione
1384 2147 1433 2192 re-
1499 2123 1500 2192 i

290 2229 507 2298 clamantium
517 2229 607 2296 intra
621 2229 879 2319 quinquennium
895 2256 906 2296 .·
922 2228 952 2296 si
965 2251 1040 2298 uero
1054 2229 1214 2297 moniales
1227 2229 1433 2321 repularium

291 2335 445 2425 sepimini
463 2334 597 2414 subsint,
622 2347 701 2400 tunc
726 2333 920 2423 hujusmodi
947 2356 1053 2404 causa
1075 2333 1272 2426 judicanda
1297 2349 1374 2404 sunt
1394 2335 1436 2402 ab
1499 2375 1500 2412 ῃ

295 2441 473 2511 Ordinario
489 2440 550 2507 loci
563 2440 666 2507 simul
684 2453 715 2506 et
728 2462 750 2506 a
774 2440 939 2532 superiore
959 2441 1126 2531 repulari‚·
1148 2441 1191 2508 ab
1206 2463 1244 2510 eo
1259 2442 1431 2521 nimirum,
1499 2415 1500 2474 l

294 2549 347 2616 eui
365 2546 583 2616 concreditum
597 2558 643 2613 est
656 2546 846 2614 uniuersum
861 2548 1054 2616 monasterii
1066 2548 1222 2638 sepimen,
1243 2572 1310 2616 non
1325 2562 1433 2617 autem

293 2678 314 2721 a
329 2653 523 2745 confessario
534 2651 680 2742 copulari
693 2652 903 2720 monialium.
925 2654 1033 2743 (Bulla
1046 2653 1143 2722 eilsts
1155 2655 1197 2722 Si
1209 2653 1355 2745 datam.)

338 2759 815 2850 V111.Regu1aris,quistmu1
841 2783 915 2828 cum
936 2761 1094 2852 Episcopo
1115 2769 1165 2828 est
1180 2761 1220 2829 de
1238 2761 1315 2852 jure
1334 2761 1434 2852 judex

295 2871 330 2936 in
346 2888 442 2934 causa
465 2863 623 2932 nullitntis
639 2864 862 2954 professionis,
881 2867 994 2955 nequit
1015 2867 1070 2957 jus
1093 2888 1192 2936 suum
1217 2867 1333 2936 cedere
1360 2867 1435 2958 Epi·

295 2998 404 3066 seopo,
422 2995 478 3041 seu
506 2970 688 3063 permittere
713 2981 749 3038 ut
777 2972 804 3038 is
831 2971 920 3040 solus
941 2971 1064 3062 judicet
1081 3000 1089 3040 :
1107 2981 1212 3065 potest
1231 2982 1344 3042 tsrnen
1359 2973 1435 3041 slte-
1499 3005 1500 3058 ᾗ

297 3104 370 3149 rum
387 3079 569 3168 regularem
594 3077 655 3144 sibi
669 3078 864 3146 substituere
891 3100 948 3146 seu
972 3078 1132 3168 delegere.
1164 3079 1271 3169 (Bulla
1286 3081 1383 3148 citata
1398 3078 1436 3146 Si
1499 3063 1500 3147 i

297 3186 443 3275 datam.)
487 3192 490 3200 '
1499 3167 1500 3190 ¹

343 3292 401 3360 IX.
419 3292 454 3358 Si
469 3291 663 3359 Ordinarius
678 3301 710 3358 et
724 3291 874 3382 superior
900 3291 1060 3382 regularis
1075 3292 1108 3360 in
1119 3293 1299 3384 judicando
1314 3294 1437 3361 dissen-

299 3402 394 3484 tiunt,
410 3423 452 3467 ex
467 3399 551 3467 iacto
565 3399 636 3489 ipso
652 3398 752 3489 hujus
766 3398 944 3484 dissensus,
960 3421 1057 3468 ceusu
1075 3409 1219 3468 remanet
1232 3398 1312 3468 Sedi
1332 3402 1437 3490 Apos-

301 3507 407 3576 tolicae
423 3504 584 3573 devoluta.
600 3503 710 3594 (ibid.)

346 3613 389 3681 X.
408 3612 443 3679 Si
472 3609 628 3702 professio
653 3611 743 3678 nolis
770 3611 1006 3702 pretenditur,
1022 3633 1063 3679 er
1089 3635 1127 3680 eo
1143 3611 1232 3703 quod
1246 3612 1331 3682 iuote
1345 3613 1439 3680 fuerit

301 3730 395 3790 extra
408 3717 605 3802 eoenobium,
621 3717 827 3785 instituendis
840 3719 971 3786 novitiis
986 3717 1184 3787 destinatum
1202 3720 1311 3809 (prout
1333 3721 1367 3786 in
1383 3719 1440 3785 hoc

304 3851 381 3898 essu
395 3823 519 3892 nullam
535 3822 604 3891 fore
619 3821 761 3890 decrevit
775 3822 924 3892 Clemens
931 3823 1009 3894 Vill
1024 3822 1136 3915 quoad
1149 3825 1327 3892 notusullas
1338 3823 1441 3912 repin-

303 3935 387 4024 nes),
403 3931 443 4001 sd
459 3930 593 3998 Ssorsm
606 3931 899 4018 Congregstionem
924 3930 1059 3999 Gonoilii
1073 3952 1169 3998 neusa
1185 3936 1261 4000 tuuc
1286 3929 1441 4021 privative

304 4041 452 4132 pertinet.
469 4036 575 4128 (Bulla
586 4034 628 4103 Si
640 4034 782 4126 datam.)

349 4148 407 4216 XI.
424 4143 596 4234 Reguintis
619 4142 802 4211 nullitatsm
818 4145 1027 4235 professionis
1052 4167 1121 4214 suae
1149 4143 1356 4235 pretendens
1383 4164 1441 4210 su·

306 4254 443 4326 diendus
468 4273 532 4318 non
560 4258 621 4338 est,
639 4249 702 4316 nisi
731 4260 854 4319 constet
878 4275 951 4321 euni
978 4252 1098 4326 moturi
1124 4251 1159 4319 in
1184 4251 1351 4342 religionis
1374 4269 1442 4316 suae
