3050 4984
530 534 604 581 rsus
627 536 772 581 secunus.
1157 519 1217 583 337

84 680 100 718 a
125 655 299 723 ditionibus
321 669 352 724 et
373 656 633 747 suspensionibus
651 668 721 724 tom
742 658 960 747 temporaneis
979 679 1082 749 quom
1099 679 1218 750 perpe-

83 788 100 826 «
122 762 205 845 tuis;
219 762 389 831 recentiori
404 774 512 831 tamen
527 785 599 832 aevo
613 763 655 830 ab
671 762 728 831 illa
741 764 900 832 sententia
914 762 1063 831 recedere
1077 787 1216 834 eonsue-

84 896 100 934 α
123 870 183 956 vit,
200 870 360 961 aliamque
375 879 558 940 constanter
576 878 684 939 secuta
699 878 759 956 cst,
783 871 897 961 quaid
921 871 1003 940 velle
1022 872 1163 959 videtur,
1181 881 1219 940 ut

83 1002 99 1040 n
123 976 311 1069 hujusmodi
326 978 555 1069 suspensiones
568 978 761 1069 (praesertim
772 986 950 1069 perpetuae,
960 979 1216 1067 seuindelinitae,

82 1106 195 1174 nquae
222 1084 308 1153 idem
330 1086 439 1154 velent
453 1107 490 1153 ac
506 1094 682 1177 perpetum,
708 1093 740 1153 et
762 1094 839 1153 sunt
865 1106 964 1155 mera
988 1087 1213 1178 privationes),

80 1216 96 1256 a
120 1190 206 1259 baud
222 1214 367 1283 unquam
383 1192 417 1260 in
431 1201 596 1284 posterum
611 1192 753 1261 ferendae
769 1192 845 1279 sint,
863 1193 925 1261 nisi
939 1194 1117 1285 praemissis
1139 1218 1214 1263 mo-

82 1324 99 1361 «
121 1298 297 1367 nitionibns
312 1299 448 1392 aliisque
464 1299 733 1386 solemnitatibus,
751 1300 793 1367 ad
817 1300 1045 1391 praecriptum
1070 1300 1215 1392 ejusdem

83 1430 99 1468 o
121 1404 236 1495 synodi
250 1406 452 1475 Tridentium
466 1406 617 1475 sessionis
639 1409 694 1492 tl,
717 1405 833 1498 capitis
852 1411 884 1495 b,
911 1407 992 1475 latas
1006 1407 1106 1477 luisse
1122 1432 1215 1502 repe-

82 1537 98 1577 n
121 1513 210 1580 rerit.
228 1538 245 1577 s
264 1511 317 1580 Ad
330 1512 417 1603 quod
433 1513 651 1604 probandum,
665 1513 806 1581 citantur
819 1513 939 1582 ibidem
955 1514 1030 1582 duee
1046 1515 1119 1583 olioe
1136 1538 1213 1585 cau·
1343 1564 1346 1570 -

78 1638 136 1703 sae,
152 1618 282 1687 aSacra
296 1619 555 1708 congregatione
571 1618 708 1688 Consilii
722 1618 888 1709 judicatae.

121 1724 304 1815 despondeo
323 1730 366 1792 1⁰.
386 1725 586 1794 Gravissima
610 1747 662 1793 res
683 1732 743 1811 est,
760 1724 848 1816 quod
873 1725 972 1794 Sacra
996 1727 1213 1819 congregatio

77 1831 212 1899 Consilii
226 1833 416 1901 seutentiam
442 1854 547 1919 suam,
564 1854 638 1923 quea
665 1832 698 1898 in
723 1839 923 1900 constantem
951 1834 1094 1924 praxim,
1117 1846 1213 1928 atque

77 1936 155 2007 adeo
171 1940 206 2007 in
218 1940 273 2031 jus
289 1962 461 2009 commune
482 1940 667 2025 transierat,
691 1939 920 2029 corrigendam
934 1942 1110 2030 existimat,
1127 1954 1159 2011 et
1172 1946 1213 2012 ad

78 2046 256 2134 oppositam
270 2045 420 2115 declinet.
438 2043 688 2113 admittendum
705 2067 783 2135 ergo
806 2048 950 2115 nouerit
964 2046 1085 2117 factum
1099 2048 1216 2141 hujus·

77 2151 180 2238 modi,
201 2152 265 2220 nisi
281 2154 426 2243 rigorose
441 2151 607 2242 probetur.
634 2150 735 2219 Porro
749 2172 816 2220 non
831 2154 987 2242 probetur
1006 2181 1014 2220 :
1031 2178 1107 2224 nam
1126 2156 1213 2247 quod

75 2257 109 2325 id
123 2272 284 2328 assertum
298 2260 478 2351 reperiatur
500 2260 534 2325 in
557 2258 652 2326 citata
675 2280 783 2326 causas
806 2258 1019 2328 Lucioneusis
1041 2261 1208 2350 relatione,

75 2365 142 2433 vim
157 2366 355 2455 probationis
371 2387 437 2434 non
451 2365 563 2451 habet,
577 2364 655 2456 quia
669 2364 704 2431 in
715 2365 879 2455 ejusmodi
891 2388 1064 2436 causarum
1081 2368 1213 2438 relatio-

76 2472 174 2540 nibus
189 2473 270 2542 solet
283 2474 391 2543 Sacrae
408 2471 677 2561 Congregatiouis
692 2472 885 2540 secremrius
900 2474 1040 2542 rationes
1064 2484 1096 2543 et
1110 2498 1214 2545 asser-

75 2579 178 2647 tiones
195 2578 270 2647 binc
294 2580 404 2648 indeo
428 2578 574 2671 partibus
588 2577 753 2664 deductas,
771 2579 841 2648 sive
865 2581 961 2648 bonae
986 2592 1018 2649 et
1034 2605 1120 2653 verae
1136 2585 1212 2670 sint,

75 2688 143 2754 sive
158 2710 236 2773 nou,
262 2708 445 2778 exponere3
472 2693 504 2754 et
528 2686 637 2776 (prout
652 2708 751 2775 supra
777 2688 978 2777 monuimus)
992 2691 1214 2759 auctoritatem

73 2793 170 2862 habet
183 2792 353 2863 dumtaxat
371 2792 710 2869 Eminentissimorum
728 2792 863 2861 Petrum
879 2791 921 2861 ad
935 2797 1100 2886 proposita
1114 2798 1213 2866 dubia

76 2901 257 2991 responsio.

117 3007 244 3076 Pariter
271 3006 345 3075 duae
361 3007 433 3075 olias
457 3029 574 3095 causae,
591 3008 632 3075 ad
656 3030 737 3100 quas
753 3009 944 3095 remittitur,
961 3009 1123 3079 intentum
1148 3034 1213 3081 non

74 3116 223 3205 probant.
242 3114 323 3183 Nam
334 3115 368 3181 in
385 3114 487 3206 priori
505 3114 625 3205 (Sancti
635 3114 797 3201 Severini,
813 3118 830 3181 l
843 3115 957 3206 aprilis
972 3120 1070 3205 1778,
1085 3120 1119 3186 in
1134 3120 1213 3186 Tbe-

73 3245 184 3303 soum,
203 3230 290 3291 tomo
301 3225 354 3309 tr,
374 3244 447 3313 pag.
466 3224 519 3308 84,
539 3225 600 3288 198
612 3230 644 3289 et
656 3222 919 3313 til),reperitur
931 3221 1063 3314 quidem
1077 3226 1212 3294 rescissa

74 3328 348 3420 extra-judicialis
359 3328 518 3396 sententia
530 3328 692 3420 Episcopi,
709 3328 964 3420 quaparoohum
975 3330 1149 3421 quemdam
1159 3332 1212 3399 in-

73 3436 295 3521 determinate,
313 3458 369 3503 sen
384 3436 505 3526 absque
528 3434 593 3503 ulla
609 3436 763 3527 temporis
779 3434 984 3525 praefixione,
1002 3437 1043 3503 ab
1058 3439 1211 3508 exercitio

72 3565 160 3612 curae
177 3551 359 3629 amoverat,
376 3541 432 3609 sed
449 3564 513 3609 non
529 3540 641 3609 dicunt
655 3542 913 3610 Eminentissimi
929 3542 1051 3630 Patres,
1065 3543 1138 3615 ideo
1152 3568 1213 3613 an-

72 3650 192 3719 nullari
206 3650 290 3718 hanc
301 3650 504 3736 senentiam,
516 3646 604 3739 quod
619 3648 739 3716 amotio
753 3648 809 3715 illa
825 3671 891 3717 uon
908 3649 1009 3717 luerit
1023 3650 1070 3717 od
1082 3665 1210 3743 tempus

73 3758 330 3825 determinatum
345 3755 385 3823 ab
399 3756 557 3846 Episcopo
573 3754 712 3840 decreta,
742 3755 798 3822 sed
825 3755 1073 3825 indeterminate
1096 3781 1154 3827 seu
1170 3760 1211 3826 ad

72 3863 333 3955 beneplacitum
360 3871 391 3930 et
415 3870 591 3954 potueruut
606 3860 647 3928 ob
661 3861 741 3929 alias
756 3884 870 3931 causas
885 3861 1004 3931 disum
1020 3867 1210 3935 mutantium

72 3972 264 4038 rescindere.
283 3971 389 4061 Atque
404 3970 489 4037 idem
506 3969 641 4038 omnino
657 3968 832 4038 dicendum
848 3970 939 4038 venit
952 3969 993 4037 de
1003 3970 1105 4039 altera
1115 3995 1211 4041 causa

75 4076 283 4166 (Placentina,
302 4080 341 4143 26
373 4075 527 4144 februarii
553 4074 665 4165 1848),
686 4074 837 4145 similiter
855 4076 889 4144 in
905 4077 1129 4168 probationem
1143 4082 1207 4149 ad-

74 4184 179 4254 ducta.

120 4290 300 4385 despondeo
310 4296 353 4359 2⁰.
370 4292 416 4359 Ex
434 4291 570 4383 praelata
581 4314 677 4359 cassae
693 4290 889 4359 Lusionensi
904 4291 1060 4381 probatur
1073 4306 1210 4364 econtra

232 4419 266 4463 u.
1013 4403 1051 4463 88
