3050 4984
690 484 867 533 numerus
889 486 929 531 DE
949 485 1083 534 sontem.

312 607 385 692 dos,
409 628 522 675 casum
548 606 684 677 sublatas
705 629 763 699 per
787 607 987 677 miraculum
1010 608 1063 679 vel
1088 616 1275 699 parantem
1292 612 1442 703 magicam

312 715 523 806 impotentia,
538 738 614 808 quse
640 714 834 785 naturaliter
857 724 928 785 erat
952 737 1032 787 vere
1056 724 1224 808 perpetua.
1250 718 1340 788 Licet
1365 721 1442 789 enim

310 830 388 891 tunc
401 829 515 913 potens
529 822 646 892 evadat
671 822 729 915 qui
743 822 850 891 fuerat
869 822 1044 914 impotens,
1060 844 1128 891 non
1142 832 1252 893 tamen
1264 834 1443 897 restauran-

310 930 392 999 dum
408 938 455 999 est
469 930 562 1022 prius
576 929 842 1017 matrimonium,
859 951 919 999 nec
934 928 1129 1001 solvendum
1141 932 1315 1022 posterius.

832 1135 923 1227 av.

337 1300 374 1351 lta
388 1299 468 1351 modo
483 1297 612 1350 servando
626 1298 711 1363 quoad
722 1297 930 1364 dispensationes
938 1298 1100 1351 maumonii
1112 1299 1162 1352 rati
1173 1312 1226 1352 non
1238 1304 1419 1355 consummat

349 1462 611 1551 Matrimonium,
638 1460 698 1531 etsi
727 1461 836 1531 valide
865 1469 1080 1549 contractum,
1109 1462 1273 1554 quamdiu
1296 1466 1448 1534 nonfuit

305 1580 586 1659 consummatum,
601 1570 685 1641 solvi
700 1577 818 1663 potest,
837 1577 911 1639 tum
936 1591 995 1661 per
1009 1571 1183 1663 utriusque
1196 1570 1250 1639 vel
1262 1571 1448 1643 alterutrius

305 1680 454 1772 conjugis
478 1679 664 1769 ingressum
692 1678 728 1747 in
755 1677 962 1768 religionem,
990 1685 1062 1745 tum
1090 1700 1149 1769 per
1173 1678 1447 1770 dispensationem

305 1788 449 1858 Romani
464 1785 642 1857 Pontificis.
667 1785 828 1855 Concessa
853 1791 963 1855 autem
992 1784 1077 1853 dicta
1103 1784 1360 1877 dispensatione,
1374 1811 1448 1880 pos-

307 1900 384 1961 sunt
397 1893 554 1985 conjuges
575 1892 664 1962 aliud
681 1893 764 1961 inire
789 1891 1054 1961 matrimonium.
1072 1892 1156 1960 Hinc
1184 1892 1374 1985 lnequeutes
1386 1896 1449 1965 llo

307 2024 394 2071 mam
418 2001 518 2091 dirigi
531 2001 635 2072 solent
656 2022 779 2093 preces,
795 1999 839 2069 ad
853 1999 1064 2071 obtinendam
1092 2002 1296 2070 matrimonii
1310 2004 1375 2071 rati
1388 2026 1450 2073 non

306 2109 527 2179 consummati
553 2108 839 2199 dispensationem.
865 2107 914 2175 Da
939 2106 1060 2198 quibus
1085 2107 1249 2176 instantiis
1274 2107 1449 2179 dicendum

306 2219 410 2305 venit,
437 2221 469 2285 10
485 2216 565 2310 quid
581 2215 727 2285 statuerit
742 2213 937 2284 Benedictus
958 2214 1055 2294 utto
1072 2217 1105 2283 2
1118 2214 1198 2306 quid
1214 2216 1450 2307 requiraturut

308 2350 361 2397 eas
375 2324 631 2417 dispensationes
645 2322 751 2391 valide
767 2330 799 2391 et
814 2320 899 2389 licite
913 2320 1082 2391 Romanus
1105 2322 1261 2391 Pontifex
1277 2324 1505 2394 consedere
1504 2349 1505 2358 ¹

306 2436 428 2529 possit;
446 2436 478 2499 30
493 2431 646 2523 quaesint
659 2436 767 2521 partes
781 2428 891 2497 Sacrae
903 2428 1329 2518 CongregationisGonoilii
1347 2432 1451 2524 quoad
1504 2441 1505 2492 t

306 2540 559 2633 dispensationes
572 2536 752 2629 ejusmodi;
770 2540 804 2603 4⁰
817 2558 860 2603 an
886 2536 921 2604 in
943 2534 1149 2626 expedienda
1163 2559 1262 2606 causa
1277 2538 1451 2632 dispensa-

307 2652 405 2720 tionis
425 2645 627 2716 matrimonii
653 2645 716 2712 rati
730 2666 797 2714 non
819 2642 1049 2730 consummati,
1065 2643 1192 2713 servari
1210 2644 1353 2715 debeant
1369 2647 1452 2739 apud
1504 2667 1505 2726 ι

308 2761 443 2829 Sacram
457 2752 752 2844 Congregationem
778 2750 1039 2843 praescriptiones
1064 2751 1233 2821 Benedicti
1259 2752 1345 2824 XlV
1372 2758 1454 2825 ciros
1504 2749 1505 2764 ἶ

306 2866 465 2939 nullitatis
478 2886 601 2933 causas.

351 2977 379 3044 1.
398 2972 487 3058 Quid
499 2970 651 3041 statuerit
665 2968 857 3039 Benedictus
872 2970 974 3038 XIV?
988 2970 1084 3037 -In
1099 2970 1312 3061 supracitata
1330 2974 1455 3043 consti-

308 3085 432 3153 tutione
448 3080 510 3149 Dei
524 3078 732 3147 miseratione
747 3076 851 3168 (tomo
868 3080 883 3142 l
900 3074 1038 3145 Bullarii
1051 3075 1130 3146 dicti
1144 3077 1328 3168 Pontificis,
1347 3104 1384 3149 n.
1401 3082 1453 3170 33)

309 3193 354 3261 sio
369 3187 510 3260 occurrit
524 3186 586 3255 bac
597 3184 637 3253 de
653 3208 688 3254 re
703 3183 909 3277 dispositum,
921 3184 944 3275 ζ)
957 3188 1025 3251 15:
1046 3208 1064 3249 ιι
1079 3182 1247 3265 Quoniam
1260 3209 1355 3276 saepe
1370 3188 1505 3280 apud

312 3326 330 3365 ιι
353 3296 471 3368 Sedem
486 3292 707 3385 Apostolicam
724 3314 835 3383 preces
851 3290 976 3383 porrigi
1003 3291 1108 3359 solent
1127 3313 1187 3381 pro
1212 3290 1459 3384 dispensatione
1504 3309 1506 3404 p

312 3434 329 3475 ιι
353 3401 555 3473 matrimonii
578 3401 639 3469 rati
661 3410 693 3468 et
708 3421 774 3467 non
790 3398 1024 3485 consummati,
1039 3420 1114 3489 qum
1137 3399 1383 3490 utplurimum
1399 3427 1459 3496 pro
1504 3421 1506 3496 t

312 3540 329 3580 ιι
352 3507 617 3580 votoconsultivo
632 3507 674 3575 ad
688 3506 971 3595 congregationem
981 3505 1108 3574 Sanctae
1122 3504 1285 3577 Romauae
1299 3508 1458 3580 Ecclesia
1504 3519 1505 3586 ἶ

311 3647 329 3689 ιι
351 3617 575 3689 Cordinalium
590 3612 727 3685 Concilii
744 3612 975 3705 interpretum,
1002 3614 1055 3682 vel
1070 3635 1310 3706 nonuunquam
1330 3617 1376 3687 ad
1397 3618 1459 3687 ali·
1504 3637 1505 3648 ¹

311 3754 328 3794 ιι
352 3749 450 3819 quam
478 3722 767 3814 congregationem
795 3720 1039 3811 particularem,
1055 3720 1244 3812 deputatam
1259 3746 1280 3791 a
1295 3724 1459 3795 Romanis
1504 3773 1505 3814 3

310 3863 327 3903 ιι
349 3832 563 3904 Pontificibus
588 3853 648 3922 pro
672 3837 830 3920 tempore,
848 3828 969 3897 remitti
982 3827 1105 3908 solent3
1136 3838 1174 3897 nt
1186 3830 1386 3921 hujusmodi
1405 3836 1459 3901 in·
1504 3833 1505 3882 ἶ

309 3971 327 4011 ιι
350 3928 478 4011 stantia
495 3938 609 4008 ordine
633 3958 670 4005 ao
684 3936 745 4005 rite
760 3934 948 4027 procedant,
965 3936 1119 4009 volumus
1135 3958 1173 4005 ac
1188 3937 1404 4028 mandamus,
1421 3949 1458 4009 ut
1504 4031 1505 4034 Ἴ

310 4078 327 4119 ιι
350 4047 488 4142 supplex
513 4044 642 4114 libellus
668 4042 783 4130 Nobis,
811 4042 865 4112 vel
889 4042 1038 4113 Romano
1061 4044 1215 4113 Pontifici
1229 4068 1291 4137 pro
1305 4057 1457 4141 tempore
1504 4075 1505 4088 ¹

308 4186 325 4226 ιι
348 4157 553 4241 exhibeatur,
572 4153 609 4219 in
638 4172 704 4243 qno
735 4152 832 4243 plena
862 4158 894 4219 ct
918 4159 1068 4221 accurata
1093 4152 1193 4221 totius
1220 4153 1299 4221 lacti
1329 4158 1457 4247 species
1504 4177 1505 4182 ’

308 4292 324 4333 ιι
348 4263 561 4351 contineatur,
579 4281 750 4351 cousaeque
779 4280 892 4329 omnes
915 4258 949 4329 in
973 4281 1011 4329 eo
1036 4260 1281 4352 exprimantur,
1301 4284 1381 4355 quae
1413 4263 1455 4331 ad
