3050 4984
303 456 364 520 stt
673 472 849 518 nucerinus
873 473 910 518 or.
932 471 1067 518 tuotone.

299 594 352 662 lus
364 594 428 686 ipsi
442 595 516 662 testi
531 593 735 685 prosecuturi,
751 591 871 661 suffieit
886 593 1078 684 praesentari
1095 600 1128 662 et
1144 593 1332 683 consignari
1345 592 1442 660 alicui

300 702 352 770 vel
367 701 531 792 aliquibus
545 701 603 792 qui
617 701 683 768 sint
696 700 737 768 de
751 701 822 790 ejus
833 699 972 787 familie,
985 699 1039 768 vel
1052 699 1149 768 etium
1162 699 1297 790 janitori
1309 699 1441 784 domm,

300 808 353 876 vel
366 807 495 876 tondent
509 807 608 876 elicui
626 829 668 874 ex
693 807 810 873 incolis
828 806 976 896 ejusdem
1000 805 1130 891 domus,
1148 807 1206 898 qui
1225 807 1399 897 promittat
1411 829 1443 872 se

298 915 372 983 testi
386 914 449 1005 ipsi
463 913 624 1004 ejusmodi
634 912 844 1004 scriptionem
859 921 1084 1004 porrectorum
1105 940 1112 979 :
1131 912 1228 981 modo
1241 920 1354 982 temen
1371 935 1442 1004 per-

299 1043 380 1090 sons
393 1021 444 1088 cui
459 1020 566 1088 citatio
580 1020 788 1109 consignatur
801 1029 928 1088 aetotem
944 1019 1188 1088 convenientem
1203 1018 1332 1088 hubent.
1362 1019 1442 1088 tnti-

299 1135 506 1196 metuentem
519 1125 580 1196 hoc
595 1125 692 1194 modo
706 1126 870 1212 citatione,
887 1126 1047 1196 referetur
1063 1127 1098 1194 in
1113 1128 1192 1196 sctis
1206 1148 1265 1218 pro
1284 1148 1353 1216 qno
1376 1127 1442 1196 lor-

299 1234 388 1304 mule
403 1234 450 1302 sic
465 1233 652 1302 concinnari
667 1233 787 1324 poterit
804 1259 811 1299 :
1137 1221 1141 1230 ’

340 1400 355 1436 o
379 1376 464 1442 Cum
476 1376 618 1440 ioannes
637 1374 670 1437 N
671 1421 693 1451 .,
713 1374 903 1457 episcopalis
923 1377 1022 1438 curie
1040 1391 1164 1453 cursor,
1176 1376 1377 1440 neundantm
1396 1395 1443 1440 nc·

297 1485 463 1567 cepisseta
484 1481 658 1546 reverendo
681 1481 737 1558 N„
769 1481 894 1548 Vioario
917 1481 1073 1564 qenerali,
1095 1491 1132 1546 ut
1152 1483 1326 1546 dominon
1344 1485 1390 1550 N.
1410 1487 1442 1546 in

296 1591 392 1654 dom
412 1589 513 1652 solitu
535 1589 637 1670 ipsius
656 1587 866 1651 habitationis
884 1591 999 1652 citaret
1025 1589 1072 1653 ad
1087 1589 1367 1674 comparentium,
1384 1609 1442 1673 pro

297 1695 508 1779 informanda
522 1695 562 1760 ole
579 1694 744 1758 nonnullis
759 1694 846 1758 dicto
859 1697 964 1774 cuno,
986 1715 1132 1762 reuersus
1151 1697 1199 1760 ad
1213 1716 1264 1762 me
1281 1699 1442 1780 prefatus

296 1823 408 1868 cursor
429 1801 551 1878 retulit,
571 1818 615 1878 se,
636 1800 689 1863 die
757 1803 927 1882 presentis
946 1805 1065 1868 mereris
1080 1803 1127 1868 ad
1142 1803 1276 1868 domum
1293 1806 1329 1867 in
1348 1824 1441 1868 mon·

297 1911 373 1976 doto
388 1907 591 1992 desiqrmtom
609 1908 790 1985 contulisse,
807 1917 837 1972 et
855 1910 999 1990 ejnsdem
1021 1911 1136 1974 domus
1155 1913 1303 1993 janitori
1316 1913 1381 1993 (vol
1398 1914 1443 1974 in-

297 2020 373 2083 oolae
393 2017 523 2080 domino
545 2015 599 2092 N.)
616 2021 828 2098 prusentusse
851 2025 881 2078 et
904 2016 1071 2100 reliquisse
1095 2019 1256 2082 citationis
1284 2019 1440 2096 libellum,

297 2126 360 2190 sibi
382 2126 416 2186 in
433 2125 527 2186 curia
544 2123 782 2204 concionatum,
796 2123 899 2204 quiet
912 2141 945 2186 se
962 2123 1100 2202 fideliter
1119 2125 1251 2188 dontino
1272 2125 1315 2188 N.
1335 2135 1441 2189 trans

296 2234 475 2296 missurum
487 2231 640 2312 promisit
656 2247 667 2292 :
683 2229 778 2310 cujus
794 2230 939 2292 citatorii
956 2228 1055 2293 libelli
1072 2232 1201 2312 copt'om
1222 2231 1311 2296 idern
1332 2253 1441 2298 cursor

298 2341 333 2403 in
344 2341 424 2402 actis
435 2339 645 2420 preserunoit
658 2355 669 2399 .·
684 2345 714 2399 et
728 2337 841 2418 incipit
907 2344 937 2398 et
951 2335 1069 2399 desinit
1134 2347 1166 2400 et
1177 2339 1266 2420 infra
1281 2339 1441 2424 descripto

297 2446 443 2522 hebetur,
462 2448 593 2528 siqnota
605 2460 806 2506 reumero.....
830 2443 1151 2508 recommiscere
1169 2492 1228 2506 .....
1243 2451 1367 2512 mensis
1385 2497 1439 2512 .....

297 2572 420 2616 anno...
437 2588 476 2598 -
496 2551 569 2632 Euo
588 2551 643 2627 N„
659 2549 851 2632 episcopalis
866 2551 966 2612 curie
984 2567 1110 2628 cursor,
1126 2550 1252 2632 offirmo
1267 2563 1307 2616 ut
1329 2573 1437 2638 supro.

297 2660 424 2740 -qu
438 2658 494 2736 N„
509 2659 688 2720 actuarius.
703 2681 719 2713 »

736 2881 880 2951 CAPUT
902 2879 992 2950 XIV.

343 3077 446 3125 ROMA
476 3077 517 3122 ΑΒ
544 3075 711 3122 menni!
739 3073 960 3122 nitrosmonttu
992 3075 1093 3122 Tueris
1126 3075 1178 3130 out
1216 3077 1248 3122 IN
1285 3079 1402 3126 mm

681 3191 805 3236 DIOEESI
834 3190 1054 3237 commun.

344 3361 455 3428 Posset
469 3358 623 3428 Vicurius
636 3357 798 3446 generalis
813 3357 998 3426 citationem
1007 3379 1065 3450 per
1074 3359 1176 3427 curiae
1187 3379 1257 3426 sure
1273 3381 1437 3430 cursorem

300 3467 450 3536 intimare
467 3465 550 3552 tosti,
575 3465 672 3532 etism
697 3465 732 3530 in
756 3462 862 3532 eliens
876 3464 1006 3533 dioeoesi
1021 3465 1191 3554 existenti3
1209 3487 1285 3534 cum
1302 3467 1437 3536 verbulis

299 3574 461 3668 ejusmodi
490 3570 650 3640 intimatio
681 3593 749 3638 nou
777 3571 819 3638 sit
849 3580 939 3639 setus
963 3570 1212 3661 jurisdictionis.
1241 3571 1437 3666 Plerumque

300 3694 411 3753 tumen
435 3682 470 3748 in
483 3679 541 3747 tuli
555 3701 632 3746 cusu
656 3678 837 3746 recurritur
852 3678 892 3746 ed
909 3679 1033 3746 curiam
1056 3679 1271 3770 episcopalem
1286 3683 1437 3749 territorii

298 3793 335 3860 in
349 3811 414 3881 quo
427 3789 590 3879 reperitur
604 3785 705 3852 testis.
721 3783 897 3854 Ordinatio
912 3807 1027 3876 nempe
1042 3785 1141 3875 hujus
1165 3787 1323 3857 territorii
1339 3788 1436 3880 judici

300 3895 511 3968 ecclesiastico
523 3891 743 3982 expediuntur
755 3893 887 3979 litterae,
896 3916 971 3984 quae
983 3893 1216 3962 remissoriules
1230 3915 1251 3962 a
1264 3896 1435 3986 pragmati-

300 4007 347 4074 cis
371 4001 480 4072 vocari
505 3998 619 4068 solent.
649 3998 859 4089 Subjieienda
889 4000 941 4068 hie
957 4000 1060 4086 venit,
1078 4003 1108 4065 1⁰
1123 4021 1239 4068 eurum
1260 4002 1434 4070 litterarum
1497 4091 1498 4096 ἵ

299 4111 458 4197 termulen
473 4113 508 4176 2ο
524 4109 628 4176 forma
642 4129 741 4197 quum
750 4109 844 4198 sequi
861 4108 955 4176 debet
964 4109 1066 4198 iudex
1080 4108 1240 4199 ejusmodi
1254 4110 1376 4178 litteras
1386 4134 1433 4178 ac-
1497 4137 1498 4142 ¹

299 4242 432 4313 crotous.
1497 4233 1498 4250 ¹
