3050 4984
513 510 588 557 rans
610 510 756 559 mensus.
1181 488 1220 555 17

130 630 291 703 Secundo.
311 632 346 701 Si
366 634 515 702 nondum
530 633 658 703 oblatus
672 641 719 701 est
736 630 949 701 accusationis
961 630 1105 721 libellus,
1122 640 1225 725 potest

88 738 217 829 quidem
238 749 407 811 accusator
421 740 462 809 ab
477 741 680 809 accusatione
695 740 865 820 desistere3
883 739 938 808 sed
959 749 1037 807 tunc
1051 740 1225 831 imponen-

89 844 166 913 dum
186 846 215 915 ei
240 857 290 917 est
303 857 498 940 perpetuum
514 847 696 937 silentium,
714 848 759 915 ita
771 856 808 916 nt
830 870 1001 939 nunquam
1014 846 1115 938 possit
1127 870 1226 915 eum-

89 951 209 1021 demde
223 956 340 1023 eodem
357 956 496 1023 crimine
510 977 660 1024 accusare
673 964 729 1025 ant
739 954 910 1023 infamare.
927 955 1109 1023 Constatex
1121 954 1225 1047 capite

91 1057 170 1124 Licet
189 1060 259 1148 (ll,
274 1059 363 1127 tituli
386 1065 417 1146 1,
441 1059 516 1129 libri
534 1066 552 1128 5
568 1061 723 1151 Daorsi),
741 1060 798 1128 ubi
813 1060 923 1149 agitur
936 1057 976 1127 de
990 1060 1152 1128 canonicis
1168 1060 1227 1128 Bi-

91 1166 234 1253 suntinis,
259 1165 318 1257 qni
339 1167 634 1260 Archiepiscopnm
650 1192 748 1237 snum
768 1166 856 1259 apud
871 1166 988 1235 Sedem
1004 1168 1225 1259 apostolicam

92 1282 325 1362 assumerent,
342 1284 374 1343 et
387 1288 498 1367 postea
513 1277 554 1345 ab
572 1276 778 1345 accusatione
799 1275 993 1343 destiterunt
1010 1302 1018 1342 ε
1035 1275 1076 1343 de
1090 1298 1157 1366 qua
1171 1298 1226 1344 ac·

91 1380 245 1449 cusafione
265 1383 311 1449 sic
326 1381 470 1451 decernit
493 1383 701 1451 Innocentius
723 1382 769 1451 Ill
786 1409 794 1449 ι
813 1384 880 1451 Nos
901 1381 1005 1473 iqitur
1018 1380 1113 1450 dictr's
1126 1404 1226 1450 cano-

89 1487 159 1555 nicis
170 1510 270 1580 snper
278 1488 446 1581 praedictis
460 1490 627 1559 silentium
644 1490 800 1558 duximus
823 1488 1069 1579 imponendum,
1085 1512 1127 1557 nc
1141 1504 1173 1558 te
1187 1490 1227 1558 de

90 1606 196 1663 cetero
214 1596 263 1665 cis
276 1618 373 1687 super
395 1596 446 1666 tis
467 1620 621 1666 coercere
640 1596 735 1665 liceat
750 1597 918 1665 ueletiam
939 1597 1115 1687 infamare.
1139 1597 1226 1681 Quia

88 1724 155 1769 omn
160 1703 321 1791 predicti
334 1705 483 1773 canonici
495 1706 579 1773 citra
593 1704 762 1773 vinculum
776 1703 996 1795 inscriptionis
1004 1703 1153 1772 desistere
1166 1727 1224 1771 vo-

87 1809 229 1891 luerunt,
246 1812 291 1879 et's
306 1812 345 1881 de
352 1812 445 1903 juris
453 1812 668 1905 permissione
682 1811 719 1880 id
732 1834 799 1880 non
812 1809 969 1880 ducimus
979 1810 1224 1903 imputandum.

129 1920 246 1987 Tertio.
266 1920 305 1989 Si
319 1929 485 1989 accusator
500 1920 651 1989 libellum
664 1919 735 2011 jam
750 1918 898 2011 protulit,
919 1940 985 1986 non
1000 1927 1102 2009 potest
1115 1920 1157 1987 ab
1172 1942 1228 1988 ac-

86 2026 249 2094 cusatione
276 2027 441 2114 desistere,
470 2027 535 2095 nisi
559 2026 737 2117 approbata
761 2048 782 2094 a
806 2026 916 2116 judice
939 2025 1027 2115 justa
1052 2024 1226 2096 desistendi

86 2154 189 2199 eausa.
214 2133 265 2219 Si,
289 2133 381 2201 verbi
401 2134 519 2221 gratia,
545 2132 693 2201 advertat
715 2156 749 2199 se
769 2153 894 2199 errasse
909 2132 1113 2201 innocentem
1126 2156 1227 2201 accu-

86 2240 197 2326 sando,
221 2262 290 2309 non
314 2248 441 2308 tanturn
465 2247 580 2331 potest,
605 2239 660 2307 sed
679 2247 807 2307 tenetur
832 2239 1009 2307 desistendi
1025 2239 1227 2309 voluntatem

86 2344 259 2413 declarare.
271 2348 378 2436 Atque
394 2346 507 2414 cadem
525 2347 585 2438 ipsi
601 2346 689 2413 licita
701 2354 748 2413 est
763 2345 938 2413 declaratio
946 2346 1079 2437 quando
1089 2346 1177 2414 videt
1192 2370 1226 2415 se

85 2450 209 2521 crimen
224 2452 361 2543 probare
377 2476 442 2521 uon
454 2476 559 2544 posse.
577 2452 643 2521 Sed
656 2461 746 2539 tunc,
758 2461 794 2519 nt
805 2452 1083 2521 calumniatorum
1094 2474 1227 2544 poenam

86 2558 228 2649 effugiat,
262 2558 356 2628 debet
382 2560 518 2652 probare
546 2583 580 2629 sc
602 2561 688 2629 bona
718 2558 783 2627 fide
807 2558 848 2628 ad
870 2560 1092 2629 accusandum
1121 2583 1227 2630 acces-

86 2666 181 2753 sisse;
194 2666 282 2758 quod
299 2690 416 2757 nempe
431 2687 549 2736 verum
558 2667 758 2759 reputaverit
770 2666 908 2755 crimen,
935 2688 994 2735 nee
1004 2669 1225 2737 anteaadver·

86 2774 155 2841 terit
187 2772 420 2843 insufficientes
446 2797 527 2863 essa,
558 2796 640 2867 quas
670 2773 810 2865 allegare
843 2774 1043 2865 proponebat
1072 2776 1222 2845 renones.

87 2876 118 2943 ld
140 2880 171 2947 si
194 2880 334 2969 probare
357 2887 508 2972 nequeat,
533 2880 694 2973 inceptam
718 2882 957 2950 accusationem
983 2881 1131 2952 deserere
1158 2905 1225 2952 non

85 2985 215 3055 sinitur.

25 3140 26 3145 ι
125 3097 269 3177 Quarto.
284 3092 320 3161 Si
331 3094 437 3163 oblato
452 3095 573 3181 libello,
591 3104 622 3163 et
633 3118 699 3165 non
711 3096 889 3189 approbata
901 3096 1036 3189 ajudice
1049 3098 1224 3166 desistendi

85 3221 190 3287 musa,
208 3200 424 3269 nihilominus
442 3210 608 3271 accusator
629 3200 720 3270 litem
741 3202 892 3293 persequi
915 3211 1053 3290 recuset,
1073 3209 1104 3271 1⁰
1129 3204 1223 3272 dem-

86 3307 210 3375 nandus
233 3316 282 3375 est
306 3308 347 3375 ad
362 3330 520 3400 expensas
536 3318 567 3376 et
583 3307 790 3378 resarcienda
804 3310 936 3377 damna.
956 3314 990 3376 2⁰
1004 3310 1222 3401 Repellendus

25 3476 26 3481 ,
85 3426 138 3499 est,
155 3416 187 3481 si
202 3422 313 3505 postea
323 3416 401 3483 velit
415 3418 652 3484 accusationem
666 3417 834 3507 prosequi.
852 3421 884 3484 3⁰
898 3417 1000 3485 Poena
1015 3417 1148 3509 insuper
1163 3440 1222 3487 ex-

25 3524 26 3527 ’
85 3520 311 3607 traordinaria,
339 3521 459 3611 judicis
487 3523 634 3609 arbitrio,
666 3522 856 3614 plectendus
882 3533 941 3591 est.
974 3524 1021 3594 De
1050 3547 1116 3616 quo
1145 3524 1220 3595 vide

25 3648 26 3733 q
84 3626 374 3717 Schmalzgrueber
393 3629 439 3721 (in
451 3630 500 3697 tit.
521 3634 552 3718 1,
568 3630 643 3699 libri
661 3634 678 3697 5
694 3630 836 3718 liceret,
852 3653 885 3698 n.
903 3632 993 3721 109.)

612 3898 685 3971 vn.

376 4080 486 4145 Effectus
495 4080 663 4131 occnscttonr's
672 4080 757 4145 quood
768 4083 923 4131 accuratum.

25 4306 26 4325 2
127 4279 159 4344 l·
181 4275 346 4347 Pandente
367 4278 567 4347 accusatione
580 4277 776 4369 repuleriter
798 4301 862 4347 non
878 4286 981 4370 potest
994 4288 1162 4347 accrrsatus
1179 4280 1221 4349 acl

246 4404 279 4449 ιι.
1044 4392 1063 4451 ⁶2
