3050 4984
570 448 645 494 caus
667 447 812 496 munos.
1196 428 1256 493 103

125 568 308 660 compellar,
328 568 382 638 vel
398 568 495 638 etiam
513 567 592 638 dum
613 571 705 640 fieret
717 568 948 662 judicialitera
964 568 1132 662 superiore
1144 569 1260 662 inqui·

124 675 192 744 aa
203 676 376 767 qmernlr's,
392 697 459 746 non
473 683 521 746 est
533 675 717 764 difficultas,
739 685 771 747 et
782 676 964 748 concedunt
977 699 1101 746 omnes.

165 781 226 850 Sed
245 783 384 874 queastio
401 782 455 852 hic
473 794 521 852 est
535 783 576 852 de
596 806 647 872 eo,
663 782 722 876 qui
740 783 862 876 inipso
878 783 1025 876 specialis
1039 784 1260 879 inquisitionis

124 911 283 980 processu,
304 889 582 961 denuntiationem
596 891 681 961 lecit.
705 891 850 984 Proque
867 890 1034 979 solvenda,
1050 892 1259 984 distinguen-

125 995 197 1066 dum
210 1005 260 1068 est
273 997 439 1088 publicum
455 998 541 1068 inter
551 1005 583 1067 et
597 1000 764 1090 privatum
779 997 1051 1068 denuntiatorem.

167 1109 194 1172 1.
221 1104 488 1176 Denundatoreru
508 1105 675 1196 publicum
693 1127 748 1174 seu
765 1127 808 1174 aa
826 1106 942 1198 afficio,
967 1117 1065 1198 prout
1081 1115 1131 1176 est
1154 1109 1258 1200 (verbi

123 1212 231 1302 grstia)
263 1220 428 1304 promotor
451 1211 582 1298 domiin,
606 1233 700 1304 porse
723 1213 823 1282 simul
844 1214 878 1282 in
900 1221 1014 1282 mem
1034 1214 1148 1306 recipi,
1169 1239 1257 1284 asse-

122 1327 195 1388 runt
208 1320 362 1388 nonnulli
377 1320 553 1390 canonista
571 1343 646 1390 cum
663 1316 873 1389 Reiffeustuel
893 1321 942 1411 (in
958 1321 1007 1390 tit.
1031 1325 1062 1408 1,
1079 1321 1137 1390 lib.
1155 1328 1174 1390 tt
1190 1324 1252 1392 De-

121 1435 209 1514 erat,
227 1450 261 1495 n.
279 1427 371 1516 227).
387 1427 581 1496 Fundautur
595 1425 748 1495 decretali
766 1429 930 1496 Preterea
948 1428 992 1520 (7,
1012 1428 1062 1497 tit.
1084 1433 1140 1516 21,
1156 1429 1216 1499 lib.
1236 1434 1255 1497 2

122 1535 257 1626 Deerat.)
276 1535 312 1602 in
331 1557 398 1626 qua
417 1534 462 1602 sic
476 1534 615 1604 hebetur
636 1559 644 1601 ι
664 1533 694 1602 si
713 1544 806 1602 testes
821 1533 957 1624 publici,
975 1557 1055 1627 quos
1071 1547 1129 1604 tua
1143 1536 1258 1605 ciuitas

120 1654 288 1734 nuncupat
295 1641 476 1734 synodales,
492 1664 697 1734 supercausa
708 1642 915 1710 matrimonii
926 1643 1027 1711 semel
1035 1643 1259 1712 testimoium

121 1749 330 1832 reddidmint,
350 1759 410 1820 etc.
433 1749 515 1832 Qnee
532 1750 632 1819 verbe
653 1750 805 1818 videntur
826 1750 963 1820 inuuere
986 1749 1147 1842 ejusmodi
1170 1753 1259 1822 viros

119 1859 216 1951 recipi
245 1881 339 1951 posse
363 1859 399 1926 in
424 1865 530 1946 testes,
559 1857 711 1950 quamvis
736 1879 777 1924 ea
802 1857 907 1950 officio
935 1856 1073 1926 debeant
1098 1859 1259 1950 superiori

12 1983 13 1986 ’
118 1967 232 2036 delicta
250 1967 388 2036 deleme.
411 1965 489 2053 Sed,
512 1988 590 2058 pace
606 1965 820 2057 prelatorum
842 1964 1083 2034 canonistarum
1103 1965 1256 2054 dixerim,

115 2073 171 2140 illa
199 2070 369 2140 decretalis
393 2094 507 2141 eorum
532 2072 693 2140 intentum
718 2093 785 2140 nou
815 2071 941 2162 probat.
973 2071 1059 2141 Nam
1081 2072 1128 2141 ibi
1150 2074 1260 2164 egitur

117 2189 243 2250 tantum
263 2180 303 2250 de
324 2181 433 2250 causis
456 2179 789 2249 matrimonialibus:
809 2201 908 2272 porro
927 2186 1043 2249 notum
1064 2189 1112 2250 est
1129 2179 1258 2250 denun-

115 2289 265 2358 tiatorem
291 2287 430 2380 alieujus
452 2287 676 2380 impedimenti
700 2286 947 2358 matrimonialis
973 2295 1135 2379 protecte
1161 2289 1260 2358 simul

114 2396 235 2488 recipi;
251 2396 329 2488 quia
347 2403 425 2465 mne
440 2416 507 2464 nou
520 2395 629 2486 egitur
642 2395 776 2486 precise
791 2395 996 2487 adponam,
1020 2394 1076 2464 sed
1090 2395 1261 2464 domarat

12 2497 13 2528 ³
113 2504 157 2572 ed
183 2501 430 2594 impediendum
455 2523 497 2570 ne
523 2501 732 2572 matrimonia
756 2501 888 2571 nulliter
912 2509 970 2572 aut
995 2501 1109 2571 illicite
1129 2513 1261 2572 contra·

113 2611 250 2697 huntur,
272 2611 363 2679 etad
383 2609 621 2702 procurandam
639 2609 773 2678 nulliter
789 2617 1028 2679 connecterem
1051 2610 1256 2680 solutionem.

113 2719 189 2786 Non
222 2739 300 2808 ergo
333 2725 437 2810 potest
470 2716 546 2785 iude
581 2716 622 2786 ad
656 2737 844 2808 processum
877 2718 1008 2809 proprie
1034 2717 1257 2806 criminalem,

111 2847 180 2916 quo
198 2823 328 2917 publica
350 2824 460 2893 delicti
481 2822 624 2894 vindicta
643 2822 835 2912 intenditur,
856 2823 957 2893 illatio
976 2823 1058 2893 fieri.
1082 2823 1175 2908 Quod
1200 2848 1260 2894 an·

12 2967 13 2970 ¹
112 2943 179 3000 tem
210 2932 245 2999 iu
272 2931 368 3000 citata
393 2930 545 3000 decretali
573 2931 614 2998 de
640 2930 745 2999 causis
771 2929 1063 3000 matrimonialibus
1090 2929 1266 2999 dumtaxat

110 3046 245 3128 agatur,
265 3047 353 3131 patet
369 3049 439 3107 tum
453 3059 495 3106 cx
510 3045 601 3106 textu
617 3037 700 3130 ipso,
715 3046 786 3106 tum
802 3059 843 3105 ex
864 3037 983 3127 glossa,
999 3059 1075 3130 qua
1088 3038 1135 3106 sic
1147 3060 1259 3106 casum

111 3147 276 3238 exponit:
296 3172 314 3210 a
332 3145 417 3215 Cum
434 3146 612 3238 Episcopus
630 3145 739 3216 visitat
753 3143 943 3236 parochiam
958 3167 1063 3232 suam,
1084 3154 1260 3214 munerato

115 3281 133 3318 a
157 3253 282 3346 populo
303 3253 378 3322 lacit
400 3252 529 3345 aliquos
552 3252 750 3321 honestiores
771 3251 811 3319 de
827 3251 920 3344 plebe
938 3252 1062 3343 jurare,
1085 3251 1175 3344 quod
1196 3254 1260 3344 ipsi

12 3341 13 3382 ³
115 3389 133 3424 a
158 3359 334 3452 diligenter
354 3360 534 3453 inquirent,
558 3359 586 3428 si
605 3359 707 3451 aliqui
725 3359 959 3448 consanguinei
980 3358 1260 3428 matrimonialiter

12 3487 13 3506 ³
116 3494 133 3532 a
158 3468 226 3536 sint
237 3467 414 3561 conjuncti,
432 3466 484 3537 vel
497 3466 525 3534 si
540 3466 641 3558 aliqui
651 3465 731 3534 tales
740 3465 897 3557 conjungi
911 3465 1024 3552 velint,
1035 3465 1123 3558 quod
1132 3465 1260 3533 denun-

116 3602 134 3639 α
156 3575 288 3644 tiabunt
305 3575 464 3667 Episcopo
483 3574 536 3643 vel
557 3573 628 3665 ejus
651 3575 760 3642 misso.
784 3573 896 3642 Testes
913 3573 967 3640 isti
986 3571 1141 3641 dicuntur
1159 3597 1260 3665 syno-

118 3709 136 3746 n
160 3683 263 3772 dales,
280 3683 320 3752 de
337 3683 458 3775 quihus
470 3682 592 3773 legitur
605 3703 702 3752 causa
718 3686 773 3770 35,
789 3681 970 3773 quastione
987 3685 1020 3767 6,
1036 3703 1108 3773 cap.
1121 3681 1261 3772 Epr'ece-

12 3823 13 3828 1
118 3817 136 3854 a
157 3814 224 3880 pua
238 3792 275 3858 t'tt
288 3788 426 3882 syuodo,
445 3817 462 3855 n

12 3887 14 3906 '
162 3898 230 3967 Nec
246 3897 343 3967 etiam
357 3897 443 3966 valet
456 3898 538 3965 ratio
560 3897 739 3989 apraelatis
754 3895 928 3964 canonietia
943 3893 1108 3987 adjuncta,
1125 3918 1261 3987 suspec-

12 4065 14 4080 ,
117 4013 190 4073 tum
206 4026 325 4096 nempe
343 4027 409 4074 non
425 4026 494 4076 eme
509 4004 544 4071 iu
563 4004 697 4072 ferendo
713 4003 897 4072 testimonio
910 4025 1001 4090 eum,
1022 4003 1080 4094 qni
1099 4026 1140 4071 cc
1157 4004 1261 4094 officio

117 4111 299 4182 denuntiat.
318 4111 388 4180 lmo
417 4111 456 4180 de
478 4113 560 4202 juce
582 4110 655 4178 talis
680 4110 889 4180 denuntiator
911 4116 1078 4201 suspectus
1101 4116 1149 4178 cet
1174 4137 1182 4178 ι
1206 4110 1262 4202 jue

118 4220 208 4288 enim
224 4220 321 4292 etiam
335 4227 445 4294 contra
458 4239 534 4288 eum
548 4239 678 4310 ponam
689 4216 959 4290 calumniatorum
971 4215 1127 4307 decrerit,
1143 4215 1262 4291 silorte
