3050 4984
313 416 376 480 496
688 434 864 482 retornus
886 435 925 480 oi:
947 433 1081 480 motuis.

355 582 370 612 α
395 557 504 637 Super
519 562 557 620 ·t⁰
577 555 735 620 constabit
757 557 943 620 uisitatione
967 555 1111 637 corporis
1127 553 1235 618 delicti
1239 570 1252 632 ,·
1265 561 1297 615 et
1321 555 1454 635 iruuper

312 671 403 726 testes
424 662 530 729 Giitus
555 663 686 740 Sartcr,
705 665 765 746 qui
785 663 887 728 dictus
915 671 1016 728 vestes
1030 661 1199 726 securiores
1218 660 1365 741 confecit,
1388 681 1454 724 rrec-

310 788 376 834 uou
394 769 494 834 Titius
510 771 664 835 etberto.

354 899 368 936 o
395 876 503 958 Super
525 881 570 952 2⁰,
599 882 641 951 4⁰,
672 883 716 957 δ’,
747 885 838 941 testes
868 876 1064 958 Hupolinus,
1095 877 1236 942 Ricottus
1264 883 1295 940 et
1322 876 1455 940 Mevia.

354 1009 369 1040 o
399 983 507 1065 Super
522 987 565 1061 3⁰,
581 984 776 1065 Muusredus
790 984 1001 1049 etilocterus.
1020 1008 1034 1042 n

353 1118 452 1188 Noto.
471 1116 579 1185 Potest
592 1127 770 1204 accusator,
788 1117 843 1186 sed
860 1139 924 1186 non
941 1125 1078 1199 tenetur,
1096 1117 1130 1184 in
1147 1117 1318 1186 director-io
1331 1118 1457 1208 probo-

310 1224 419 1305 tionis,
438 1223 524 1314 quod
548 1224 628 1292 solet
643 1224 683 1291 sd
707 1226 827 1292 calcem
852 1224 953 1292 libelli
976 1224 1134 1308 subnecti,
1153 1233 1245 1292 testes
1266 1225 1454 1306 nominem

310 1329 427 1399 sufficit
446 1331 535 1398 enim
561 1339 598 1399 ut
619 1354 679 1399 suo
701 1341 860 1423 tempore,
878 1341 950 1423 posi
971 1331 1062 1399 litem
1086 1339 1295 1399 contestatam
1319 1353 1377 1400 eos
1400 1354 1456 1398 no

309 1437 423 1506 minet.
441 1437 493 1523 Et,
511 1439 538 1504 si
553 1437 667 1506 timeat
680 1459 721 1505 ne
735 1439 968 1523 subornentur,
986 1438 1178 1528 prudentius
1188 1459 1303 1506 eorum
1320 1441 1457 1507 nomina

308 1544 441 1620 tocebit;
456 1553 488 1610 et
509 1553 586 1610 tuuc
604 1542 815 1610 directorium
829 1542 1038 1634 probationis
1056 1543 1097 1610 od
1120 1542 1242 1610 calcem
1261 1541 1366 1610 libelli
1392 1565 1455 1610 nou

311 1661 419 1741 ponet.

354 1783 396 1852 Il.
412 1783 448 1852 Si
460 1793 625 1853 accusator
643 1785 814 1875 proprium
828 1783 895 1875 jus,
916 1807 974 1853 seu
996 1785 1136 1875 propriae
1159 1784 1289 1875 injuriae
1310 1783 1454 1852 debitam

309 1891 536 1960 coercitionem
552 1899 779 1982 persequetur,
796 1891 842 1958 sic
858 1889 1005 1958 libellum
1020 1889 1192 1959 efformare
1207 1890 1353 1982 poterit:

352 2077 368 2108 «
385 2052 507 2118 Corum
529 2052 714 2119 Reuerendo
736 2053 861 2116 ioauue
880 2052 1060 2129 Leouurdo,
1085 2051 1297 2116 illustrissimi
1315 2056 1347 2115 et
1366 2071 1457 2116 rece·

310 2159 498 2222 rendissimi
527 2157 766 2224 Mecbiinierrsis
789 2158 1031 2242 Arcbiepiscopi
1058 2159 1184 2223 Vicurio
1205 2159 1355 2241 cenerati
1375 2179 1458 2223 coru·

304 2275 402 2348 peret
424 2265 561 2330 Tbomus
581 2265 705 2330 Gordct
724 2267 870 2345 clericers,
890 2266 996 2347 officio
1019 2267 1208 2332 Sacriste'
1194 2285 1229 2328 m
1247 2265 1383 2330 ecclesia
1406 2287 1456 2330 cc-

309 2363 452 2426 tbedruii
476 2363 699 2428 Mecbiiuiensi
724 2365 876 2446 pauperes,
903 2383 969 2427 nou
999 2366 1109 2428 auimo
1136 2363 1509 2470 calumniaremur

306 2477 369 2542 pro
381 2461 523 2542 subjure
533 2461 776 2544 prosequeuio;
792 2463 982 2544 etpropouit
992 2463 1356 2525 accusationemcoutru
1374 2431 1509 2545 cap

309 2567 419 2630 tistum
437 2567 592 2649 Tempest,
608 2567 701 2632 dicte
714 2567 909 2632 cathedralis
923 2571 1129 2646 camuuum,
1146 2585 1272 2650 nempe,

353 2697 367 2732 u
382 2682 409 2738 l.
429 2675 527 2755 Quod
539 2674 642 2738 dictus
660 2676 804 2758 Tempust
812 2675 939 2758 pluries
953 2677 1061 2758 ipsum
1072 2678 1183 2755 furem
1196 2679 1373 2740 vocaverit.

354 2804 368 2842 s
382 2787 411 2844 2.
432 2781 528 2861 Quod
540 2783 617 2845 item
629 2781 752 2862 pluries
766 2783 830 2864 ipsi
842 2783 977 2846 verbera
994 2785 1139 2846 minutus
1149 2783 1262 2864 suerit.

352 2895 411 2953 113.
430 2889 595 2969 Quotidie
613 2896 648 2952 t'l
673 2891 841 2972 presentis
863 2892 979 2953 merrsis
1002 2889 1094 2953 iilum
1118 2889 1231 2954 baculo
1259 2891 1293 2952 iu
1314 2893 1454 2973 scopulis

308 2997 466 3060 acerrime
474 2997 678 3078 perurserit.

351 3127 365 3161 ι
383 3103 437 3166 Ab
447 3121 520 3185 quc
533 3103 567 3165 iu
582 3103 710 3184 judicio
725 3103 867 3185 upitime
878 3103 1061 3183 probanda,
1076 3105 1137 3168 sub
1148 3123 1246 3187 poeuu
1269 3105 1452 3170 cuiumm'o·
1506 3088 1507 3109 ¹

308 3209 432 3273 toribus
449 3208 567 3284 debita,
583 3228 616 3273 se
636 3209 731 3291 offert
744 3219 775 3273 et
793 3209 965 3274 subscribit
982 3219 1162 3276 accusator.
1178 3211 1284 3275 lustut
1300 3213 1403 3294 proin
1422 3222 1454 3274 ut

309 3315 433 3380 libellus
460 3324 660 3399 acceptetur,
683 3325 912 3398 compertaque
940 3319 1074 3381 veritate
1095 3319 1354 3400 propositorum,
1383 3339 1454 3382 reus
1505 3357 1506 3390 l

304 3423 501 3506 promerito
520 3424 692 3504 pumicetur,
714 3442 753 3487 ue
776 3425 994 3506 inposterum
1014 3424 1137 3488 similia
1155 3433 1268 3488 contra
1286 3434 1451 3490 accusoco-
1505 3404 1506 3427 ¹

305 3549 377 3594 rem
403 3539 594 3613 presumat.
623 3531 747 3596 Datum
827 3529 880 3593 die
961 3532 1081 3594 mensis
1163 3549 1288 3594 amm...
1314 3567 1356 3578 -
1382 3532 1452 3612 Epo

302 3639 443 3722 propria
456 3655 559 3700 mauu
573 3636 760 3718 subscripsi.
783 3636 920 3701 Tboueus
936 3636 1070 3702 Cordut.
1086 3661 1101 3696 s

352 3765 452 3834 Nota.
470 3763 554 3832 Cum
569 3773 770 3832 accusatores
792 3761 987 3853 plerumque
1000 3762 1144 3853 judicem
1165 3762 1285 3832 obeunt
1304 3763 1452 3832 nondum
1504 3724 1505 3747 l

307 3872 452 3942 conlecto
466 3869 587 3955 libello,
602 3892 661 3936 nec
679 3868 839 3960 ejusmodi
853 3869 954 3937 libelli
974 3877 1059 3936 recte
1074 3871 1301 3940 conscribendi
1318 3870 1450 3940 modurn

308 3981 385 4053 satis
400 3987 545 4062 noscent,
560 3975 693 4067 expedit
707 3985 744 4044 ut
758 3977 792 4044 in
815 3978 910 4068 proxi
924 3973 1025 4067 judex
1041 3999 1110 4045 sese
1125 3985 1216 4067 geret
1239 3977 1302 4046 hoc
1326 3977 1424 4045 modo
1441 4001 1447 4040 :
1503 4015 1504 4064 l

303 4087 428 4177 primo,
445 4093 595 4152 oretenus
615 4085 732 4150 lectam
751 4084 946 4150 accusatoris
967 4085 1132 4174 querelem
1158 4083 1284 4162 audien
1301 4083 1448 4162 secretorio,

193 4251 198 4260 .
308 4194 348 4263 ab
372 4215 409 4260 eo
432 4199 529 4286 petet,
552 4213 593 4258 on
618 4189 694 4260 velit
711 4190 765 4258 uio
788 4190 1003 4260 ccursatiom's
1027 4190 1173 4283 procedi;
1189 4191 1225 4258 id
1244 4201 1305 4281 est,
1323 4215 1364 4259 an
1385 4214 1448 4262 sese
