3050 4984
466 563 469 569 ·
547 539 621 586 rans
646 537 793 585 secunus.
1197 519 1238 582 ts

98 685 117 724 a
140 681 216 728 uem
231 657 381 748 legitima
402 659 496 728 debet
510 657 692 752 praecedere
708 659 889 749 inscriptio,
910 659 956 727 sie
971 667 1003 727 et
1017 658 1241 728 denuntiatio-

99 793 117 830 ι
140 789 217 834 uem
234 766 428 836 charitativa
444 767 593 854 monitio,
610 775 641 836 et
654 764 901 860 inquisitionem
912 767 1055 836 clamosa
1064 766 1242 836 insinuatio

98 900 117 940 ι
140 873 373 964 prevenire.»

138 979 189 1049 Ibi
202 981 406 1072 apertissime
420 981 474 1050 sia
484 981 740 1050 denrentiationis
755 981 818 1073 ipsi
832 981 931 1049 etiam
945 980 1008 1049 viee
1023 981 1242 1072 inquisitionis

95 1089 285 1178 opponitur.
305 1087 445 1157 Aliunde
460 1097 569 1160 autem
586 1087 666 1180 quid
680 1089 840 1181 peruiam
852 1088 1111 1157 denuntiationis
1123 1089 1242 1157 iutelli-

97 1194 244 1283 geudum
257 1195 311 1281 sit,
326 1218 392 1264 non
405 1197 516 1265 miuus
530 1205 640 1288 aperte
655 1196 856 1264 clarissimus
869 1195 1019 1264 Pontifex
1032 1194 1239 1280 determinat,

96 1303 178 1371 dum
192 1302 277 1371 dicit
293 1329 301 1371 :
319 1305 359 1372 ad
367 1303 602 1395 depositionem
613 1304 794 1372 instituitur
807 1304 983 1372 accusatio:
996 1301 1053 1371 sed
1063 1301 1109 1372 ad
1118 1325 1240 1371 eorrec-

96 1411 220 1480 tionem
237 1425 283 1480 est
309 1409 514 1480 denuntiatio
526 1412 689 1504 smerde.
712 1413 759 1502 (ln
776 1411 987 1502 supracitato
1007 1411 1109 1504 capite
1134 1415 1243 1503 Super

96 1518 219 1608 lem)...
246 1519 345 1587 Debet
366 1517 649 1589 denuntiationem
675 1519 874 1587 charitativa
895 1519 1034 1588 monitio
1046 1520 1237 1610 prevenire.

96 1623 186 1712 Ergo
204 1623 300 1715 juxta
313 1624 516 1692 celeberrimi
530 1625 725 1714 legislatoris
740 1633 897 1711 mentem,
915 1623 1173 1693 denuntiationis
1187 1626 1240 1693 uia

97 1739 175 1798 tunc
190 1729 364 1799 dumtaxat
374 1733 482 1800 locum
499 1731 606 1818 habet,
619 1731 749 1824 quaudo
761 1730 963 1800 denuntiatio
978 1740 1026 1799 est
1039 1731 1235 1823 evanqeliea,

96 1835 127 1904 id
144 1847 207 1924 est,
220 1839 352 1930 quando
367 1839 404 1906 tit
419 1837 461 1908 ad
474 1839 578 1908 solam
595 1838 812 1929 delinquentis
826 1839 1081 1924 correctionem
1099 1863 1165 1907 uon
1179 1862 1239 1907 au·

96 1955 164 2012 tem
181 1945 314 2035 quaudo
335 1945 373 2012 fit
388 1945 428 2012 ad
445 1945 658 2034 infligendam
675 1946 737 2037 ipsi
752 1945 965 2035 depositionis
980 1946 1021 2013 ab
1036 1944 1141 2013 officio
1156 1945 1240 2013 vela

95 2053 269 2142 dignitate,
292 2053 346 2120 vel
370 2053 564 2144 privationis
587 2052 734 2120 beneficii
755 2075 905 2144 poenam3
930 2061 962 2119 et
985 2050 1059 2120 ideo
1080 2051 1163 2120 dum
1178 2053 1240 2120 hac

96 2159 149 2226 oia
167 2157 426 2226 denunnanonis
450 2158 646 2248 proceditur,
675 2158 793 2248 praeire
809 2156 904 2224 debet
924 2157 1115 2226 charitativa
1131 2158 1240 2225 moni·

95 2266 152 2333 tio.
174 2265 264 2354 Ergo
278 2288 296 2332 e
312 2276 424 2334 contra
443 2267 568 2358 quoties
590 2263 778 2356 proceditur
796 2264 843 2333 ad
852 2285 1002 2356 paenam,
1026 2264 1097 2356 jam
1112 2287 1177 2332 non
1192 2274 1240 2331 est

96 2373 150 2439 oia
174 2370 443 2440 denuntiationis.
469 2371 557 2462 Ergo
572 2372 698 2463 quoties
709 2371 812 2462 judex
829 2369 975 2462 procedit
994 2371 1035 2438 ad
1051 2371 1237 2438 instantiam

11 2549 12 2560 ,
93 2477 239 2569 alicujus
260 2478 509 2564 denuntiatoris,
533 2479 560 2546 si
576 2479 615 2565 is,
640 2501 707 2546 nou
733 2501 860 2546 meram
886 2479 1118 2547 correctionem
1132 2487 1240 2569 pater·

95 2607 192 2672 uam,
208 2585 264 2653 sed
279 2609 410 2677 poeuam
426 2595 457 2653 et
475 2586 641 2678 publicam
657 2585 767 2654 delicti
791 2585 966 2654 vindictam
984 2593 1195 2676 persequatur
1209 2593 1240 2652 et

95 2691 251 2783 postulet,
268 2717 373 2786 neque
388 2701 463 2761 tunc
478 2702 525 2761 est
538 2694 594 2761 uia
606 2690 865 2761 denuntiationis
880 2719 891 2758 :
906 2691 1036 2760 aliunde
1052 2715 1110 2760 uec
1121 2699 1169 2759 est
1184 2692 1239 2759 via

94 2800 324 2881 accusationis,
342 2823 419 2868 cum
434 2799 546 2868 nullus
559 2799 753 2868 interveniat
766 2807 945 2885 accusator,
963 2797 1018 2866 sed
1034 2797 1239 2866 denuntiator

12 2993 13 2996 Ἴ
96 2915 228 2976 tantum
252 2933 258 2974 :
284 2930 362 2997 ergo
383 2914 543 2992 remanet,
560 2907 595 2974 iu
617 2907 678 2974 hoe
692 2928 771 2973 essu
792 2905 1027 2974 denuntiatoris
1046 2905 1088 2972 ad
1100 2929 1238 2995 paenam

93 3012 335 3094 denuntiantis,
360 3014 469 3082 locum
493 3013 611 3081 habere
634 3012 854 3103 inquisitionis
874 3012 975 3080 uiam.
1003 3011 1090 3101 Ergo
1107 3013 1238 3103 proprie

12 3113 13 3186 ᾖ
93 3119 186 3186 dicta
199 3119 418 3210 inquisitionis
433 3119 487 3188 via
500 3119 610 3188 locum
632 3118 740 3204 habet,
757 3120 828 3185 sive
846 3118 949 3208 judex
969 3141 1008 3186 ex
1027 3141 1118 3186 mero
1133 3117 1239 3186 officio

12 3239 14 3266 ³
95 3225 263 3319 procedat,
276 3227 344 3294 sive
360 3227 510 3316 procedat
523 3225 564 3293 ad
580 3225 769 3293 instantiam
785 3224 1022 3294 denuntiatoris
1030 3225 1165 3316 poenam
1180 3224 1238 3292 de-

95 3336 165 3403 licti
182 3333 387 3425 postulantis.

142 3440 286 3510 l⁰ldem
298 3442 514 3510 confirmatur
535 3441 637 3534 capite
662 3440 885 3509 Pralatorum
904 3439 971 3531 (27,
997 3438 1046 3506 tit.
1075 3440 1105 3525 l,
1132 3438 1190 3507 lib.
1219 3443 1236 3505 5

13 3533 14 3580 t
95 3547 253 3636 Deerat.).
281 3547 366 3616 Nam
389 3546 435 3614 ibi
458 3544 610 3615 videmus
624 3545 822 3637 Episcopum
843 3543 1020 3635 quemdam
1037 3567 1057 3611 a
1077 3543 1239 3611 canonicis

95 3656 135 3723 de
149 3653 383 3745 dilapidatione
392 3651 480 3743 apud
496 3651 614 3722 Sedem
625 3652 847 3742 Apostolicam
861 3650 1099 3719 denuntiatam.
1117 3651 1158 3718 Et
1173 3658 1239 3718 ste-

96 3762 217 3847 tuitur,
244 3771 292 3847 ut,
317 3771 444 3851 peracta
466 3783 486 3828 a
498 3758 664 3850 judicibus
686 3758 842 3848 delegatis
854 3756 1062 3849 inquisitione
1083 3757 1239 3843 veritatis,

14 3951 15 3954 Ἴ
95 3869 278 3960 Episcopus
293 3867 347 3935 ille
362 3867 503 3935 Summo
517 3865 666 3934 Pontifici
685 3890 719 3934 se
734 3873 956 3956 repraesentet,
970 3865 1172 3956 presseritis
1187 3887 1239 3931 re-

13 3975 15 4056 ,
94 3987 260 4069 capturus.
278 3973 352 4042 Fuit
367 3974 508 4066 prolecto
524 3973 725 4042 denuntiatio
738 3973 807 4041 haec
822 3971 1027 4064 adprensum,
1046 3981 1082 4040 ut
1097 3971 1240 4039 iudicant

13 4079 15 4132 l
96 4107 131 4152 ea
146 4081 250 4150 verba
264 4103 323 4173 pro
339 4079 464 4149 meritis
479 4093 677 4172 recepturus.
696 4079 783 4149 Cum
798 4101 889 4169 ergo,
905 4080 975 4170 ipso
991 4086 1125 4147 testante
1140 4080 1240 4148 luno-

14 4189 15 4196 '
96 4191 202 4259 centio
218 4187 278 4274 ΙΙΙ,
293 4187 552 4256 denuntiatorius
567 4209 735 4279 processus
752 4189 824 4255 steri
839 4209 905 4255 uou
916 4185 1079 4255 debeatad
1094 4208 1237 4277 prauam,

97 4298 150 4366 sed
168 4295 212 4366 ad
226 4295 460 4368 correctionem
475 4293 660 4386 dumtaxat,
677 4301 826 4370 remanet
840 4293 929 4363 viam
945 4301 1093 4386 apertam
1107 4317 1165 4388 per
1178 4295 1241 4366 de-
