3050 4984
447 575 454 590 .
527 537 602 586 sons
624 539 768 586 suanos.
1153 513 1216 582 485

78 657 193 722 datore
204 676 266 739 pro
279 675 375 740 opere
387 665 456 724 tam
470 666 566 740 proto
579 657 759 722 mercedem
767 657 904 742 plenam
917 668 1101 740 recepturus
1118 681 1127 720 :
1141 675 1216 722 crim

79 764 229 828 omnibus
252 765 433 847 prioiIcqiis
456 774 489 830 ct
507 766 774 849 exemptionibus,
798 773 866 829 tam
887 765 927 828 dc
950 768 1030 846 jure
1054 783 1155 846 aetam
1178 764 1218 828 de

79 872 309 936 consmtudine
328 871 452 936 debitis.
476 875 517 938 In
538 891 690 956 quorum,
705 882 763 937 etc.
787 875 919 951 Datum,
933 880 992 936 etc.
1009 907 1047 918 -
1062 873 1117 948 Ν.,
1137 872 1219 953 Epi-

77 997 193 1062 scopus
211 979 245 1046 N
246 1026 253 1041 .
263 1011 302 1028 ·-
316 979 371 1056 N„
386 981 608 1045 correctiones.
626 1007 640 1037 r
657 1015 696 1031 -
706 980 745 1046 m
758 983 896 1063 ponatur
910 977 1052 1062 sigillum
1066 981 1219 1042 consueto

79 1087 161 1152 looo.

609 1187 698 1259 XIV.

270 1353 412 1400 tonum
436 1353 652 1401 onmsnoms
673 1353 861 1402 amessian
885 1355 1049 1402 monost.

116 1534 142 1570 a
161 1511 216 1589 N„
231 1511 412 1596 Episcopus
425 1513 468 1580 N.
483 1546 524 1560 -
537 1512 658 1578 Dilecto
676 1513 717 1580 N.
734 1547 772 1559 -
790 1513 887 1578 Sacri
899 1512 1027 1576 concib'i
1046 1509 1226 1576 Tridentini

82 1627 116 1682 et
131 1618 242 1684 Sacra
258 1617 527 1701 Gouqrcpationis
542 1619 676 1684 decretis
690 1620 892 1699 inherentes,
908 1629 940 1685 et
961 1629 999 1684 ut
1004 1638 1072 1703 par
1090 1628 1137 1683 est
1149 1619 1222 1682 obe-

83 1725 157 1790 dirc
176 1725 327 1805 volentes,
347 1735 385 1790 ut
402 1727 531 1792 mutatae
548 1746 727 1811 panaque,
739 1729 951 1810 pecuniariae,
973 1745 1046 1810 qua
1064 1729 1099 1790 in
1121 1726 1224 1790 tribu-

83 1833 158 1896 nati
173 1841 294 1910 nostro,
314 1852 375 1914 pro
396 1833 518 1898 delictis
533 1834 729 1917 illorumque
747 1833 947 1899 absolutione
969 1835 1103 1917 imponi,
1120 1833 1226 1916 insliqi

84 1949 117 2002 et
133 1941 222 2022 eripi
236 1943 439 2022 continerint
454 1941 564 2005 usibus
582 1951 614 2005 et
628 1941 704 2006 iocis
715 1943 782 2024 piis
794 1943 935 2006 ciuitatis
949 1940 1002 2005 oel
1014 1941 1156 2004 dioecesis
1170 1958 1224 2003 ar·

86 2047 185 2110 bitrio
211 2055 322 2110 nostro
350 2049 472 2130 inteare
497 2046 717 2130 appetamur,-
750 2049 802 2124 Te‚
831 2048 870 2112 de
897 2047 990 2130 eujus
1014 2047 1169 2126 fidelitate
1198 2057 1228 2109 et

80 2153 247 2237 probitate
264 2154 446 2235 plurimum
464 2157 498 2218 in
520 2157 659 2220 Domino
682 2156 884 2233 confidimus,
905 2155 1140 2238 depositarium
1161 2154 1226 2218 dic-

87 2269 199 2324 tarum
222 2261 420 2324 muletarum
451 2271 482 2326 et
506 2281 682 2345 poenarum
709 2263 934 2326 contituimus
963 2271 994 2326 et
1016 2262 1210 2343 deputamus
1216 2282 1227 2336 ,·

87 2369 169 2431 data
195 2369 343 2432 cautione
370 2370 403 2433 in
429 2371 509 2432 actis
537 2379 654 2434 nostra
680 2370 883 2434 concellaria
911 2369 951 2432 de
972 2369 1049 2434 bene
1074 2369 1228 2432 adminis-

89 2475 218 2552 trando,
237 2483 268 2538 et
287 2475 326 2540 de
346 2476 428 2540 libro
444 2477 520 2540 bene
534 2487 711 2560 compacto,
731 2479 765 2540 in
784 2495 849 2559 ouo
871 2476 1025 2540 adnotari
1044 2484 1075 2539 et
1095 2475 1232 2540 describi

91 2581 260 2660 debebunt,
279 2584 457 2660 retinendo,
473 2593 504 2648 ct
525 2587 684 2650 rationem
705 2584 869 2648 reddendo
888 2586 922 2646 in
934 2585 998 2663 fiac
1019 2585 1100 2646 anni
1119 2601 1230 2648 coram

90 2689 192 2754 Nobis
203 2700 234 2755 et
247 2690 371 2755 duobus
388 2691 428 2756 de
441 2693 594 2774 captatio,
605 2712 643 2756 ac
664 2694 704 2756 de
718 2692 791 2756 ilias
804 2709 870 2755 non
884 2690 1035 2754 soluendo
1048 2691 1113 2754 nisi
1126 2689 1165 2754 dc
1178 2708 1231 2753 ex-

85 2815 199 2880 presso
213 2805 322 2862 nostro
344 2800 379 2862 in
398 2800 525 2883 scriptis
543 2800 711 2877 mandato,
727 2798 790 2877 nei,
810 2798 901 2862 nobis
920 2798 1115 2876 absentibus,
1138 2798 1230 2863 Vica-

91 2917 138 2978 rii
154 2916 326 2999 pomerolis,
341 2920 469 2995 recepta
483 2911 518 2973 in
531 2909 615 2971 caiee
628 2906 772 2988 ejusdem
787 2904 936 2969 mandati
950 2905 1146 2983 consessione
1161 2905 1231 2986 ejus

91 3026 146 3090 cui
174 3024 317 3089 solveris.
341 3020 603 3101 Mandamusquc
628 3012 821 3078 cancellario
842 3019 967 3087 nostro,
988 3019 1025 3074 ut
1048 3011 1233 3074 nuliatenus

93 3135 128 3196 in
141 3133 306 3196 exactione
330 3129 492 3194 dictarum
513 3125 711 3189 muletarum
730 3129 760 3185 et
778 3135 953 3204 partarum
964 3118 1232 3201 pecuniari‘arum

92 3259 126 3304 se
147 3242 291 3322 macron
304 3236 363 3301 sed
381 3237 503 3317 intepre
519 3250 617 3315 penes
639 3229 666 3294 T
663 3249 679 3294 e
698 3228 818 3308 deponi
837 3233 943 3303 curet;
963 3224 1176 3307 prasentibus
1200 3227 1234 3287 in

93 3347 289 3412 cancellaria
308 3341 532 3426 rapistrandis,
559 3338 606 3402 ad
626 3344 774 3400 nostrum
800 3333 1032 3416 beneplacitum
1052 3333 1234 3412 duraturis.

94 3456 230 3532 Datum,
249 3460 308 3516 etc,
330 3485 369 3497 -
390 3449 445 3527 N„
471 3448 649 3529 Episcopus
673 3443 715 3511 N.
732 3477 771 3490 -
790 3442 845 3518 N„
866 3439 1091 3503 cancellarius.
1109 3463 1123 3498 r
1141 3475 1179 3484 —
1197 3438 1234 3502 Et

94 3566 235 3646 ponatur
248 3558 393 3640 sigillum
408 3557 563 3620 consueto
576 3553 655 3616 loco.

626 3767 702 3837 XV.

254 3933 396 3980 tonnam
424 3925 643 3976 perarmatus
670 3921 858 3969 onoosmml
886 3917 1082 3965 wiscardus·

142 4117 158 4153 a
179 4092 234 4168 N„
249 4090 429 4173 Episcopus
443 4087 486 4154 N.
501 4121 540 4131 -
554 4083 675 4149 Dilecto
688 4081 732 4147 N.
748 4115 787 4126 -
801 4079 967 4143 Bonorum
980 4085 1010 4140 et
1022 4075 1156 4158 jurium
1170 4091 1241 4136 nos·
1337 4095 1340 4102 ¹

97 4211 160 4266 trae
187 4216 317 4275 mensu,
344 4213 418 4280 qun
435 4193 563 4257 nulium
585 4191 788 4273 provisorem
821 4185 940 4248 babent
959 4191 1078 4266 prater
1106 4181 1240 4263 Episco-

95 4327 193 4394 pum,
214 4323 327 4371 curom
346 4303 475 4388 jupiter
487 4301 638 4384 serentes,
659 4296 811 4360 idoneum
830 4291 1064 4374 depositarium
1082 4289 1144 4353 ittis
1162 4288 1242 4352 dare
