3050 4984
537 472 611 517 raas
638 462 788 517 arcuum:
1166 452 1229 515 285

87 594 243 665 sententia
257 604 372 663 contra
387 616 441 663 vos
452 594 587 685 prolata
596 592 766 684 prosecuti
775 615 841 661 non
856 592 940 669 estis,
959 590 1139 659 dummodo
1149 614 1229 683 pro-

88 702 283 771 secutionem
298 702 400 793 apsilis
407 724 471 793 per
486 700 716 793 impotentiam
735 722 792 767 vos
806 699 985 767 eonstiterit
999 699 1155 783 omisisse,
1172 722 1233 768 no-

90 812 199 877 lumus
213 806 304 901 qnod
311 809 333 898 j
335 808 457 876 ustitia
471 821 583 877 vestra
594 805 708 874 debeat
718 805 955 897 praejudicinm
969 828 1136 896 penerare.

132 916 338 997 Quasr1082.
357 954 402 965 —
420 917 468 982 An
489 914 647 981 terminus
662 936 683 979 a
696 914 775 1002 jare
794 934 955 981 cornessns
974 912 1021 981 od
1031 936 1235 1004 prosequen-

91 1022 168 1089 dam
191 1035 222 1090 et
241 1020 423 1111 finiendam
445 1020 701 1112 appellationem
722 1021 826 1112 possit
845 1043 905 1111 per
917 1018 1068 1111 jndicem
1088 1022 1236 1087 aretari?

91 1168 133 1180 -
146 1132 177 1195 1·
189 1129 208 1196 J
211 1127 296 1195 udex
310 1150 331 1194 a
345 1151 420 1219 quo,
439 1127 522 1195 siout
535 1126 726 1195 abbreviare
742 1134 845 1218 potest
854 1127 1030 1195 terminum
1041 1127 1144 1216 ajuro
1155 1150 1235 1195 con-

92 1258 216 1303 oessum
232 1233 273 1303 ad
287 1233 561 1303 introducendam
577 1232 827 1326 appellationem
845 1236 1006 1324 (utsupra
1020 1233 1144 1301 dictum
1159 1234 1234 1324 est),

93 1344 137 1409 ita
153 1350 185 1409 et
200 1342 378 1409 terminum
393 1340 435 1409 ad
451 1340 599 1411 eamdem
615 1339 874 1432 prosequendam
889 1349 919 1408 et
933 1339 1122 1409 finiendam.

137 1453 170 1516 2⁰
190 1448 228 1518 ld
249 1455 356 1516 autam
380 1448 492 1539 nequit
504 1447 608 1539 judex
629 1446 676 1515 od
687 1470 797 1539 quem,
816 1448 879 1514 nisi
902 1470 944 1515 ex
966 1446 1067 1515 nimia
1081 1446 1237 1516 dilatione

95 1557 250 1625 damnum
273 1554 460 1645 reipublicae
480 1555 532 1623 vel
552 1554 733 1646 perieulum
752 1555 936 1622 animarum
956 1555 1133 1623 immineat.
1155 1554 1237 1637 Qua.

96 1663 159 1731 duo
175 1662 310 1753 probata
328 1661 405 1729 vide
419 1662 506 1752 apud
530 1660 824 1751 Sohmalzgruaber
840 1662 885 1749 (in
901 1662 949 1727 tit.
969 1666 1024 1745 28,
1042 1662 1118 1730 libri
1134 1665 1153 1728 2
1171 1663 1239 1729 De-

97 1778 189 1855 erat,
205 1792 238 1836 n.
259 1770 297 1835 87
315 1777 347 1837 et
361 1767 429 1856 88).

630 2008 716 2099 ax.

101 2191 134 2239 De
148 2188 236 2240 allicio
251 2189 377 2253 judioisa
394 2204 453 2255 qno,
467 2194 492 2241 et
504 2189 601 2253 judicie
615 2190 650 2237 ad
666 2204 749 2255 quam
764 2194 823 2254 poet
833 2191 1012 2256 interpositam
1030 2194 1240 2258 appellationem.

145 2404 288 2485 Quasuo
309 2408 353 2472 1³.
375 2443 420 2457 -
442 2404 583 2474 Gninam
605 2404 822 2496 appellationi
842 2404 965 2496 deferre
984 2406 1096 2476 deleat
1111 2410 1246 2498 judea?
1298 2415 1303 2424 '

104 2550 146 2563 -
169 2516 203 2577 1ο
219 2511 337 2580 Teneai
352 2534 427 2580 eum
452 2511 578 2580 deterre
600 2512 732 2580 cuilibet
752 2512 962 2604 appellationi
977 2538 1017 2583 ea
1024 2515 1125 2606 justa
1145 2540 1244 2587 cansa

105 2619 321 2711 interposita,
352 2627 400 2686 est
423 2618 536 2708 regula
562 2618 738 2707 generalis,
766 2626 869 2704 coru,
894 2630 926 2687 et
946 2621 987 2689 ab
1011 2624 1163 2693 omnibus
1185 2626 1246 2693 ad·

107 2748 217 2793 mrssa.

151 2836 184 2898 2⁰
200 2832 245 2901 Ut
261 2834 359 2923 jnsta
381 2833 541 2901 censenda
561 2833 602 2899 sit
624 2833 808 2924 appellandi
827 2856 941 2919 eausa,
967 2857 1093 2905 nasama
1113 2861 1178 2907 uon
1200 2851 1248 2909 ast

107 2939 176 3029 ejus
193 2941 359 3008 veritatem
376 2941 543 3031 probatam
557 2938 675 3025 luisse3
688 2938 743 3007 sed
756 2940 833 3007 satis
848 2949 896 3008 est
909 2964 1040 3009 causam
1055 2966 1124 3012 esse
1139 2948 1248 3035 talem,

110 3071 164 3115 seu
192 3047 265 3114 talis
287 3046 422 3138 speciei,
447 3069 520 3138 qna
542 3047 571 3114 si
590 3048 676 3137 soret
692 3045 855 3137 probata,
881 3046 1007 3117 deberet
1028 3051 1176 3141 lepitima
1198 3080 1249 3123 re-

108 3155 235 3245 putari,
261 3164 357 3245 prout
378 3154 496 3223 dieitur
512 3155 546 3222 in
569 3154 718 3222 decretali
744 3156 786 3222 llt
808 3153 933 3222 debitus
948 3157 1014 3245 (59,
1036 3157 1075 3226 ele
1094 3161 1250 3252 appell).

156 3267 188 3329 3⁰
217 3289 232 3326 a
258 3261 293 3329 Si
320 3260 432 3352 (judex
455 3260 674 3352 appellationi)
699 3282 764 3328 non
787 3260 925 3348 deferat,
951 3264 1083 3354 quaudo
1105 3288 1144 3333 ex
1164 3267 1252 3358 justa

117 3397 133 3433 a
155 3379 316 3437 causaest
336 3368 541 3459 interposita,
567 3367 734 3458 appellans
755 3366 973 3437 nibilominus
993 3370 1083 3439 adire
1104 3376 1253 3465 superio-

118 3504 133 3541 «
156 3500 238 3563 ram,
256 3484 288 3544 et
306 3499 414 3545 eoram
434 3498 472 3543 ao
492 3474 752 3566 appellationem,
771 3474 905 3567 perinde
920 3500 958 3545 ao
971 3478 999 3543 si
1014 3488 1141 3571 recepta
1155 3494 1249 3569 esset,

119 3610 134 3648 a
157 3584 309 3675 prosequi
329 3590 442 3675 potest.
467 3581 635 3649 Adversus
651 3582 757 3672 ipsum
779 3591 888 3649 autem
906 3583 1050 3673 judicem
1070 3589 1255 3677 proceditur

121 3692 195 3760 aad
218 3712 348 3783 poenam
370 3690 445 3781 juro
468 3696 609 3756 taxatam
638 3716 645 3755 :
675 3712 740 3756 non
771 3698 878 3758 nmen
906 3699 1079 3783 antequam
1101 3694 1194 3763 finita
1214 3696 1256 3764 sit

121 3826 136 3861 a
158 3820 269 3885 eausa3
292 3819 367 3864 nam
382 3797 464 3864 forte
482 3794 648 3887 appellans
667 3818 763 3864 causa
782 3796 885 3883 cadat,
901 3798 993 3865 etsie
1014 3822 1055 3866 ex
1076 3800 1146 3892 ipso
1164 3804 1256 3871 exitu

121 3932 136 3971 a
160 3907 225 3974 litis
254 3904 444 3993 colligetur,
475 3902 618 3994 judicem
646 3902 733 3994 juste
762 3903 969 3995 appellationi
999 3928 1065 3974 non
1091 3907 1255 3979 detulisse.

124 4041 139 4077 a
161 4014 263 4081 Porro
338 4010 412 4102 jure
427 4010 595 4097 canonico,
620 4010 826 4102 appellationi
845 4011 968 4102 (saltem
985 4011 1024 4081 ad
1043 4014 1177 4107 Papam)
1193 4042 1258 4087 non

126 4148 141 4183 a
164 4121 326 4203 deferens,
355 4117 528 4209 deponitur
552 4117 687 4206 (canone
714 4121 848 4186 Decreta
876 4123 933 4206 ll,
962 4143 1068 4188 oausae
1094 4125 1127 4206 2,
1155 4148 1186 4214 q.
1217 4132 1257 4214 6;

128 4256 142 4289 a
163 4228 272 4321 juncta
291 4226 396 4315 glossa
415 4225 516 4293 verbo
531 4223 743 4312 Submotns);
762 4226 811 4292 vel
829 4226 1001 4293 arbitraria
1016 4250 1111 4317 poena
1132 4231 1165 4298 in
1181 4256 1257 4307 eum
