3050 4984
312 514 373 579 stc
690 535 865 583 raimerus
886 536 926 582 nu
947 537 1079 584 runicus.

308 674 375 719 sun
397 654 616 719 damnationis
639 658 673 719 in
696 658 850 739 susceptis
874 659 975 721 ctiam
994 657 1162 721 ordinibus
1175 676 1240 721 non
1253 658 1438 721 ministrem.

311 764 425 855 (Caput
437 762 608 850 ultimum,
626 763 712 832 tituli
730 766 784 851 tt,
800 764 877 833 libri
896 769 910 832 1
930 765 1180 855 Decretalium.)

352 870 492 939 Attentis
505 870 545 938 iis
557 869 686 939 duobus
700 870 928 959 decretalibus,
946 880 1050 963 potest
1061 872 1117 964 jus
1130 881 1204 940 ante
1218 871 1439 940 Tridentinem

309 976 469 1067 synodum
494 977 609 1067 vigens
631 977 676 1045 sic
701 978 813 1068 paucis
836 1001 911 1047 cum
930 978 1092 1048 Leurenio
1114 980 1248 1070 (Forum
1268 979 1390 1060 eccles„
1411 978 1441 1045 in

308 1082 364 1152 lib.
385 1089 399 1151 1
418 1084 559 1170 Decret,
576 1083 692 1176 quaest.
716 1084 791 1176 505)
808 1087 954 1177 exponi:

355 1218 371 1255 ιι
388 1192 513 1275 Primo,
532 1214 645 1261 omnes
659 1192 786 1261 notorie
805 1193 973 1261 criminosi
986 1193 1201 1285 prohihentur
1215 1193 1363 1263 ordinari
1381 1244 1440 1260 .....

311 1326 328 1363 ι
351 1298 420 1367 sive
436 1298 588 1369 delictum
616 1300 657 1367 sit
673 1300 835 1369 notorium
859 1301 1049 1369 notorietate
1064 1300 1140 1369 iacti
1158 1300 1229 1389 (hoc
1242 1308 1290 1368 est
1302 1322 1362 1391 per
1378 1302 1442 1369 evi-

312 1433 328 1471 ι
351 1406 493 1475 dentiam
519 1407 580 1494 rei,
605 1430 680 1500 quae
705 1408 796 1477 nulla
811 1408 1075 1499 tergiversatione
1097 1408 1198 1479 veleri
1222 1410 1356 1500 potest),
1382 1409 1443 1477 sive

311 1540 327 1579 ιι
350 1515 538 1583 notorietate
563 1516 660 1605 juris,
687 1514 749 1583 hoc
778 1525 825 1583 est
854 1515 968 1585 ordine
991 1516 1164 1607 judiciario
1188 1516 1441 1608 comprobatum,

310 1648 327 1686 ι
351 1622 591 1708 sententiatum,
609 1621 660 1689 vel
676 1622 861 1691 confessum
873 1623 908 1691 in
921 1622 1056 1714 judicio.
1073 1649 1090 1689 ιι

355 1756 371 1791 ι
388 1728 547 1811 Secundo,
566 1728 734 1797 criminosi
746 1730 875 1811 occulti,
892 1730 983 1799 verbi
1007 1730 1124 1819 gratia,
1140 1729 1291 1817 adulteri,
1309 1730 1442 1821 perjuri,

310 1862 326 1899 ι
349 1842 445 1903 testes
471 1834 555 1923 falsi,
584 1844 719 1928 possunt
734 1836 770 1904 in
794 1837 951 1928 susceptis
971 1836 1141 1905 ordinibus
1157 1836 1356 1923 ministrare,
1374 1858 1445 1928 per-
1509 1862 1512 1920 ι

310 1968 326 2005 ιι
349 1948 419 2009 acta
436 1941 635 2032 poenitentia,
652 1943 703 2011 vel
718 1951 808 2033 parte
826 1942 930 2029 illius;
945 1942 1045 2035 idque
1058 1943 1186 2012 etiamsi
1199 1943 1326 2012 crimen
1340 1943 1383 2011 sit
1397 1943 1445 2011 di-

309 2073 325 2111 ι
350 2070 452 2138 gnum
473 2048 714 2137 degradatione,
730 2072 787 2117 seu
809 2049 872 2118 tale
890 2049 992 2141 quod,
1008 2051 1036 2117 si
1052 2050 1258 2119 manifestum
1280 2059 1376 2137 esset,
1391 2052 1444 2119 de-

309 2182 325 2218 ιι
349 2154 605 2245 graderentur...
622 2156 841 2248 Excipiuntur
855 2166 964 2225 tamen
979 2158 1041 2225 Rei
1057 2156 1227 2226 homicidii
1241 2156 1301 2225 etsi
1311 2158 1443 2245 occulti,
1514 2163 1515 2172 ’

310 2288 326 2326 ι
350 2260 394 2329 ita
409 2262 503 2329 etiam
519 2271 555 2331 ut
575 2272 647 2354 post
665 2273 827 2354 peractam
842 2263 1066 2356 poenitentiam
1081 2262 1117 2329 in
1130 2260 1301 2331 ordinibus
1315 2284 1446 2353 suscep-

309 2397 325 2433 ι
349 2370 390 2437 tis
407 2370 590 2438 ministrare
604 2378 767 2461 nequeant
782 2372 862 2439 citra
876 2370 1161 2462 dispensationem.
1179 2396 1195 2433 ι

353 2505 368 2540 ι
394 2477 511 2559 Tertio,
531 2486 683 2569 poterunt
698 2500 829 2571 quoque
847 2478 1025 2567 (criminosi
1051 2477 1179 2568 occulti)
1197 2476 1384 2569 promoveri
1405 2477 1443 2545 ad

310 2612 326 2649 ιι
350 2584 479 2651 ordines
493 2584 688 2676 superiores.
704 2584 880 2675 Fagnanus
896 2583 947 2674 (ad
963 2593 1060 2676 caput
1081 2588 1138 2653 Ea
1153 2598 1271 2666 tenore,
1288 2607 1322 2650 n.
1342 2586 1373 2673 t)
1389 2585 1444 2652 di—

309 2718 324 2754 ι
349 2692 391 2758 cit
419 2718 426 2758 z
455 2692 589 2759 Crimen
610 2694 712 2761 etiom
727 2716 869 2774 enorme,
895 2692 924 2760 si
945 2693 988 2760 sit
1014 2693 1189 2773 occultum,
1208 2715 1273 2759 reon
1289 2691 1445 2784 impedire

308 2826 324 2863 ι
349 2798 520 2889 quominus
526 2812 664 2891 peracto
676 2800 874 2891 poenitentia
883 2801 988 2892 possit
1004 2800 1076 2891 quis
1091 2800 1195 2891 officio
1207 2822 1265 2867 suo
1281 2799 1343 2882 uti,
1359 2811 1389 2866 et
1403 2799 1447 2867 od

309 2932 324 2967 ιι
349 2907 493 2997 majores
507 2906 634 2975 ordines
648 2906 826 2976 oscendere.
845 2934 862 2972 s

353 3039 370 3077 ιι
387 3017 523 3097 Quarto,
538 3014 617 3104 quin
631 3014 728 3081 etiam
742 3013 909 3083 criminosi
918 3014 1046 3095 occulti,
1063 3014 1144 3082 dum
1160 3012 1274 3090 volunt
1285 3014 1443 3100 ordinari,

309 3147 325 3185 ι
349 3142 413 3187 non
428 3128 564 3211 possunt
576 3120 617 3187 eb
634 3119 793 3211 Episcopo
810 3120 990 3211 prohiberi.
1008 3114 1210 3209 Barbosa'fin
1223 3129 1319 3210 caput
1331 3122 1387 3188 Ec
1399 3133 1445 3188 tc-

308 3256 324 3293 ι
348 3250 435 3310 nore,
450 3250 483 3294 n.
498 3229 541 3318 1);
557 3227 632 3295 item
646 3227 823 3317 Fagnanus
841 3228 886 3316 (in
896 3228 1029 3295 citatum
1043 3236 1140 3319 ceput
1152 3230 1337 3309 Ectcraore,
1352 3251 1386 3295 n.
1400 3230 1445 3316 8),

308 3361 325 3398 ιι
349 3334 406 3401 ubi
425 3361 432 3401 :
449 3336 550 3415 Nota,
567 3334 780 3425 Episcopum,
798 3333 859 3425 qui
869 3356 930 3425 per
952 3335 1181 3424 confessionem
1201 3334 1380 3417 criminosi,
1398 3334 1450 3401 oei

308 3465 324 3504 ιι
347 3440 431 3507 otios
470 3454 588 3508 extro·
593 3440 818 3530 judicialiter,
858 3441 949 3509 novit
986 3441 1108 3509 crimen
1144 3454 1448 3533 quantumcumque

308 3575 323 3611 ιι
348 3569 488 3627 enorme,
508 3570 572 3615 non
596 3546 648 3616 illi
668 3547 816 3615 obsolute
830 3548 1019 3616 interdicere
1028 3570 1124 3639 posse
1146 3571 1185 3615 ne
1205 3560 1447 3639 promoveatur

306 3681 322 3719 ιι
345 3652 391 3720 od
403 3653 542 3736 ordines,
559 3653 588 3721 si
602 3656 722 3722 crimen
732 3654 775 3721 sit
790 3654 963 3721 occrcitnm.
980 3655 1066 3737 Quin
1081 3656 1150 3722 imo
1165 3652 1256 3722 addit
1269 3654 1448 3743 Fagnauus

307 3788 324 3827 ιι
349 3761 409 3829 hoc
423 3761 530 3828 locum
542 3759 673 3846 habere,
691 3760 819 3828 etiamsi
831 3761 955 3829 crimen
967 3761 1010 3830 sit
1024 3762 1098 3848 tale,
1108 3769 1144 3828 ut
1157 3759 1313 3855 impediat
1322 3760 1449 3829 ordinis
1514 3763 1516 3852 i

306 3895 323 3932 ιι
346 3866 569 3937 executionem
580 3875 651 3957 post
661 3874 823 3957 peractam
836 3867 1069 3959 penitentiam.
1091 3867 1175 3937 Nam
1190 3867 1250 3935 etsi
1262 3866 1448 3935 istiusmodi

307 4003 324 4041 ι
347 3976 482 4045 crimine
496 3974 641 4041 irretitus
663 3996 730 4043 non
745 3964 846 4066 possit
871 3976 942 4044 sine
957 3983 1086 4067 peccato
1101 3974 1282 4043 ministrare
1297 3982 1354 4041 aut
1370 3998 1450 4067 pro—
1514 4013 1516 4034 ι

306 4110 322 4147 ι
348 4081 471 4151 moveri
484 4081 525 4149 ab
541 4080 710 4173 Episcopo,
727 4090 836 4150 temen
853 4081 1018 4173 prohiberi
1029 4104 1094 4149 non
1111 4089 1225 4173 potest,
1242 4102 1319 4148 cnm
1333 4102 1449 4171 pecca-
1514 4087 1516 4146 t

310 4216 327 4257 ι
351 4202 419 4259 turn
436 4188 523 4257 illius
537 4187 579 4255 sit
594 4188 773 4256 occultum.
792 4215 808 4254 e
1514 4277 1515 4284 ἵ

346 4296 486 4367 Extabat
513 4305 637 4385 tamen,
655 4302 775 4392 praeter
797 4305 1008 4369 memoratam
1024 4296 1172 4366 criminis
1186 4293 1366 4396 hcmicidii,
1384 4296 1450 4365 alia
1514 4307 1515 4316 ’
