3050 4984
312 490 372 553 514
683 511 861 556 mtcstms
884 511 921 556 ns
944 511 1078 557 sootcns.

307 630 415 710 nisset,
432 651 640 698 communem
653 644 767 699 entare
788 634 931 722 somam,
950 631 1051 698 etium
1078 629 1170 723 opud
1191 651 1304 719 qrooes
1330 643 1363 698 et
1388 653 1446 698 non

307 737 485 804 malevolos
499 759 669 828 personas,
691 737 817 807 dictum
831 735 996 806 Andriam
1022 737 1057 804 in
1065 738 1169 828 pluro
1185 735 1312 820 delicte,
1333 737 1449 804 timori

307 843 369 910 Dei
377 845 572 935 postposito,
585 844 777 936 prorupisse
801 844 842 934 (si
860 844 992 913 unicum
1012 850 1096 912 esset
1108 843 1260 912 delictum
1277 843 1359 912 illud
1375 846 1450 912 uni-

307 970 382 1018 cum
398 951 539 1042 exprimi
563 949 718 1040 deberet),
734 971 851 1040 nempe
868 977 879 1016 :
908 953 940 1016 1⁰
954 949 1017 1042 ipsi
1025 951 1178 1041 frequens
1200 972 1263 1018 csse
1277 973 1354 1018 oms
1365 973 1452 1040 quo·

307 1055 386 1124 dom
405 1057 555 1148 (emico,
583 1058 716 1126 nomine
741 1059 846 1140 Ledo,
865 1058 1108 1126 matrimoniali
1130 1057 1259 1126 vinculo
1283 1057 1397 1126 soluto
1424 1073 1453 1126 et

302 1177 455 1255 suspecte
468 1165 732 1246 conuersationis,
750 1165 983 1234 commercium
989 1190 1003 1248 ,·
1024 1169 1057 1232 2⁰
1079 1165 1218 1256 scriptas
1233 1165 1275 1232 ud
1298 1165 1453 1256 soscrisse

305 1270 431 1339 litteras
444 1271 627 1339 amatorios
641 1285 672 1339 et
686 1272 723 1339 in
736 1271 959 1340 seductionem
972 1272 1071 1339 nimis
1086 1285 1198 1363 aperte
1213 1271 1394 1354 tendentes,
1412 1273 1456 1340 od
1510 1307 1511 1378 q

301 1376 589 1465 puellomnomiue
604 1375 1091 1468 Bidiouam;qunlitterseprae
1102 1376 1453 1468 manibusqenitorum
1510 1381 1511 1462 ᾗ

304 1481 398 1550 dictae
424 1482 570 1550 Bidione
596 1495 709 1549 cetere
734 1481 911 1564 dicuntnr;
928 1487 961 1550 3ο
977 1505 1085 1550 mertse
1109 1483 1271 1552 decembri
1281 1488 1453 1576 presentis
1510 1529 1511 1592 t

231 1596 234 1604 '
302 1587 490 1668 mucidum
504 1588 538 1655 in
564 1589 692 1656 ecclesio
714 1591 772 1671 N„
791 1588 838 1657 od
851 1589 1015 1680 populum
1029 1589 1215 1658 concionem
1229 1589 1377 1672 dederet,
1397 1615 1453 1660 os·
1510 1605 1511 1686 q

303 1709 429 1763 sertum
449 1697 491 1763 ob
506 1697 575 1786 ipso
591 1695 703 1785 fuisse,
721 1695 807 1765 bono
830 1719 895 1764 non
921 1718 985 1764 csse
1000 1696 1112 1764 omnio
1133 1719 1206 1786 que
1215 1697 1454 1787 posterioribus
1510 1709 1511 1786 ξ

304 1803 429 1871 seculis
444 1803 478 1869 in
488 1825 585 1871 suum
598 1802 808 1893 disciplinam
818 1803 1003 1893 qenerolem
1017 1802 1142 1870 invenit
1153 1804 1298 1871 Ecclesia
1313 1805 1454 1872 cotltoli-

304 1933 355 1990 co,
374 1923 405 1977 et
420 1909 582 1998 optimum
598 1932 760 2002 quemque
775 1910 985 1991 catholicum,
1003 1907 1043 1978 de
1065 1909 1116 1977 liis
1130 1931 1196 1977 non
1213 1909 1374 1992 curando,
1392 1913 1455 1978 niti

304 2015 427 2097 dolrem,
445 2029 483 2083 ut
505 2015 552 2083 od
558 2016 717 2108 priorum
728 2017 924 2084 soeculorum
948 2038 1102 2085 normam
1116 2015 1270 2084 redeatur
1277 2041 1291 2100 ‚·
1307 2020 1342 2084 to
1358 2040 1455 2085 eum-

302 2123 377 2192 dem
393 2121 558 2190 Andreom
566 2145 650 2213 sepe
661 2123 697 2189 in
708 2122 897 2190 ebrietatem
908 2121 1059 2191 incidere.
1076 2121 1199 2190 Idcirco
1209 2123 1321 2191 volens
1327 2127 1454 2216 presso-

304 2244 356 2300 tus
368 2227 560 2298 reverendus
577 2230 723 2297 Vicorius
737 2229 899 2319 pomerolis
911 2229 1015 2320 officio
1027 2252 1085 2296 suo
1100 2230 1297 2320 satisfacere,
1316 2230 1455 2299 decrcmt

301 2350 402 2430 prout
418 2337 512 2427 juris
532 2358 628 2427 super
643 2336 814 2426 predictis
835 2335 1011 2427 inquirere.
1041 2339 1251 2426 Quapropter
1273 2359 1327 2405 me
1347 2338 1454 2428 infro-

303 2446 462 2537 scriptum
477 2443 648 2510 notorium
669 2443 840 2534 publicum
865 2441 912 2510 od
923 2464 1091 2510 camerone
1105 2465 1214 2524 suom,
1232 2443 1290 2511 ubi
1309 2444 1457 2512 tribunal
1510 2443 1511 2522 i

304 2552 407 2619 erexit
421 2551 485 2641 (vel
501 2551 536 2616 in
556 2550 643 2617 atrio
666 2550 819 2642 episcopi,
836 2547 894 2616 ubi
912 2549 1046 2640 judicio
1068 2549 1144 2638 fieri
1156 2549 1287 2637 solent),
1312 2552 1450 2632 vocavit,

304 2671 335 2725 et
360 2659 395 2724 in
418 2656 608 2724 actuorium
627 2654 811 2748 deputavit.
838 2658 918 2724 Acta
945 2668 1023 2723 sunt
1043 2655 1111 2723 liceo
1137 2654 1189 2723 die
1275 2657 1394 2724 meets
1510 2673 1511 2734 t

306 2765 389 2834 anni
456 2802 501 2814 -
513 2765 570 2844 N„
597 2763 742 2831 Vicorius
756 2762 918 2854 qenerolis
926 2761 1049 2852 judee.
1066 2800 1111 2814 ·-
1123 2764 1180 2844 N„
1194 2762 1409 2830 actuarius.»

839 3001 926 3092 sn.

337 3154 573 3220 Fosmulsqusndo
586 3153 724 3218 inquiritur
739 3154 773 3202 ob
796 3153 885 3204 habits
895 3152 1054 3217 judicialiter
1067 3153 1233 3204 vehementis
1255 3153 1365 3218 indicia,
1384 3155 1427 3204 vel
1510 3115 1511 3122 i

693 3242 867 3307 semiplenam
879 3242 1069 3307 probitionem.

356 3425 373 3464 u
387 3398 449 3466 Hic
463 3410 508 3466 est
520 3419 686 3490 processus
701 3395 880 3464 criminalis
956 3397 999 3486 (et
1009 3395 1137 3487 reliqua
1150 3404 1188 3463 ut
1201 3395 1236 3462 in
1257 3396 1457 3485 praecedenti

308 3506 474 3595 formula).
491 3507 576 3575 Cum
590 3507 677 3573 enim
689 3506 723 3572 in
736 3503 857 3571 ultimo
872 3525 933 3570 sua
949 3503 1135 3570 visitatione
1148 3501 1336 3584 ordinario,
1348 3503 1458 3596 inqui-

307 3614 457 3682 sitionem
484 3613 668 3703 qeneralem
697 3609 887 3677 instituisset
916 3607 1200 3688 reverendissimus
1231 3607 1460 3678 Ambionotsts

308 3721 491 3811 Episcopus
505 3720 541 3785 in
563 3717 683 3809 oppido
707 3719 765 3798 N„
792 3715 920 3782 emersit
935 3729 1048 3783 contro
1064 3715 1191 3783 dictum
1214 3713 1385 3784 Andriam
1399 3719 1456 3798 N„

310 3828 479 3895 vehemens
492 3825 665 3905 indicium,
684 3824 727 3892 ob
751 3845 787 3890 eo
812 3822 979 3890 seductam
998 3823 1100 3914 fuisse
1109 3823 1262 3913 puellum
1278 3823 1458 3893 Biiiunom

312 3957 385 4026 que
390 3933 522 4025 prolem
532 3933 693 4023 peperisse
706 3931 850 3998 rioscitur
858 3955 871 4012 ;
882 3953 917 3998 eo
933 3931 1022 4021 quod
1034 3953 1151 4023 nernpe
1163 3943 1272 4000 ectent
1288 3944 1321 3998 et
1344 3933 1393 4003 od
1406 3955 1459 4000 re·

312 4039 579 4110 verendissimum
591 4039 793 4128 Episcopum
806 4037 919 4106 allatu
932 4037 998 4106 sint
1009 4039 1184 4108 contorte
1196 4039 1330 4120 littores,
1348 4040 1395 4108 ud
1410 4063 1458 4108 oo·

315 4147 388 4216 dem
403 4145 533 4215 Andrco
559 4147 618 4227 N„
648 4143 694 4212 ad
716 4142 841 4212 dictam
864 4144 1014 4234 puellum
1039 4144 1180 4214 directe.
1203 4145 1250 4236 tsi
1264 4145 1459 4237 procedunt

314 4274 380 4321 non
397 4254 440 4322 ob
463 4251 595 4343 indicii,
617 4251 673 4320 scd
699 4251 741 4322 ob
766 4251 994 4342 semi-plenam
1019 4251 1245 4342 probationem
1276 4254 1456 4346 ponatur).
