3050 4984
285 455 323 521 12
658 476 836 521 rnscrrrcs
858 476 897 521 aa
918 476 1052 523 runicus.

284 622 302 663 r
324 618 450 686 omnes,
467 598 557 667 nulla
573 598 677 667 aetatis
690 596 744 667 vel
758 620 858 667 sexus
871 597 983 667 habita
1005 596 1144 685 ratione,
1164 595 1260 665 modo
1281 619 1346 665 nou
1366 619 1425 665 ca-

284 731 301 771 s
324 714 416 773 reant
436 728 499 775 usu
522 706 656 774 rationis
677 704 718 773 ad
741 705 998 797 delinquendum
1021 704 1188 797 requisito,
1211 713 1244 771 et
1261 703 1334 795 lege
1358 727 1423 773 non

283 837 300 879 a
324 813 604 905 prohibeantur.»
624 813 939 905 (Scbmnlzgrucber,
962 813 997 881 in
1014 813 1067 881 tit.
1094 816 1125 900 1,
1145 812 1223 881 libri
1243 816 1261 879 s
1281 813 1421 901 Deerat,

278 943 313 989 n.
331 920 399 1012 72.)

326 1032 356 1097 1.
381 1028 601 1097 Prohibentur
620 1029 766 1099 accusari
784 1029 937 1116 infantes,
960 1028 1089 1116 furiosi,
1112 1035 1270 1118 amentes,
1293 1029 1334 1099 tle
1359 1054 1424 1123 quo
1511 1107 1512 1112 1

280 1136 362 1204 ratio
378 1144 596 1229 persepatet.
1307 1194 1311 1199 .

327 1248 358 1313 2.
376 1245 519 1314 Minores
535 1249 576 1313 25
591 1244 686 1312 annis
698 1245 843 1321 accusari
856 1251 1034 1337 nequeunt,
1049 1245 1114 1313 nisi
1132 1244 1209 1315 dato
1223 1245 1271 1314 010
1284 1268 1305 1314 0
1317 1245 1425 1338 judice

281 1359 429 1421 curatore
446 1352 528 1443 (lege
547 1352 688 1421 Clarum
701 1356 735 1440 l,
750 1376 780 1421 c.
798 1351 838 1420 de
852 1352 955 1421 Autlr.
970 1352 1178 1445 praestatum).

327 1463 358 1528 3.
385 1459 541 1527 Accusari
562 1466 730 1551 nequeunt
752 1460 875 1528 mortni
900 1459 983 1551 (lege
1007 1464 1063 1546 20,
1087 1458 1122 1529 ff.
1148 1459 1188 1529 de
1207 1462 1348 1551 Accam),
1363 1460 1427 1530 nisi

280 1567 396 1637 delicto
410 1589 540 1636 annexa
554 1568 597 1635 sit
611 1589 709 1659 poena
722 1566 963 1636 confiscationis
977 1567 1153 1637 bonorum.
1167 1568 1220 1637 Ex
1231 1569 1306 1660 jure
1316 1578 1425 1639 autern

279 1676 428 1745 Romano
439 1682 646 1744 annexuerat
657 1675 834 1767 baecpmna
844 1674 976 1743 crimini
987 1674 1159 1766 haereseos,
1170 1676 1423 1768 repetundarum

279 1790 311 1851 ct
325 1784 415 1851 laesae
428 1782 613 1873 majestatis.

326 1894 358 1958 l.
379 1918 397 1957 c
416 1890 573 1959 Accusari
593 1912 689 1958 nemo
711 1890 906 1979 regulariter
930 1898 1046 1981 potest,
1068 1892 1096 1959 si
1116 1891 1262 1983 elapsum
1283 1892 1325 1958 sit
1344 1900 1426 1961 tem·

282 2023 300 2063 c
322 2020 385 2091 pus
399 2021 464 2089 quo
478 1997 659 2067 actionibus
670 1998 897 2067 criminalibus
911 1998 1145 2090 prescribitur.
1170 1998 1260 2068 Siout
1282 1998 1370 2067 enim
1391 1999 1425 2068 in

284 2106 506 2173 «actionibus
534 2105 697 2192 civilibus,
728 2106 773 2173 ita
802 2113 835 2173 01
859 2106 895 2173 10
916 2106 1023 2174 causis
1051 2105 1275 2179 criminalibus
1300 2114 1425 2175 certum

285 2240 302 2278 a
324 2214 535 2282 constitutum
551 2220 599 2281 est
617 2220 755 2304 tempus,
778 2236 844 2305 quo
865 2213 975 2305 elapso
994 2212 1148 2281 delictum
1169 2214 1370 2302 obliteratur,
1395 2222 1427 2281 01

286 2349 302 2385 «
326 2321 415 2389 nulla
443 2320 584 2413 amplius
611 2320 772 2389 accusatio
805 2320 858 2388 vel
890 2320 1058 2413 inquisitio
1087 2320 1292 2406 admittitur;
1322 2344 1425 2413 usque

284 2454 302 2494 «
325 2428 405 2497 adeo
427 2435 463 2497 ut
483 2428 585 2520 judex
603 2427 704 2518 hujus
722 2428 921 2518 exceptionis
944 2428 1106 2519 (quamvis
1123 2452 1143 2495 a
1161 2449 1216 2497 rao
1237 2450 1303 2495 non
1324 2451 1427 2520 appo-

285 2562 303 2601 0
326 2545 423 2603 natrrr
439 2534 490 2603 vel
504 2535 675 2625 allegetur)
698 2536 857 2603 rationem
871 2534 991 2603 babere
1012 2536 1138 2621 debeat,
1160 2558 1298 2603 comer
1319 2535 1426 2605 officio

284 2670 301 2708 «
324 2667 383 2712 sno
407 2666 466 2735 pro
484 2641 671 2710 defensione
691 2642 751 2711 Rei
773 2642 921 2711 laborare
944 2651 1102 2711 tencatur.
1129 2642 1342 2733 Proceditque
1364 2643 1427 2713 boc

286 2751 450 2820 «etiamsi
475 2772 551 2819 reus
580 2758 653 2843 post
682 2749 962 2841 praescriptionem
985 2751 1141 2842 temporis
1163 2750 1301 2819 fateatur
1325 2753 1427 2821 delic-

284 2884 301 2923 u
324 2866 441 2927 tum.»
471 2858 785 2951 (Scbmalzgruebar‚
808 2859 844 2924 in
867 2857 916 2924 tit.
943 2861 975 2944 1,
997 2857 1072 2925 libri
1098 2863 1116 2923 5
1139 2858 1280 2946 Decret,
1298 2882 1333 2926 n.
1356 2863 1423 2945 77.)

280 2967 410 3047 Quanto
438 2974 545 3035 autem
572 2972 715 3057 tempore
738 2987 821 3057 opus
851 2964 892 3033 sit
918 2964 960 3032 ad
989 2964 1280 3056 praescribendum,
1307 2965 1426 3034 dicitur

280 3076 377 3143 inira.

329 3188 358 3249 5.
376 3182 531 3251 Accusari
546 3180 744 3271 repulerim
759 3202 855 3248 nemo
868 3186 973 3272 polest
994 3179 1034 3248 de
1056 3178 1193 3247 crimine
1214 3180 1255 3248 de
1277 3204 1343 3272 quo
1364 3182 1428 3249 luit

282 3288 382 3357 semel
397 3288 564 3357 absolutus
584 3315 591 3356 :
607 3294 731 3355 constat
746 3288 849 3379 capite
865 3285 978 3356 deliis
994 3288 1039 3379 (6,
1055 3286 1094 3355 dc
1113 3286 1254 3378 Accus.);
1272 3288 1362 3356 etita
1377 3298 1428 3356 10-

283 3404 362 3464 0001
387 3395 533 3465 doctores
562 3394 790 3483 communiter,
814 3394 857 3463 ob
879 3403 989 3463 textus
1009 3394 1094 3487 juris
1115 3403 1148 3463 01
1169 3395 1324 3482 rationes,
1345 3418 1426 3487 quas

284 3505 359 3573 vide
377 3503 463 3595 apud
485 3502 775 3592 Schmalzgrueber
797 3502 844 3594 (iu
863 3504 911 3571 tit.
938 3506 970 3589 1,
991 3501 1070 3571 libri
1093 3502 1271 3588 51100001,
1295 3524 1329 3569 u.
1357 3503 1424 3591 93).

286 3610 438 3679 Diximus
452 3617 561 3677 autem
576 3610 793 3700 sepulcralem·
808 3610 885 3701 quia
899 3610 1015 3699 regula
1027 3610 1099 3677 heac
1114 3609 1275 3699 generalis
1286 3609 1428 3677 nonnul-

281 3718 330 3785 las
344 3716 549 3809 exceptiones
562 3716 697 3807 patitur.
715 3716 825 3784 Potest
840 3738 956 3809 nempe
969 3715 1097 3809 quiade
1112 3716 1224 3784 001100]
1239 3716 1374 3785 crimine
1388 3714 1429 3782 dc

285 3846 351 3916 quo
365 3825 427 3892 luit
441 3823 609 3892 absolutus
622 3824 741 3891 iterum
758 3825 901 3893 accusari
920 3850 928 3891 :

330 3932 455 4013 Primo,
473 3932 499 3999 si
516 3930 556 3998 de
571 3932 707 3999 crimine
721 3930 859 3999 civiliter
873 3937 999 3999 tanturn
1023 3938 1055 3998 01
1074 3930 1117 3999 ad
1139 3930 1303 4021 privatum
1323 3929 1431 3997 inter-

285 4062 354 4109 esse
369 4038 461 4130 prius
474 4046 520 4106 est
535 4046 661 4117 actum;

332 4144 493 4225 Secundo,
511 4146 551 4232 si,
568 4166 643 4213 cum
658 4143 869 4214 criminaliter
882 4153 1046 4235 ageretur,
1059 4167 1135 4215 reus
1145 4143 1312 4214 absolutus
1323 4143 1430 4212 solum

289 4262 337 4321 001
351 4274 408 4345 per
424 4250 511 4322 mam
525 4250 743 4345 exceptionis;
761 4251 892 4344 0000110
906 4274 1022 4343 nempe
1035 4274 1111 4344 pars
1124 4251 1261 4321 adversa
1275 4250 1305 4319 ei
1327 4272 1434 4343 oppo-
