<?xml version="1.0" encoding="UTF-8"?>
<!DOCTYPE html PUBLIC "-//W3C//DTD XHTML 1.0 Transitional//EN"
    "http://www.w3.org/TR/xhtml1/DTD/xhtml1-transitional.dtd">
<html xmlns="http://www.w3.org/1999/xhtml" xml:lang="en" lang="en">
 <head>
  <title>
</title>
<meta http-equiv="Content-Type" content="text/html;charset=utf-8" />
  <meta name='ocr-system' content='tesseract 3.04.00' />
  <meta name='ocr-capabilities' content='ocr_page ocr_carea ocr_par ocr_line ocrx_word'/>
</head>
<body>
  <div class='ocr_page' id='page_1' title='image "./tractatusdejudi00goog_0450.png"; bbox 0 0 3050 4984; ppageno 0'>
   <div class='ocr_carea' id='block_1_1' title="bbox 302 474 1065 543">
    <p class='ocr_par' dir='ltr' id='par_1_1' title="bbox 302 474 1065 543">
     <span class='ocr_line' id='line_1_1' title="bbox 302 474 1065 543; baseline 0.001 -3"><span class='ocrx_word' id='word_1_1' title='bbox 302 474 365 541; x_wconf 76' lang='lat' dir='ltr'>tta</span> <span class='ocrx_word' id='word_1_2' title='bbox 674 494 849 541; x_wconf 77' lang='lat' dir='ltr'>rnncrsrns</span> <span class='ocrx_word' id='word_1_3' title='bbox 872 496 910 543; x_wconf 86' lang='lat' dir='ltr'>on</span> <span class='ocrx_word' id='word_1_4' title='bbox 932 494 1065 543; x_wconf 78' lang='lat' dir='ltr'>currens.</span> 
     </span>
    </p>
   </div>
   <div class='ocr_carea' id='block_1_2' title="bbox 296 615 1515 4351">
    <p class='ocr_par' dir='ltr' id='par_1_2' title="bbox 301 615 1515 2959">
     <span class='ocr_line' id='line_1_2' title="bbox 304 615 1449 711; baseline 0.006 -32"><span class='ocrx_word' id='word_1_5' title='bbox 304 642 322 680; x_wconf 82' lang='lat' dir='ltr'>u</span> <span class='ocrx_word' id='word_1_6' title='bbox 346 615 447 684; x_wconf 90' lang='lat' dir='ltr'>monii</span> <span class='ocrx_word' id='word_1_7' title='bbox 467 616 609 685; x_wconf 88' lang='lat' dir='ltr'>nnllitas.</span> <span class='ocrx_word' id='word_1_8' title='bbox 636 615 787 711; x_wconf 83' lang='lat' dir='ltr'>Exempli</span> <span class='ocrx_word' id='word_1_9' title='bbox 809 618 929 709; x_wconf 78' lang='lat' dir='ltr'>gratia,</span> <span class='ocrx_word' id='word_1_10' title='bbox 954 618 996 687; x_wconf 88' lang='lat' dir='ltr'>N.</span> <span class='ocrx_word' id='word_1_11' title='bbox 1025 616 1197 709; x_wconf 80' lang='lat' dir='ltr'>religiosus</span> <span class='ocrx_word' id='word_1_12' title='bbox 1221 616 1392 708; x_wconf 80' lang='lat' dir='ltr'>protessus</span> <span class='ocrx_word' id='word_1_13' title='bbox 1415 622 1449 686; x_wconf 87' lang='lat' dir='ltr'>et</span> 
     </span>
     <span class='ocr_line' id='line_1_3' title="bbox 303 723 1448 817; baseline 0.003 -28"><span class='ocrx_word' id='word_1_14' title='bbox 303 750 321 789; x_wconf 81' lang='lat' dir='ltr'>c</span> <span class='ocrx_word' id='word_1_15' title='bbox 343 723 577 812; x_wconf 77' lang='lat' dir='ltr'>subdiaconus,</span> <span class='ocrx_word' id='word_1_16' title='bbox 601 724 735 795; x_wconf 89' lang='lat' dir='ltr'>dimisso</span> <span class='ocrx_word' id='word_1_17' title='bbox 755 725 870 797; x_wconf 91' lang='lat' dir='ltr'>habitu</span> <span class='ocrx_word' id='word_1_18' title='bbox 889 735 921 796; x_wconf 90' lang='lat' dir='ltr'>et</span> <span class='ocrx_word' id='word_1_19' title='bbox 941 726 1096 795; x_wconf 91' lang='lat' dir='ltr'>ementito</span> <span class='ocrx_word' id='word_1_20' title='bbox 1116 726 1265 815; x_wconf 88' lang='lat' dir='ltr'>nomine,</span> <span class='ocrx_word' id='word_1_21' title='bbox 1288 726 1448 817; x_wconf 84' lang='lat' dir='ltr'>pluribus</span> 
     </span>
     <span class='ocr_line' id='line_1_4' title="bbox 304 831 1449 926; baseline 0.004 -30"><span class='ocrx_word' id='word_1_22' title='bbox 304 858 321 896; x_wconf 81' lang='lat' dir='ltr'>u</span> <span class='ocrx_word' id='word_1_23' title='bbox 342 831 460 901; x_wconf 91' lang='lat' dir='ltr'>abhinc</span> <span class='ocrx_word' id='word_1_24' title='bbox 476 833 584 919; x_wconf 88' lang='lat' dir='ltr'>annis,</span> <span class='ocrx_word' id='word_1_25' title='bbox 604 856 646 903; x_wconf 87' lang='lat' dir='ltr'>ex</span> <span class='ocrx_word' id='word_1_26' title='bbox 665 834 837 903; x_wconf 83' lang='lat' dir='ltr'>Mariccus</span> <span class='ocrx_word' id='word_1_27' title='bbox 855 834 1022 926; x_wconf 89' lang='lat' dir='ltr'>provincia</span> <span class='ocrx_word' id='word_1_28' title='bbox 1041 834 1105 902; x_wconf 90' lang='lat' dir='ltr'>bne</span> <span class='ocrx_word' id='word_1_29' title='bbox 1124 832 1268 919; x_wconf 85' lang='lat' dir='ltr'>advenit,</span> <span class='ocrx_word' id='word_1_30' title='bbox 1289 833 1449 925; x_wconf 87' lang='lat' dir='ltr'>publice-</span> 
     </span>
     <span class='ocr_line' id='line_1_5' title="bbox 301 940 1448 1031; baseline 0.002 -26"><span class='ocrx_word' id='word_1_31' title='bbox 301 965 319 1005; x_wconf 77' lang='grc' dir='ltr'><strong>α</strong></span> <span class='ocrx_word' id='word_1_32' title='bbox 341 962 404 1031; x_wconf 86' lang='lat' dir='ltr'>que</span> <span class='ocrx_word' id='word_1_33' title='bbox 428 940 670 1011; x_wconf 80' lang='lat' dir='ltr'>matrimonium</span> <span class='ocrx_word' id='word_1_34' title='bbox 693 942 867 1011; x_wconf 85' lang='lat' dir='ltr'>contraxit.</span> <span class='ocrx_word' id='word_1_35' title='bbox 892 942 988 1011; x_wconf 83' lang='lat' dir='ltr'>Facta</span> <span class='ocrx_word' id='word_1_36' title='bbox 1009 940 1090 1009; x_wconf 88' lang='lat' dir='ltr'>mihi</span> <span class='ocrx_word' id='word_1_37' title='bbox 1110 940 1273 1011; x_wconf 76' lang='lat' dir='ltr'>diooesim</span> <span class='ocrx_word' id='word_1_38' title='bbox 1290 941 1448 1031; x_wconf 76' lang='lat' dir='ltr'>ingreaso</span> 
     </span>
     <span class='ocr_line' id='line_1_6' title="bbox 301 1046 1449 1140; baseline 0.002 -27"><span class='ocrx_word' id='word_1_39' title='bbox 301 1072 319 1111; x_wconf 82' lang='lat' dir='ltr'>u</span> <span class='ocrx_word' id='word_1_40' title='bbox 342 1046 595 1134; x_wconf 76' lang='lat' dir='ltr'>denuntiatione,</span> <span class='ocrx_word' id='word_1_41' title='bbox 617 1050 729 1117; x_wconf 90' lang='lat' dir='ltr'>omnia</span> <span class='ocrx_word' id='word_1_42' title='bbox 743 1049 899 1139; x_wconf 73' lang='lat' dir='ltr'>patefacta</span> <span class='ocrx_word' id='word_1_43' title='bbox 919 1057 1008 1135; x_wconf 90' lang='lat' dir='ltr'>sunt,</span> <span class='ocrx_word' id='word_1_44' title='bbox 1029 1048 1149 1117; x_wconf 89' lang='lat' dir='ltr'>nedum</span> <span class='ocrx_word' id='word_1_45' title='bbox 1169 1049 1271 1140; x_wconf 90' lang='lat' dir='ltr'>ipsius</span> <span class='ocrx_word' id='word_1_46' title='bbox 1291 1048 1339 1115; x_wconf 89' lang='lat' dir='ltr'>rei</span> <span class='ocrx_word' id='word_1_47' title='bbox 1361 1070 1449 1116; x_wconf 89' lang='lat' dir='ltr'>con-</span> 
     </span>
     <span class='ocr_line' id='line_1_7' title="bbox 302 1153 1449 1248; baseline 0.003 -28"><span class='ocrx_word' id='word_1_48' title='bbox 302 1180 319 1219; x_wconf 80' lang='lat' dir='ltr'>c</span> <span class='ocrx_word' id='word_1_49' title='bbox 342 1153 496 1241; x_wconf 78' lang='lat' dir='ltr'>fassione,</span> <span class='ocrx_word' id='word_1_50' title='bbox 522 1155 652 1226; x_wconf 88' lang='lat' dir='ltr'>testium</span> <span class='ocrx_word' id='word_1_51' title='bbox 675 1155 947 1248; x_wconf 72' lang='lat' dir='ltr'>depositionibus,</span> <span class='ocrx_word' id='word_1_52' title='bbox 972 1156 1127 1225; x_wconf 86' lang='lat' dir='ltr'>attestatis</span> <span class='ocrx_word' id='word_1_53' title='bbox 1147 1154 1292 1224; x_wconf 88' lang='lat' dir='ltr'>indubiis</span> <span class='ocrx_word' id='word_1_54' title='bbox 1315 1154 1449 1247; x_wconf 85' lang='lat' dir='ltr'>proles-</span> 
     </span>
     <span class='ocr_line' id='line_1_8' title="bbox 303 1261 1449 1354; baseline 0.004 -29"><span class='ocrx_word' id='word_1_55' title='bbox 303 1286 320 1325; x_wconf 72' lang='grc' dir='ltr'>ι(</span> <span class='ocrx_word' id='word_1_56' title='bbox 342 1262 442 1331; x_wconf 88' lang='lat' dir='ltr'>sionis</span> <span class='ocrx_word' id='word_1_57' title='bbox 455 1261 609 1331; x_wconf 89' lang='lat' dir='ltr'>solemnis</span> <span class='ocrx_word' id='word_1_58' title='bbox 622 1271 656 1331; x_wconf 86' lang='lat' dir='ltr'>et</span> <span class='ocrx_word' id='word_1_59' title='bbox 669 1263 806 1349; x_wconf 87' lang='lat' dir='ltr'>ordinis,</span> <span class='ocrx_word' id='word_1_60' title='bbox 828 1285 943 1332; x_wconf 88' lang='lat' dir='ltr'>verum</span> <span class='ocrx_word' id='word_1_61' title='bbox 964 1270 995 1331; x_wconf 88' lang='lat' dir='ltr'>et</span> <span class='ocrx_word' id='word_1_62' title='bbox 1011 1262 1175 1332; x_wconf 87' lang='lat' dir='ltr'>identitate</span> <span class='ocrx_word' id='word_1_63' title='bbox 1193 1282 1341 1354; x_wconf 75' lang='lat' dir='ltr'>persona</span> <span class='ocrx_word' id='word_1_64' title='bbox 1358 1264 1449 1331; x_wconf 86' lang='lat' dir='ltr'>reli-</span> 
     </span>
     <span class='ocr_line' id='line_1_9' title="bbox 302 1369 1449 1463; baseline 0.005 -30"><span class='ocrx_word' id='word_1_65' title='bbox 302 1393 319 1433; x_wconf 86' lang='lat' dir='ltr'>u</span> <span class='ocrx_word' id='word_1_66' title='bbox 342 1369 426 1459; x_wconf 84' lang='lat' dir='ltr'>giosi</span> <span class='ocrx_word' id='word_1_67' title='bbox 444 1370 611 1440; x_wconf 88' lang='lat' dir='ltr'>insinuati.</span> <span class='ocrx_word' id='word_1_68' title='bbox 638 1372 724 1463; x_wconf 78' lang='lat' dir='ltr'>(Atto</span> <span class='ocrx_word' id='word_1_69' title='bbox 743 1370 909 1463; x_wconf 81' lang='lat' dir='ltr'>ejusmodi</span> <span class='ocrx_word' id='word_1_70' title='bbox 932 1371 1082 1463; x_wconf 77' lang='lat' dir='ltr'>exemplu</span> <span class='ocrx_word' id='word_1_71' title='bbox 1101 1370 1259 1439; x_wconf 82' lang='lat' dir='ltr'>subnectit</span> <span class='ocrx_word' id='word_1_72' title='bbox 1282 1370 1449 1439; x_wconf 68' lang='lat' dir='ltr'>laudam</span> 
     </span>
     <span class='ocr_line' id='line_1_10' title="bbox 302 1477 1448 1571; baseline 0.003 -29"><span class='ocrx_word' id='word_1_73' title='bbox 302 1502 319 1541; x_wconf 89' lang='lat' dir='ltr'>u</span> <span class='ocrx_word' id='word_1_74' title='bbox 342 1478 484 1546; x_wconf 81' lang='lat' dir='ltr'>Antiates</span> <span class='ocrx_word' id='word_1_75' title='bbox 490 1503 504 1562; x_wconf 89' lang='lat'><em>;</em></span> <span class='ocrx_word' id='word_1_76' title='bbox 521 1490 593 1547; x_wconf 90' lang='lat' dir='ltr'>tum</span> <span class='ocrx_word' id='word_1_77' title='bbox 608 1480 669 1547; x_wconf 81' lang='lat' dir='ltr'>boc</span> <span class='ocrx_word' id='word_1_78' title='bbox 683 1479 781 1547; x_wconf 83' lang='lat' dir='ltr'>modo</span> <span class='ocrx_word' id='word_1_79' title='bbox 791 1478 1016 1571; x_wconf 77' lang='lat' dir='ltr'>prosequitur)</span> <span class='ocrx_word' id='word_1_80' title='bbox 1035 1504 1042 1545; x_wconf 92' lang='lat'>:</span> <span class='ocrx_word' id='word_1_81' title='bbox 1061 1504 1077 1543; x_wconf 84' lang='lat' dir='ltr'>c</span> <span class='ocrx_word' id='word_1_82' title='bbox 1091 1478 1163 1549; x_wconf 84' lang='lat' dir='ltr'>tam</span> <span class='ocrx_word' id='word_1_83' title='bbox 1179 1478 1207 1545; x_wconf 88' lang='lat' dir='ltr'>si</span> <span class='ocrx_word' id='word_1_84' title='bbox 1219 1477 1253 1545; x_wconf 88' lang='lat' dir='ltr'>in</span> <span class='ocrx_word' id='word_1_85' title='bbox 1267 1477 1308 1546; x_wconf 92' lang='lat' dir='ltr'>iis</span> <span class='ocrx_word' id='word_1_86' title='bbox 1324 1486 1384 1547; x_wconf 90' lang='lat' dir='ltr'>ant</span> <span class='ocrx_word' id='word_1_87' title='bbox 1400 1478 1448 1545; x_wconf 88' lang='lat' dir='ltr'>si-</span> 
     </span>
     <span class='ocr_line' id='line_1_11' title="bbox 301 1583 1448 1675; baseline 0.001 -25"><span class='ocrx_word' id='word_1_88' title='bbox 301 1608 319 1649; x_wconf 79' lang='lat'><strong>«</strong></span> <span class='ocrx_word' id='word_1_89' title='bbox 342 1583 474 1652; x_wconf 91' lang='lat' dir='ltr'>milibus</span> <span class='ocrx_word' id='word_1_90' title='bbox 488 1585 616 1654; x_wconf 89' lang='lat' dir='ltr'>casibus</span> <span class='ocrx_word' id='word_1_91' title='bbox 629 1586 739 1655; x_wconf 91' lang='lat' dir='ltr'>omnia</span> <span class='ocrx_word' id='word_1_92' title='bbox 752 1585 955 1654; x_wconf 78' lang='lat' dir='ltr'>adamussim</span> <span class='ocrx_word' id='word_1_93' title='bbox 971 1594 1192 1670; x_wconf 83' lang='lat' dir='ltr'>servarentur,</span> <span class='ocrx_word' id='word_1_94' title='bbox 1210 1606 1285 1675; x_wconf 80' lang='lat' dir='ltr'>qnae</span> <span class='ocrx_word' id='word_1_95' title='bbox 1300 1606 1320 1653; x_wconf 94' lang='lat' dir='ltr'>a</span> <span class='ocrx_word' id='word_1_96' title='bbox 1333 1584 1448 1653; x_wconf 84' lang='lat' dir='ltr'>Bene-</span> 
     </span>
     <span class='ocr_line' id='line_1_12' title="bbox 301 1690 1449 1783; baseline 0.002 -27"><span class='ocrx_word' id='word_1_97' title='bbox 301 1717 318 1755; x_wconf 86' lang='lat' dir='ltr'>u</span> <span class='ocrx_word' id='word_1_98' title='bbox 341 1691 427 1759; x_wconf 91' lang='lat' dir='ltr'>dicto</span> <span class='ocrx_word' id='word_1_99' title='bbox 441 1690 520 1761; x_wconf 87' lang='lat' dir='ltr'>XIV</span> <span class='ocrx_word' id='word_1_100' title='bbox 536 1692 808 1783; x_wconf 78' lang='lat' dir='ltr'>praescribuntur,</span> <span class='ocrx_word' id='word_1_101' title='bbox 825 1714 892 1759; x_wconf 81' lang='lat' dir='ltr'>riou</span> <span class='ocrx_word' id='word_1_102' title='bbox 914 1691 1089 1759; x_wconf 88' lang='lat' dir='ltr'>minimum</span> <span class='ocrx_word' id='word_1_103' title='bbox 1108 1690 1246 1783; x_wconf 75' lang='lat' dir='ltr'>publicas</span> <span class='ocrx_word' id='word_1_104' title='bbox 1264 1690 1398 1760; x_wconf 85' lang='lat' dir='ltr'>utilitati</span> <span class='ocrx_word' id='word_1_105' title='bbox 1414 1700 1449 1760; x_wconf 85' lang='lat' dir='ltr'>et</span> 
     </span>
     <span class='ocr_line' id='line_1_13' title="bbox 302 1796 1449 1890; baseline 0.003 -28"><span class='ocrx_word' id='word_1_106' title='bbox 302 1824 319 1862; x_wconf 76' lang='lat' dir='ltr'>a</span> <span class='ocrx_word' id='word_1_107' title='bbox 341 1797 437 1866; x_wconf 86' lang='lat' dir='ltr'>saluti</span> <span class='ocrx_word' id='word_1_108' title='bbox 445 1796 773 1866; x_wconf 84' lang='lat' dir='ltr'>fideliumsfferretur</span> <span class='ocrx_word' id='word_1_109' title='bbox 782 1798 1029 1883; x_wconf 81' lang='lat' dir='ltr'>detrimentum3</span> <span class='ocrx_word' id='word_1_110' title='bbox 1044 1798 1208 1890; x_wconf 70' lang='lat' dir='ltr'>precipue</span> <span class='ocrx_word' id='word_1_111' title='bbox 1217 1796 1449 1867; x_wconf 78' lang='lat' dir='ltr'>obdilationcs</span> 
     </span>
     <span class='ocr_line' id='line_1_14' title="bbox 302 1903 1445 1994; baseline 0.003 -24"><span class='ocrx_word' id='word_1_112' title='bbox 302 1930 319 1970; x_wconf 82' lang='lat' dir='ltr'>u</span> <span class='ocrx_word' id='word_1_113' title='bbox 342 1903 377 1971; x_wconf 91' lang='lat' dir='ltr'>in</span> <span class='ocrx_word' id='word_1_114' title='bbox 403 1904 525 1994; x_wconf 89' lang='lat' dir='ltr'>prima,</span> <span class='ocrx_word' id='word_1_115' title='bbox 550 1904 710 1991; x_wconf 69' lang='lat' dir='ltr'>necoda,</span> <span class='ocrx_word' id='word_1_116' title='bbox 737 1906 911 1973; x_wconf 87' lang='lat' dir='ltr'>autetiam</span> <span class='ocrx_word' id='word_1_117' title='bbox 938 1904 1031 1973; x_wconf 89' lang='lat' dir='ltr'>tertia</span> <span class='ocrx_word' id='word_1_118' title='bbox 1055 1905 1207 1974; x_wconf 89' lang='lat' dir='ltr'>instantia</span> <span class='ocrx_word' id='word_1_119' title='bbox 1228 1907 1445 1983; x_wconf 61' lang='lat' dir='ltr'>necessariam</span> 
     </span>
     <span class='ocr_line' id='line_1_15' title="bbox 301 2010 1448 2103; baseline 0.001 -27"><span class='ocrx_word' id='word_1_120' title='bbox 301 2036 319 2075; x_wconf 75' lang='grc' dir='ltr'>ι(</span> <span class='ocrx_word' id='word_1_121' title='bbox 341 2032 422 2101; x_wconf 88' lang='lat' dir='ltr'>quas</span> <span class='ocrx_word' id='word_1_122' title='bbox 433 2018 540 2101; x_wconf 89' lang='lat' dir='ltr'>partes</span> <span class='ocrx_word' id='word_1_123' title='bbox 554 2012 599 2079; x_wconf 93' lang='lat' dir='ltr'>ita</span> <span class='ocrx_word' id='word_1_124' title='bbox 613 2011 726 2103; x_wconf 90' lang='lat' dir='ltr'>inique</span> <span class='ocrx_word' id='word_1_125' title='bbox 742 2012 863 2098; x_wconf 87' lang='lat' dir='ltr'>terunt,</span> <span class='ocrx_word' id='word_1_126' title='bbox 881 2018 917 2079; x_wconf 93' lang='lat' dir='ltr'>ut</span> <span class='ocrx_word' id='word_1_127' title='bbox 932 2011 1067 2103; x_wconf 88' lang='lat' dir='ltr'>insuper</span> <span class='ocrx_word' id='word_1_128' title='bbox 1081 2010 1191 2079; x_wconf 89' lang='lat' dir='ltr'>habito</span> <span class='ocrx_word' id='word_1_129' title='bbox 1201 2010 1325 2103; x_wconf 87' lang='lat' dir='ltr'>jndicio</span> <span class='ocrx_word' id='word_1_130' title='bbox 1340 2011 1448 2080; x_wconf 87' lang='lat' dir='ltr'>nulli-</span> 
     </span>
     <span class='ocr_line' id='line_1_16' title="bbox 302 2116 1450 2208; baseline 0.002 -25"><span class='ocrx_word' id='word_1_131' title='bbox 302 2144 319 2183; x_wconf 72' lang='grc' dir='ltr'>α</span> <span class='ocrx_word' id='word_1_132' title='bbox 343 2118 430 2203; x_wconf 89' lang='lat' dir='ltr'>tatis,</span> <span class='ocrx_word' id='word_1_133' title='bbox 445 2140 511 2187; x_wconf 92' lang='lat' dir='ltr'>non</span> <span class='ocrx_word' id='word_1_134' title='bbox 526 2118 776 2187; x_wconf 89' lang='lat' dir='ltr'>matrimonium</span> <span class='ocrx_word' id='word_1_135' title='bbox 793 2117 882 2185; x_wconf 86' lang='lat' dir='ltr'>aliud</span> <span class='ocrx_word' id='word_1_136' title='bbox 897 2116 1086 2185; x_wconf 89' lang='lat' dir='ltr'>contrahere</span> <span class='ocrx_word' id='word_1_137' title='bbox 1101 2124 1260 2205; x_wconf 77' lang='lat' dir='ltr'>satagant,</span> <span class='ocrx_word' id='word_1_138' title='bbox 1278 2116 1334 2183; x_wconf 87' lang='lat' dir='ltr'>scd</span> <span class='ocrx_word' id='word_1_139' title='bbox 1344 2128 1450 2208; x_wconf 90' lang='lat' dir='ltr'>prout</span> 
     </span>
     <span class='ocr_line' id='line_1_17' title="bbox 301 2224 1449 2294; baseline 0.002 -3"><span class='ocrx_word' id='word_1_140' title='bbox 301 2251 319 2291; x_wconf 86' lang='lat' dir='ltr'>u</span> <span class='ocrx_word' id='word_1_141' title='bbox 341 2225 471 2293; x_wconf 85' lang='lat' dir='ltr'>libuerit</span> <span class='ocrx_word' id='word_1_142' title='bbox 485 2226 738 2294; x_wconf 81' lang='lat' dir='ltr'>incontinentem</span> <span class='ocrx_word' id='word_1_143' title='bbox 751 2226 853 2294; x_wconf 86' lang='lat' dir='ltr'>vitam</span> <span class='ocrx_word' id='word_1_144' title='bbox 870 2224 998 2293; x_wconf 86' lang='lat' dir='ltr'>ducere.</span> <span class='ocrx_word' id='word_1_145' title='bbox 1014 2224 1096 2293; x_wconf 90' lang='lat' dir='ltr'>Cum</span> <span class='ocrx_word' id='word_1_146' title='bbox 1110 2224 1200 2292; x_wconf 75' lang='lat' dir='ltr'>nialla</span> <span class='ocrx_word' id='word_1_147' title='bbox 1213 2224 1255 2291; x_wconf 88' lang='lat' dir='ltr'>sit</span> <span class='ocrx_word' id='word_1_148' title='bbox 1271 2225 1351 2291; x_wconf 90' lang='lat' dir='ltr'>tanti</span> <span class='ocrx_word' id='word_1_149' title='bbox 1363 2225 1449 2293; x_wconf 89' lang='lat' dir='ltr'>mali</span> 
     </span>
     <span class='ocr_line' id='line_1_18' title="bbox 303 2330 1515 2424; baseline -0.003 -25"><span class='ocrx_word' id='word_1_150' title='bbox 303 2358 320 2399; x_wconf 84' lang='lat' dir='ltr'>n</span> <span class='ocrx_word' id='word_1_151' title='bbox 341 2354 414 2423; x_wconf 85' lang='lat' dir='ltr'>spes</span> <span class='ocrx_word' id='word_1_152' title='bbox 434 2332 614 2417; x_wconf 85' lang='lat' dir='ltr'>avertendi,</span> <span class='ocrx_word' id='word_1_153' title='bbox 635 2332 764 2424; x_wconf 89' lang='lat' dir='ltr'>postulo</span> <span class='ocrx_word' id='word_1_154' title='bbox 779 2332 887 2423; x_wconf 87' lang='lat' dir='ltr'>itaque</span> <span class='ocrx_word' id='word_1_155' title='bbox 903 2355 922 2400; x_wconf 89' lang='lat' dir='ltr'>a</span> <span class='ocrx_word' id='word_1_156' title='bbox 938 2332 1037 2399; x_wconf 87' lang='lat' dir='ltr'>Sacra</span> <span class='ocrx_word' id='word_1_157' title='bbox 1049 2332 1307 2421; x_wconf 81' lang='lat' dir='ltr'>Congregatione</span> <span class='ocrx_word' id='word_1_158' title='bbox 1328 2330 1448 2400; x_wconf 87' lang='lat' dir='ltr'>decla·</span> <span class='ocrx_word' id='word_1_159' title='bbox 1514 2350 1515 2395; x_wconf 67' lang='lat'>3</span> 
     </span>
     <span class='ocr_line' id='line_1_19' title="bbox 301 2436 1447 2531; baseline 0.003 -28"><span class='ocrx_word' id='word_1_160' title='bbox 301 2466 318 2503; x_wconf 81' lang='lat' dir='ltr'>u</span> <span class='ocrx_word' id='word_1_161' title='bbox 342 2438 422 2525; x_wconf 89' lang='lat' dir='ltr'>rari,</span> <span class='ocrx_word' id='word_1_162' title='bbox 448 2439 640 2531; x_wconf 76' lang='lat' dir='ltr'>praedictam</span> <span class='ocrx_word' id='word_1_163' title='bbox 662 2438 923 2507; x_wconf 88' lang='lat' dir='ltr'>constitutionem</span> <span class='ocrx_word' id='word_1_164' title='bbox 947 2438 1114 2507; x_wconf 81' lang='lat' dir='ltr'>Benedicti</span> <span class='ocrx_word' id='word_1_165' title='bbox 1138 2436 1217 2507; x_wconf 82' lang='lat' dir='ltr'>XIV</span> <span class='ocrx_word' id='word_1_166' title='bbox 1241 2438 1350 2507; x_wconf 89' lang='lat' dir='ltr'>locum</span> <span class='ocrx_word' id='word_1_167' title='bbox 1377 2462 1447 2507; x_wconf 92' lang='lat' dir='ltr'>non</span> 
     </span>
     <span class='ocr_line' id='line_1_20' title="bbox 301 2545 1447 2633; baseline 0.004 -22"><span class='ocrx_word' id='word_1_168' title='bbox 301 2574 318 2611; x_wconf 83' lang='lat' dir='ltr'>c</span> <span class='ocrx_word' id='word_1_169' title='bbox 342 2547 460 2615; x_wconf 88' lang='lat' dir='ltr'>babere</span> <span class='ocrx_word' id='word_1_170' title='bbox 481 2548 517 2615; x_wconf 92' lang='lat' dir='ltr'>in</span> <span class='ocrx_word' id='word_1_171' title='bbox 533 2548 661 2616; x_wconf 87' lang='lat' dir='ltr'>casibus</span> <span class='ocrx_word' id='word_1_172' title='bbox 676 2548 721 2615; x_wconf 91' lang='lat' dir='ltr'>ita</span> <span class='ocrx_word' id='word_1_173' title='bbox 735 2546 831 2615; x_wconf 88' lang='lat' dir='ltr'>certis</span> <span class='ocrx_word' id='word_1_174' title='bbox 852 2555 883 2613; x_wconf 87' lang='lat' dir='ltr'>et</span> <span class='ocrx_word' id='word_1_175' title='bbox 898 2545 1044 2633; x_wconf 88' lang='lat' dir='ltr'>notoriis,</span> <span class='ocrx_word' id='word_1_176' title='bbox 1060 2553 1097 2614; x_wconf 90' lang='lat' dir='ltr'>ut</span> <span class='ocrx_word' id='word_1_177' title='bbox 1119 2545 1319 2613; x_wconf 89' lang='lat' dir='ltr'>matrimonii</span> <span class='ocrx_word' id='word_1_178' title='bbox 1335 2548 1447 2616; x_wconf 88' lang='lat' dir='ltr'>nulli-</span> 
     </span>
     <span class='ocr_line' id='line_1_21' title="bbox 302 2653 1446 2747; baseline 0.003 -28"><span class='ocrx_word' id='word_1_179' title='bbox 302 2680 318 2719; x_wconf 85' lang='lat' dir='ltr'>u</span> <span class='ocrx_word' id='word_1_180' title='bbox 343 2662 390 2721; x_wconf 88' lang='lat' dir='ltr'>tas</span> <span class='ocrx_word' id='word_1_181' title='bbox 413 2654 502 2722; x_wconf 88' lang='lat' dir='ltr'>nulla</span> <span class='ocrx_word' id='word_1_182' title='bbox 527 2655 627 2747; x_wconf 89' lang='lat' dir='ltr'>possit</span> <span class='ocrx_word' id='word_1_183' title='bbox 647 2654 912 2744; x_wconf 79' lang='lat' dir='ltr'>tergiversatione</span> <span class='ocrx_word' id='word_1_184' title='bbox 934 2653 1043 2739; x_wconf 89' lang='lat' dir='ltr'>celari,</span> <span class='ocrx_word' id='word_1_185' title='bbox 1065 2662 1133 2739; x_wconf 89' lang='lat' dir='ltr'>aut,</span> <span class='ocrx_word' id='word_1_186' title='bbox 1154 2653 1181 2720; x_wconf 93' lang='lat' dir='ltr'>si</span> <span class='ocrx_word' id='word_1_187' title='bbox 1202 2674 1299 2745; x_wconf 87' lang='lat' dir='ltr'>snper</span> <span class='ocrx_word' id='word_1_188' title='bbox 1322 2653 1386 2722; x_wconf 91' lang='lat' dir='ltr'>bac</span> <span class='ocrx_word' id='word_1_189' title='bbox 1409 2679 1446 2723; x_wconf 87' lang='lat' dir='ltr'>re</span> 
     </span>
     <span class='ocr_line' id='line_1_22' title="bbox 301 2758 1446 2850; baseline 0.005 -25"><span class='ocrx_word' id='word_1_190' title='bbox 301 2788 318 2825; x_wconf 79' lang='lat' dir='ltr'>c</span> <span class='ocrx_word' id='word_1_191' title='bbox 340 2761 446 2829; x_wconf 85' lang='lat' dir='ltr'>estitit</span> <span class='ocrx_word' id='word_1_192' title='bbox 459 2761 728 2850; x_wconf 79' lang='lat' dir='ltr'>Congregationis</span> <span class='ocrx_word' id='word_1_193' title='bbox 743 2760 930 2847; x_wconf 82' lang='lat' dir='ltr'>declaratio,</span> <span class='ocrx_word' id='word_1_194' title='bbox 948 2758 1019 2829; x_wconf 89' lang='lat' dir='ltr'>talis</span> <span class='ocrx_word' id='word_1_195' title='bbox 1037 2759 1262 2829; x_wconf 80' lang='lat' dir='ltr'>declarationis</span> <span class='ocrx_word' id='word_1_196' title='bbox 1283 2759 1367 2829; x_wconf 91' lang='lat' dir='ltr'>mihi</span> <span class='ocrx_word' id='word_1_197' title='bbox 1388 2785 1446 2831; x_wconf 87' lang='lat' dir='ltr'>co·</span> 
     </span>
     <span class='ocr_line' id='line_1_23' title="bbox 302 2868 634 2959; baseline 0 -28"><span class='ocrx_word' id='word_1_198' title='bbox 302 2894 318 2931; x_wconf 82' lang='lat' dir='ltr'>c</span> <span class='ocrx_word' id='word_1_199' title='bbox 342 2869 430 2959; x_wconf 93' lang='lat' dir='ltr'>piam</span> <span class='ocrx_word' id='word_1_200' title='bbox 447 2868 598 2959; x_wconf 75' lang='lat' dir='ltr'>praeberi.</span> <span class='ocrx_word' id='word_1_201' title='bbox 617 2894 634 2931; x_wconf 76' lang='lat' dir='ltr'>a</span> 
     </span>
    </p>

    <p class='ocr_par' dir='ltr' id='par_1_3' title="bbox 298 2972 1513 3493">
     <span class='ocr_line' id='line_1_24' title="bbox 341 2972 1445 3066; baseline 0.001 -23"><span class='ocrx_word' id='word_1_202' title='bbox 341 2973 466 3055; x_wconf 86' lang='lat' dir='ltr'>Quibus</span> <span class='ocrx_word' id='word_1_203' title='bbox 492 2976 697 3066; x_wconf 77' lang='lat' dir='ltr'>praenotatis,</span> <span class='ocrx_word' id='word_1_204' title='bbox 721 2974 762 3041; x_wconf 89' lang='lat' dir='ltr'>ad</span> <span class='ocrx_word' id='word_1_205' title='bbox 792 2973 980 3065; x_wconf 75' lang='lat' dir='ltr'>quaestionis</span> <span class='ocrx_word' id='word_1_206' title='bbox 1003 2972 1199 3042; x_wconf 88' lang='lat' dir='ltr'>solutionem</span> <span class='ocrx_word' id='word_1_207' title='bbox 1225 2973 1445 3065; x_wconf 87' lang='lat' dir='ltr'>procedemus</span> 
     </span>
     <span class='ocr_line' id='line_1_25' title="bbox 298 3080 1444 3170; baseline 0.001 -21"><span class='ocrx_word' id='word_1_208' title='bbox 298 3082 359 3150; x_wconf 90' lang='lat' dir='ltr'>boc</span> <span class='ocrx_word' id='word_1_209' title='bbox 375 3080 473 3151; x_wconf 93' lang='lat' dir='ltr'>modo</span> <span class='ocrx_word' id='word_1_210' title='bbox 490 3110 497 3149; x_wconf 92' lang='lat'>:</span> <span class='ocrx_word' id='word_1_211' title='bbox 522 3083 554 3148; x_wconf 82' lang='grc' dir='ltr'>1ο</span> <span class='ocrx_word' id='word_1_212' title='bbox 570 3081 711 3149; x_wconf 89' lang='lat' dir='ltr'>rationes</span> <span class='ocrx_word' id='word_1_213' title='bbox 730 3080 929 3149; x_wconf 84' lang='lat' dir='ltr'>deducemus</span> <span class='ocrx_word' id='word_1_214' title='bbox 948 3102 1023 3170; x_wconf 82' lang='lat' dir='ltr'>qnae</span> <span class='ocrx_word' id='word_1_215' title='bbox 1038 3081 1181 3148; x_wconf 89' lang='lat' dir='ltr'>innuunt</span> <span class='ocrx_word' id='word_1_216' title='bbox 1195 3080 1444 3150; x_wconf 77' lang='lat' dir='ltr'>benedictinam</span> 
     </span>
     <span class='ocr_line' id='line_1_26' title="bbox 298 3186 1446 3277; baseline -0.001 -20"><span class='ocrx_word' id='word_1_217' title='bbox 298 3187 559 3258; x_wconf 74' lang='lat' dir='ltr'>coristitutionem</span> <span class='ocrx_word' id='word_1_218' title='bbox 581 3210 647 3257; x_wconf 91' lang='lat' dir='ltr'>non</span> <span class='ocrx_word' id='word_1_219' title='bbox 670 3187 815 3277; x_wconf 81' lang='lat' dir='ltr'>obligare</span> <span class='ocrx_word' id='word_1_220' title='bbox 837 3187 870 3253; x_wconf 92' lang='lat' dir='ltr'>in</span> <span class='ocrx_word' id='word_1_221' title='bbox 893 3187 1018 3255; x_wconf 89' lang='lat' dir='ltr'>casibus</span> <span class='ocrx_word' id='word_1_222' title='bbox 1042 3187 1179 3255; x_wconf 80' lang='lat' dir='ltr'>notoriae</span> <span class='ocrx_word' id='word_1_223' title='bbox 1202 3208 1259 3255; x_wconf 86' lang='lat' dir='ltr'>seu</span> <span class='ocrx_word' id='word_1_224' title='bbox 1279 3186 1446 3257; x_wconf 85' lang='lat' dir='ltr'>evidentis</span> 
     </span>
     <span class='ocr_line' id='line_1_27' title="bbox 299 3294 1445 3383; baseline -0.001 -21"><span class='ocrx_word' id='word_1_225' title='bbox 299 3294 470 3382; x_wconf 89' lang='lat' dir='ltr'>nullitatis;</span> <span class='ocrx_word' id='word_1_226' title='bbox 501 3300 533 3362; x_wconf 78' lang='lat'>2⁰</span> <span class='ocrx_word' id='word_1_227' title='bbox 561 3296 596 3363; x_wconf 94' lang='lat' dir='ltr'>in</span> <span class='ocrx_word' id='word_1_228' title='bbox 623 3295 820 3365; x_wconf 90' lang='lat' dir='ltr'>contrarium</span> <span class='ocrx_word' id='word_1_229' title='bbox 846 3294 1017 3362; x_wconf 88' lang='lat' dir='ltr'>militantia</span> <span class='ocrx_word' id='word_1_230' title='bbox 1042 3300 1235 3383; x_wconf 78' lang='lat' dir='ltr'>argumenta</span> <span class='ocrx_word' id='word_1_231' title='bbox 1259 3296 1445 3363; x_wconf 76' lang='lat' dir='ltr'>recensebi-</span> 
     </span>
     <span class='ocr_line' id='line_1_28' title="bbox 300 3399 1302 3493; baseline -0.001 -25"><span class='ocrx_word' id='word_1_232' title='bbox 300 3424 393 3487; x_wconf 91' lang='lat' dir='ltr'>mus;</span> <span class='ocrx_word' id='word_1_233' title='bbox 413 3406 446 3469; x_wconf 78' lang='lat'>3⁰</span> <span class='ocrx_word' id='word_1_234' title='bbox 460 3401 592 3469; x_wconf 89' lang='lat' dir='ltr'>tandem</span> <span class='ocrx_word' id='word_1_235' title='bbox 609 3402 687 3493; x_wconf 91' lang='lat' dir='ltr'>quid</span> <span class='ocrx_word' id='word_1_236' title='bbox 702 3399 879 3469; x_wconf 90' lang='lat' dir='ltr'>tenendum</span> <span class='ocrx_word' id='word_1_237' title='bbox 897 3400 1046 3469; x_wconf 89' lang='lat' dir='ltr'>videatur</span> <span class='ocrx_word' id='word_1_238' title='bbox 1059 3400 1302 3470; x_wconf 87' lang='lat' dir='ltr'>concludemus.</span> 
     </span>
    </p>

    <p class='ocr_par' dir='ltr' id='par_1_4' title="bbox 296 3506 1512 4351">
     <span class='ocr_line' id='line_1_29' title="bbox 341 3506 1445 3599; baseline 0.003 -25"><span class='ocrx_word' id='word_1_239' title='bbox 341 3509 367 3575; x_wconf 94' lang='grc' dir='ltr'>Ι.</span> <span class='ocrx_word' id='word_1_240' title='bbox 387 3508 769 3599; x_wconf 78' lang='lat' dir='ltr'>ltntc&#39;orcespuaeinnuunt</span> <span class='ocrx_word' id='word_1_241' title='bbox 782 3506 852 3575; x_wconf 82' lang='lat' dir='ltr'>dttll</span> <span class='ocrx_word' id='word_1_242' title='bbox 850 3529 907 3575; x_wconf 86' lang='lat' dir='ltr'>am</span> <span class='ocrx_word' id='word_1_243' title='bbox 920 3507 1194 3577; x_wconf 78' lang='lat' dir='ltr'>Bmcdictincm&#39;</span> <span class='ocrx_word' id='word_1_244' title='bbox 1181 3532 1215 3576; x_wconf 83' lang='lat' dir='ltr'>cn</span> <span class='ocrx_word' id='word_1_245' title='bbox 1230 3530 1307 3577; x_wconf 78' lang='lat' dir='ltr'>casu</span> <span class='ocrx_word' id='word_1_246' title='bbox 1321 3511 1445 3577; x_wconf 82' lang='lat' dir='ltr'>matri-</span> 
     </span>
     <span class='ocr_line' id='line_1_30' title="bbox 299 3613 1445 3708; baseline 0.002 -26"><span class='ocrx_word' id='word_1_247' title='bbox 299 3616 402 3683; x_wconf 75' lang='lat' dir='ltr'>monii</span> <span class='ocrx_word' id='word_1_248' title='bbox 399 3615 536 3683; x_wconf 84' lang='lat' dir='ltr'>&#39;notorie</span> <span class='ocrx_word' id='word_1_249' title='bbox 550 3616 636 3684; x_wconf 83' lang='lat' dir='ltr'>nulli</span> <span class='ocrx_word' id='word_1_250' title='bbox 649 3613 885 3707; x_wconf 83' lang='lat' dir='ltr'>applicandam</span> <span class='ocrx_word' id='word_1_251' title='bbox 901 3638 966 3683; x_wconf 92' lang='lat' dir='ltr'>non</span> <span class='ocrx_word' id='word_1_252' title='bbox 981 3638 1054 3684; x_wconf 81' lang='lat' dir='ltr'>esse</span> <span class='ocrx_word' id='word_1_253' title='bbox 1065 3614 1286 3708; x_wconf 84' lang='lat' dir='ltr'>—Ejusmodi</span> <span class='ocrx_word' id='word_1_254' title='bbox 1300 3617 1445 3685; x_wconf 85' lang='lat' dir='ltr'>rationes</span> 
     </span>
     <span class='ocr_line' id='line_1_31' title="bbox 296 3722 1511 3815; baseline 0.001 -25"><span class='ocrx_word' id='word_1_255' title='bbox 296 3724 341 3790; x_wconf 90' lang='lat' dir='ltr'>sic</span> <span class='ocrx_word' id='word_1_256' title='bbox 356 3722 508 3791; x_wconf 88' lang='lat' dir='ltr'>deductas</span> <span class='ocrx_word' id='word_1_257' title='bbox 523 3722 674 3814; x_wconf 88' lang='lat' dir='ltr'>reperies,</span> <span class='ocrx_word' id='word_1_258' title='bbox 686 3722 721 3789; x_wconf 91' lang='lat' dir='ltr'>in</span> <span class='ocrx_word' id='word_1_259' title='bbox 738 3728 915 3790; x_wconf 85' lang='lat' dir='ltr'>memorata</span> <span class='ocrx_word' id='word_1_260' title='bbox 930 3745 1026 3791; x_wconf 85' lang='lat' dir='ltr'>causa</span> <span class='ocrx_word' id='word_1_261' title='bbox 1041 3722 1217 3791; x_wconf 87' lang='lat' dir='ltr'>Sonorensi</span> <span class='ocrx_word' id='word_1_262' title='bbox 1237 3724 1290 3815; x_wconf 78' lang='grc'>(26</span> <span class='ocrx_word' id='word_1_263' title='bbox 1237 3724 1443 3815; x_wconf 83' lang='lat' dir='ltr'>(augusti</span> <span class='ocrx_word' id='word_1_264' title='bbox 1510 3788 1511 3803; x_wconf 63' lang='grc'>,</span> 
     </span>
     <span class='ocr_line' id='line_1_32' title="bbox 299 3827 1511 3927; baseline 0.002 -32"><span class='ocrx_word' id='word_1_265' title='bbox 299 3831 422 3909; x_wconf 69' lang='lat' dir='ltr'>184ss</span> <span class='ocrx_word' id='word_1_266' title='bbox 414 3852 448 3898; x_wconf 80' lang='lat' dir='ltr'>in</span> <span class='ocrx_word' id='word_1_267' title='bbox 462 3837 552 3897; x_wconf 89' lang='lat' dir='ltr'>tomo</span> <span class='ocrx_word' id='word_1_268' title='bbox 565 3827 812 3918; x_wconf 87' lang='lat' dir='ltr'>anniejnsdem,</span> <span class='ocrx_word' id='word_1_269' title='bbox 827 3828 945 3919; x_wconf 82' lang='lat' dir='ltr'>pagina</span> <span class='ocrx_word' id='word_1_270' title='bbox 961 3830 1058 3919; x_wconf 84' lang='grc'>363);</span> <span class='ocrx_word' id='word_1_271' title='bbox 1077 3856 1094 3895; x_wconf 85' lang='lat' dir='ltr'>u</span> <span class='ocrx_word' id='word_1_272' title='bbox 1107 3830 1199 3897; x_wconf 88' lang='lat' dir='ltr'>Hane</span> <span class='ocrx_word' id='word_1_273' title='bbox 1208 3839 1314 3898; x_wconf 76' lang='lat' dir='ltr'>annm</span> <span class='ocrx_word' id='word_1_274' title='bbox 1329 3830 1511 3927; x_wconf 80' lang='lat' dir='ltr'>dispo-l</span> 
     </span>
     <span class='ocr_line' id='line_1_33' title="bbox 301 3936 1441 4028; baseline 0.004 -27"><span class='ocrx_word' id='word_1_275' title='bbox 301 3964 317 4001; x_wconf 82' lang='lat' dir='ltr'>u</span> <span class='ocrx_word' id='word_1_276' title='bbox 341 3938 491 4005; x_wconf 89' lang='lat' dir='ltr'>sitiooem</span> <span class='ocrx_word' id='word_1_277' title='bbox 508 3938 634 4028; x_wconf 84' lang='lat' dir='ltr'>(nempe</span> <span class='ocrx_word' id='word_1_278' title='bbox 646 3936 744 4005; x_wconf 73' lang='lat' dir='ltr'>bulla</span> <span class='ocrx_word' id='word_1_279' title='bbox 758 3936 1034 4028; x_wconf 74' lang='lat' dir='ltr'>Benedictinn)1n</span> <span class='ocrx_word' id='word_1_280' title='bbox 1046 3938 1174 4006; x_wconf 86' lang='lat' dir='ltr'>casibus</span> <span class='ocrx_word' id='word_1_281' title='bbox 1187 3946 1312 4005; x_wconf 88' lang='lat' dir='ltr'>tentum</span> <span class='ocrx_word' id='word_1_282' title='bbox 1329 3937 1441 4006; x_wconf 73' lang='lat' dir='ltr'>dubiae</span> 
     </span>
     <span class='ocr_line' id='line_1_34' title="bbox 302 4042 1443 4135; baseline 0.004 -28"><span class='ocrx_word' id='word_1_283' title='bbox 302 4069 319 4107; x_wconf 83' lang='lat' dir='ltr'>u</span> <span class='ocrx_word' id='word_1_284' title='bbox 341 4044 497 4111; x_wconf 89' lang='lat' dir='ltr'>nullitatis</span> <span class='ocrx_word' id='word_1_285' title='bbox 510 4043 619 4111; x_wconf 88' lang='lat' dir='ltr'>locum</span> <span class='ocrx_word' id='word_1_286' title='bbox 634 4043 752 4111; x_wconf 86' lang='lat' dir='ltr'>habere</span> <span class='ocrx_word' id='word_1_287' title='bbox 764 4043 900 4112; x_wconf 88' lang='lat' dir='ltr'>suadent</span> <span class='ocrx_word' id='word_1_288' title='bbox 913 4044 1013 4111; x_wconf 88' lang='lat' dir='ltr'>verba</span> <span class='ocrx_word' id='word_1_289' title='bbox 1022 4066 1080 4135; x_wconf 86' lang='lat' dir='ltr'>per</span> <span class='ocrx_word' id='word_1_290' title='bbox 1090 4042 1280 4112; x_wconf 86' lang='lat' dir='ltr'>Pontificem</span> <span class='ocrx_word' id='word_1_291' title='bbox 1295 4042 1443 4113; x_wconf 89' lang='lat' dir='ltr'>adbibita</span> 
     </span>
     <span class='ocr_line' id='line_1_35' title="bbox 303 4148 1442 4240; baseline 0.004 -28"><span class='ocrx_word' id='word_1_292' title='bbox 303 4176 319 4212; x_wconf 78' lang='lat' dir='ltr'>u</span> <span class='ocrx_word' id='word_1_293' title='bbox 342 4151 403 4217; x_wconf 92' lang='lat' dir='ltr'>snb</span> <span class='ocrx_word' id='word_1_294' title='bbox 417 4149 654 4219; x_wconf 89' lang='lat' dir='ltr'>constitutionis</span> <span class='ocrx_word' id='word_1_295' title='bbox 667 4148 825 4217; x_wconf 90' lang='lat' dir='ltr'>initium:</span> <span class='ocrx_word' id='word_1_296' title='bbox 850 4152 933 4219; x_wconf 85' lang='lat' dir='ltr'>Cum</span> <span class='ocrx_word' id='word_1_297' title='bbox 948 4150 1053 4240; x_wconf 80' lang='lat' dir='ltr'>iqitur</span> <span class='ocrx_word' id='word_1_298' title='bbox 1068 4150 1123 4237; x_wconf 89' lang='lat' dir='ltr'>(its</span> <span class='ocrx_word' id='word_1_299' title='bbox 1139 4149 1203 4239; x_wconf 77' lang='lat' dir='ltr'>illc)</span> <span class='ocrx_word' id='word_1_300' title='bbox 1223 4172 1337 4218; x_wconf 87' lang='lat' dir='ltr'>coram</span> <span class='ocrx_word' id='word_1_301' title='bbox 1350 4150 1442 4219; x_wconf 80' lang='lat' dir='ltr'>ordi</span> 
     </span>
     <span class='ocr_line' id='line_1_36' title="bbox 301 4254 1442 4351; baseline 0 -28"><span class='ocrx_word' id='word_1_302' title='bbox 301 4279 318 4315; x_wconf 80' lang='lat' dir='ltr'>u</span> <span class='ocrx_word' id='word_1_303' title='bbox 341 4256 473 4325; x_wconf 83' lang='lat' dir='ltr'>nario.</span> <span class='ocrx_word' id='word_1_304' title='bbox 481 4254 732 4328; x_wconf 82' lang='lat' dir='ltr'>.controncrsic</span> <span class='ocrx_word' id='word_1_305' title='bbox 753 4256 866 4349; x_wconf 82' lang='lat' dir='ltr'>aliqua</span> <span class='ocrx_word' id='word_1_306' title='bbox 881 4267 1096 4351; x_wconf 80' lang='lat' dir='ltr'>proponetur,</span> <span class='ocrx_word' id='word_1_307' title='bbox 1114 4278 1148 4323; x_wconf 82' lang='lat' dir='ltr'>rn</span> <span class='ocrx_word' id='word_1_308' title='bbox 1168 4278 1235 4349; x_wconf 88' lang='lat' dir='ltr'>quc</span> <span class='ocrx_word' id='word_1_309' title='bbox 1258 4254 1297 4327; x_wconf 82' lang='lat' dir='ltr'>de</span> <span class='ocrx_word' id='word_1_310' title='bbox 1320 4256 1442 4324; x_wconf 67' lang='lat' dir='ltr'>mutri-</span> 
     </span>
    </p>
   </div>
   <div class='ocr_carea' id='block_1_3' title="bbox 0 0 1530 4984">
    <p class='ocr_par' dir='ltr' id='par_1_5' title="bbox 0 0 1530 4984">
     <span class='ocr_line' id='line_1_37' title="bbox 0 0 1530 4984; baseline 0 0"><span class='ocrx_word' id='word_1_311' title='bbox 0 0 1530 4984; x_wconf 95' lang='lat' dir='ltr'> </span> 
     </span>
    </p>
   </div>
  </div>
 </body>
</html>
