3050 4984
543 483 620 530 rins
642 483 788 530 securus.
1200 463 1239 526 67

102 607 190 674 «An
215 605 257 674 sit
278 605 500 676 admittendus
522 605 563 674 ad
592 605 840 698 proponendum
863 612 896 673 el
921 602 1128 694 allegandum
1154 601 1242 694 quod

102 742 116 780 a
139 737 307 806 processus
326 735 393 782 666
414 713 520 782 velel‘l
538 713 768 804 Respondetur
790 711 879 804 quod
902 734 968 780 non
986 738 993 779 ι
1012 712 1090 802 quia
1110 724 1158 780 est
1181 710 1243 778 sibi

101 849 116 887 ι
138 821 367 916 imputandum
388 843 490 913 qnare
511 843 628 912 pessus
647 828 695 890 est
718 819 842 911 inquiri
867 818 906 887 de
925 820 1059 886 veritate
1080 817 1240 903 criminis,

102 955 117 994 a
138 929 331 1021 priusquam
342 935 502 998 constaret
514 929 554 996 de
569 927 706 995 infamia
721 954 727 993 :
744 926 823 1016 quia
838 948 912 994 cum
926 925 1013 993 istud
1027 923 1125 992 luerit
1140 925 1245 992 intro·

101 1063 117 1100 ι
138 1036 271 1104 ductum
288 1037 321 1102 in
337 1036 482 1104 6666666]
498 1034 562 1118 sui,
576 1035 681 1125 poluit
692 1033 739 1100 illi
752 1032 858 1100 favori
869 1032 1099 1101 renuntiare.»
1118 1031 1244 1122 (Glossa

97 1144 252 1235 impressa
266 1141 435 1232 Lugduni,
453 1143 657 1226 66661635,
675 1139 731 1208 fol.
753 1139 843 1229 126.)

139 1250 305 1318 Probatur
320 1253 367 1336 2⁰,
386 1273 425 1316 eu
439 1247 609 1316 communi
621 1247 792 1316 doctorum
806 1246 975 1314 smtostia.
993 1285 1038 1298 -
1050 1245 1163 1314 Refert
1179 1245 1243 1313 Fa-

98 1379 223 1447 gnanus
245 1356 291 1444 (in
305 1379 333 1424 c.
351 1358 407 1442 24,
430 1355 480 1424 tit.
500 1358 533 1437 1,
550 1355 608 1422 lib.
630 1359 648 1421 t
667 1354 811 1442 Decret,
828 1377 862 1420 n.
883 1354 936 1443 66)
950 1351 1113 1444 66666666
1128 1351 1244 1419 Clarus

99 1465 141 1555 (m
156 1487 217 1532 sua
232 1463 384 1532 Praetica
399 1461 576 1543 criminali,
594 1485 627 1553 q.
646 1464 676 1550 6)
694 1460 819 1552 aliquid
829 1463 1030 1530 contrarium
1048 1459 1131 1527 thesi
1143 1482 1240 1550 quem

98 1571 147 1638 hic
171 1569 380 1638 defendimus
406 1569 512 1638 dicere
539 1569 630 1636 visus
653 1567 719 1635 sit:
738 1567 902 1635 diversam
925 1588 1043 1657 nempe
1068 1566 1244 1634 invaluisse

97 1679 238 1768 praxim,
256 1678 300 1744 ita
321 1686 358 1744 ut
376 1677 444 1768 ipse
464 1675 591 1744 nullum
613 1697 801 1766 processum
821 1673 1064 1766 inquisitoriunr
1084 1673 1203 1741 viderit
1225 1697 1243 1740 6

97 1783 315 1852 diffamatione
343 1783 485 1873 incipere
511 1811 518 1851 :
546 1803 645 1873 quam
677 1781 839 1850 diversam
871 1781 1086 1849 tribunalium
1113 1779 1242 1872 praxim

97 1891 178 1958 idem
203 1891 321 1960 Clarus
346 1889 511 1958 describit.
530 1889 603 1972 Quo
631 1897 813 1979 praenotato
840 1887 886 1954 sic
911 1889 1017 1979 pergit
1043 1887 1240 1977 Fagnenus:

101 2026 114 2060 ι
138 1997 203 2066 Sed
213 1995 523 2087 contrabujusmodi
535 1997 708 2086 practicam
720 1993 1098 2085 insurgitllolandus(in
1108 1994 1244 2064 consilio

100 2131 115 2166 a
141 2110 195 2189 67,
211 2127 244 2172 n.
271 2109 325 2190 26,
350 2103 414 2172 vol.
439 2103 486 2192 l).
509 2103 591 2171 Nam
616 2103 795 2170 secundum
818 2123 906 2189 eum,
931 2102 1004 2170 licet
1023 2103 1243 2170 testimonium

101 2237 115 2272 ι
138 2210 225 2278 Glari
240 2210 282 2278 sit
298 2231 468 2298 magnum,
488 2218 596 2276 tannen
618 2217 665 2275 est
684 2207 920 2299 spernendum,
940 2209 1017 2299 quia
1038 2231 1149 2276 omnes
1167 2208 1242 2278 doc-

99 2345 115 2380 α
138 2329 234 2397 tores,
252 2328 324 2384 tom
339 2315 470 2406 antiqui
481 2336 584 2406 66666
599 2313 758 2394 moderni,
780 2312 981 2381 concludunt
1002 2322 1036 2381 et
1047 2314 1241 2403 exclamant,

101 2450 116 2486 a
137 2423 172 2492 in
192 2423 403 2514 inquisitione
426 2422 545 2490 lamam
566 2421 684 2490 debere
704 2420 888 2512 praecedere
895 2447 905 2507 3
921 2443 979 2488 nec
999 2422 1116 2512 aliquis
1131 2445 1243 2492 eorum

101 2558 114 2592 ι
138 2529 219 2598 dicit
235 2529 276 2596 de
291 2529 525 2597 consuetudine
539 2527 739 2597 contrarium
756 2527 892 2612 servari,
908 2537 1005 2618 prout
1020 2527 1097 2596 dicit
1115 2529 1240 2598 Clarus.

101 2663 115 2698 a
138 2637 296 2719 Quinimo
311 2643 397 2703 totus
412 2635 554 2702 mundus
566 2635 713 2725 sequitur
725 2633 809 2701 banc
822 2633 1074 2721 conclusionem,
1091 2637 1177 2727 quod
1192 2638 1244 2704 in-

100 2772 115 2806 «
138 2744 286 2834 puisitio,
307 2765 374 2810 666
392 2739 594 2834 procedente
614 2741 842 2832 diffamatione
857 2741 962 2832 fucta,
985 2743 1079 2811 nulla
1098 2757 1130 2811 et
1149 2744 1243 2812 iuvo-

101 2851 208 2920 «666
225 2851 280 2919 sit.
310 2876 324 2911 6
354 2849 503 2918 Ostendit
528 2855 639 2940 postea
662 2846 839 2936 Feguanus
862 2848 995 2917 Clarum
1019 2873 1086 2918 non
1111 2853 1244 2943 praecise

99 2955 217 3026 dixisse
226 2957 314 3049 quod
328 2957 479 3047 supponit
488 2955 668 3024 Rolandus.
681 2955 767 3022 Tum
777 2955 845 3046 ipse
855 2954 1040 3023 describens
1048 2956 1245 3030 differentias

100 3063 130 3130 io
144 3062 364 3156 procedendo,
382 3070 480 3153 prout
491 3061 594 3152 judex
610 3061 717 3128 velex
734 3083 824 3128 mero
838 3061 943 3129 officio
962 3065 1118 3154 procedit,
1135 3066 1186 3134 rel
1202 3071 1243 3136 cd

101 3169 228 3240 alterius
249 3171 450 3251 instantiam,
472 3169 515 3236 ite
538 3167 708 3258 subjungit
731 3195 738 3234 :
765 3195 783 3232 6
804 3168 954 3236 Secunda
974 3169 1159 3240 differentia
1181 3185 1241 3264 est,

104 3303 117 3337 ι
138 3279 217 3368 quia
236 3275 370 3367 666666
390 3274 537 3365 procedit
555 3297 596 3341 ex
619 3296 708 3342 mero
728 3273 847 3359 officio,
868 3297 934 3341 666
956 3284 1084 3345 tenetur
1102 3281 1244 3372 recipere

106 3409 119 3444 6
137 3383 364 3474 probationem
381 3403 480 3470 super
492 3381 595 3467 lama3
613 3381 691 3448 satis
707 3389 754 3448 est
770 3381 856 3448 enim
871 3390 910 3448 ut
921 3381 962 3449 de
975 3405 1013 3450 66
1023 3395 1145 3453 constet
1155 3389 1216 3455 sibi
1234 3418 1241 3456 ε

107 3515 119 3551 ι
139 3513 230 3559 secus
249 3489 383 3580 quando
399 3487 544 3578 procedit
557 3488 599 3554 66
612 3487 744 3556 alterius
768 3488 996 3556 instantiam...
1013 3491 1127 3559 Glossa
1139 3506 1170 3561 et
1188 3519 1243 3562 ca-

108 3623 121 3658 ι
140 3600 281 3667 nonistae
297 3595 400 3662 nostri
414 3616 482 3662 666
496 3592 611 3662 dicunt
625 3592 882 3661 diffamationem
896 3617 962 3663 non
976 3597 1098 3688 requiri
1112 3602 1243 3690 quando

21 3719 23 3738 ’
110 3703 239 3792 «judex
262 3724 304 3770 cx
329 3699 437 3770 officio
461 3698 605 3791 procedit
632 3725 640 3766 :
664 3701 730 3767 imo
751 3698 864 3768 dicunt
886 3702 984 3770 etium
1001 3725 1039 3770 eo
1063 3727 1136 3773 casu
1153 3707 1243 3797 judi-

111 3834 208 3879 «oem
228 3809 348 3878 debere
367 3832 424 3900 per
445 3831 478 3876 se
501 3809 665 3900 inquirere
687 3808 728 3875 de
749 3807 855 3894 laura3
872 3808 927 3877 sed
949 3818 1075 3879 tantum
1096 3830 1244 3886 asserunt

112 3943 123 3976 ι
142 3920 218 3986 satis
237 3939 320 4001 esse,
339 3925 374 3983 ut
391 3915 429 3982 de
449 3915 638 4006 hujusmodi
656 3915 743 3982 lema
761 3922 885 3984 constet
900 3914 1016 4006 judici,
1036 3919 1095 4010 qui
1111 3944 1175 3990 666
1192 3935 1243 3991 te-

21 4077 22 4080 ,
115 4035 238 4094 tuctur
256 4024 298 4093 de
314 4045 352 4092 ea
372 4023 469 4090 fidem
490 4023 606 4108 lacere,
628 4045 686 4090 nec
707 4022 912 4112 probationes
931 4045 1096 4094 assumere
1113 4034 1244 4120 quando

21 4169 23 4220 t
117 4154 129 4190 ι
145 4131 288 4221 procedit
298 4153 339 4198 ex
354 4127 461 4197 officio
472 4151 531 4196 sno
542 4155 551 4214 3
564 4127 619 4197 sed
630 4127 734 4196 solum
747 4128 879 4219 quando
888 4130 1046 4220 procedit,
1058 4131 1121 4201 alio
1135 4135 1243 4228 inqui·-

21 4237 23 4330 l
119 4240 293 4309 «6666666
312 4243 537 4330 promovente3
556 4236 647 4303 etita
666 4247 806 4326 utroque
821 4259 899 4305 caso
917 4237 1176 4328 diffamationem
1191 4270 1243 4315 re.
