3050 4984
536 498 611 546 rans
634 498 780 545 suerrum.
1160 480 1223 545 att

97 622 258 691 necessarii
274 628 352 693 sunt
369 648 377 690 ε
396 622 488 692 verbi
502 624 618 712 gratio,
632 644 706 712 quae
720 619 792 688 dari
806 619 910 688 solent
924 618 1089 689 advocatis
1103 629 1135 687 et
1150 644 1227 711 pro-

96 730 291 797 curatoribus
305 752 366 821 pro
381 728 590 798 conficiendis
617 727 732 795 libellis
753 727 892 817 aliisque
916 727 1109 817 seripturis:
1134 737 1229 796 nota-

97 836 153 902 riis
167 859 224 927 pro
251 836 463 905 conficiendis
493 835 719 905 instrumentis
743 833 903 901 :testibus
921 834 963 900 ad
989 834 1230 905 resarciendum

36 958 37 1029 3
98 941 173 1031 ipsis
193 951 265 1011 tum
283 965 455 1033 expensas,
472 952 542 1011 turn
557 943 638 1009 lueri
654 940 874 1023 amissionem,
893 940 921 1006 si
934 963 1035 1031 quam
1051 942 1160 1009 subire
1174 943 1231 1011 de-

96 1048 221 1116 buerint
234 1072 274 1117 ex
300 1052 488 1119 necessitate
513 1048 637 1117 ferendi
653 1047 844 1115 testimonii.
863 1046 913 1113 Ad
931 1046 1149 1115 retundendus
1163 1051 1233 1117 vie·

36 1218 37 1233 2
97 1156 155 1222 tori
169 1157 372 1225 uoluntarius
388 1178 546 1249 expensas
567 1176 733 1247 nunquam
751 1176 827 1245 pare
849 1155 934 1222 ricta
947 1153 1159 1223 condemnari
1175 1158 1233 1225 de·

96 1261 157 1330 het.
174 1262 267 1331 Unde
278 1267 416 1354 questio
432 1273 479 1332 est
493 1263 664 1332 dumtaxat
679 1262 719 1330 de
733 1261 884 1352 expensis
898 1262 1096 1329 necessariis.

138 1368 179 1436 ll.
206 1368 270 1451 Qui
289 1392 386 1440 eausa
413 1370 540 1455 eeoidit,
558 1382 589 1437 et
604 1378 724 1437 temere
740 1370 828 1437 litem
843 1369 1026 1454 intentavit,
1053 1370 1105 1437 vel
1120 1380 1234 1439 contra

36 1506 37 1511 ¹
96 1498 127 1541 se
141 1476 329 1545 intentatam
345 1478 497 1568 suscepit,
511 1477 551 1544 ed
564 1498 723 1568 expensas
739 1476 936 1543 necessarias
945 1484 993 1543 est
1006 1499 1025 1541 a
1036 1476 1143 1565 judiee
1154 1499 1233 1544 eon-

36 1606 37 1611 *
96 1582 295 1652 demnandus
313 1611 320 1650 :
337 1584 483 1676 alioquin
492 1585 559 1673 ipse
570 1582 671 1673 judex
690 1592 852 1651 teneretur
865 1604 1083 1673 eesexpensas
1093 1584 1230 1653 solvere.

36 1748 37 1775 3
96 1689 224 1756 Constat
237 1712 279 1757 ex
294 1693 396 1781 capite
413 1691 528 1759 Finem
549 1690 670 1775 licitus,
689 1689 729 1758 de
754 1689 836 1757 Dolo
853 1702 884 1756 et
902 1692 1110 1757 contumacia
1121 1716 1134 1770 ‚·
1148 1700 1179 1759 et
1192 1714 1234 1760 ex

36 1794 38 1801 ‘
96 1797 194 1885 rapite
211 1798 475 1877 eonmmauam,
488 1796 527 1865 de
539 1798 657 1865 Ptenis.
672 1797 836 1865 Consonat
847 1796 1088 1865 Justinianeum
1097 1795 1152 1887 jus
1163 1798 1234 1887 lege

99 1902 343 1992 Propemodum
361 1906 400 1993 le.
419 1903 458 1971 de
472 1902 577 1990 dudd,
596 1905 628 1969 in
644 1926 709 1994 que
724 1904 770 1969 sie
796 1902 933 1970 habetur
952 1930 959 1969 :
981 1908 1099 1970 Omnes
1109 1904 1237 1992 judices

97 2010 196 2077 sciant
210 2010 333 2078 vietum
350 2010 384 2077 ira
401 2032 617 2104 expressarum
629 2032 729 2077 euerso
739 2010 856 2077 victori
865 2030 928 2077 esse
938 2009 1234 2093 condemnandum,

98 2129 328 2207 quantumpro
343 2119 456 2185 solutis
470 2118 616 2207 oupertus
632 2116 744 2183 litium
754 2118 924 2207 juraverit
941 2142 952 2182 :
967 2140 1031 2183 non
1048 2118 1236 2206 ipuorantes

97 2223 182 2312 quod
206 2225 234 2291 si
249 2225 309 2293 doe
324 2226 606 2315 pretermiserint,
630 2225 695 2315 ipsi
709 2224 748 2291 de
770 2225 906 2315 proprio
922 2225 1117 2315 hujusmodi
1128 2248 1238 2316 poertar

99 2330 321 2421 subjacebunt,
340 2344 370 2399 et
396 2330 529 2399 reddere
543 2352 596 2399 eos
618 2331 713 2419 porti
739 2331 823 2398 lese
849 2331 1115 2397 coarctabuntur.
1134 2331 1175 2398 Et
1198 2332 1237 2399 de

102 2438 154 2505 hae
168 2440 311 2527 generali
329 2438 453 2527 regula,
472 2438 558 2529 quod
575 2460 691 2528 nempe
706 2438 897 2506 temerarius
913 2438 1056 2527 litigator
1069 2439 1110 2506 ad
1127 2460 1239 2506 neces-

101 2546 195 2613 sarias
210 2568 368 2637 expensas
381 2545 585 2613 damnandus
600 2546 654 2630 sit,
674 2544 763 2612 nulls
778 2553 826 2612 est
842 2546 926 2612 inter
945 2544 1092 2613 doctores
1106 2546 1236 2614 dissen-

101 2651 154 2718 sio.
172 2653 253 2734 Quis
266 2660 374 2721 autem
389 2654 430 2719 sit
446 2674 505 2743 pro
522 2652 691 2719 temerario
707 2650 868 2739 litigatore
881 2649 1062 2737 habendus,
1079 2652 1239 2721 determi-

103 2758 244 2827 nandum
261 2768 418 2827 remanet.

36 2900 37 2907 κ
140 2866 194 2934 lll.
212 2866 347 2934 Temere
362 2866 505 2955 litigasse
534 2887 701 2957 nunquam
727 2874 889 2951 censetur,
917 2868 974 2956 qui
1000 2889 1068 2933 sese
1095 2868 1240 2937 defendit

102 2970 132 3035 in
146 2994 243 3039 rause
256 2970 431 3056 criminali,
453 2971 487 3037 in
508 2992 573 3061 que
596 2970 636 3039 de
652 2992 749 3061 poena
764 2972 934 3059 sanguinis
949 2971 1002 3039 vel
1015 2973 1079 3040 elia
1093 2976 1238 3064 errrporis

101 3077 249 3146 afflictius
272 3079 396 3167 agitur,
425 3080 503 3167 quia
528 3099 643 3167 nempe
657 3078 733 3168 jura
751 3078 933 3145 concedunt
946 3088 983 3145 ut
998 3080 1136 3170 quisque
1152 3104 1240 3172 quo-

102 3186 244 3253 vismodo
258 3186 451 3271 sanguinem
469 3206 564 3251 suum
581 3194 707 3251 tueatur
727 3184 808 3274 (lege
825 3184 858 3251 ff.
876 3184 916 3251 de
932 3184 1030 3252 Bonis
1045 3208 1157 3254 eorum
1183 3191 1242 3281 qui

36 3318 37 3335 ¹
100 3294 313 3381 duremort).

36 3486 37 3491 ἵ
140 3400 197 3469 lv.
217 3400 353 3467 Temere
369 3399 496 3487 litigare
515 3398 646 3481 dieitur,
671 3420 735 3465 non
752 3407 879 3465 tantum
894 3400 951 3489 qui
966 3399 1041 3467 dolo
1056 3411 1088 3467 et
1104 3403 1238 3490 malitia,

36 3497 37 3510 ¹
101 3508 152 3571 sed
167 3508 264 3574 etiam
276 3508 334 3597 qui
350 3504 573 3597 imprudenter
588 3515 619 3573 et
635 3506 817 3572 inconsulto
833 3504 923 3572 litem
939 3506 1032 3573 alteri
1048 3520 1167 3593 movet,
1186 3457 1238 3578 vel

100 3614 137 3677 ab
161 3638 199 3681 eo
224 3613 286 3680 sibi
303 3622 422 3680 motam
448 3614 593 3702 suscipit.
610 3612 674 3693 Qui
700 3620 808 3679 autem
831 3611 955 3701 justam
977 3636 1106 3681 eausam
1123 3617 1239 3685 hebuit

36 3686 38 3792 l
99 3716 258 3809 litigandi,
289 3728 407 3811 puteus
440 3742 555 3809 nempe
592 3741 632 3785 ex
668 3718 825 3807 gravibus
863 3720 1054 3805 rationibus,
1095 3723 1195 3789 sihi
1183 3747 1239 3813 Jus

36 3824 216 3913 terere,
243 3828 370 3895 etiamsi
398 3826 643 3911 condemnetur,
674 3848 740 3893 non
772 3825 833 3891 luit
857 3827 1049 3895 temerarius
1076 3828 1235 3918 litigatum

36 4014 37 4017 Ἴ
101 3933 183 4001 unde
210 3956 269 4001 nee
297 3942 345 4001 est
371 3933 412 4000 ad
439 3954 597 4024 expensas
620 3932 713 3999 alteri
736 3933 821 4022 perti
842 3932 1063 4001 refundendae
1086 3936 1239 4007 eundem-

36 4076 37 4091 2
100 4038 235 4107 naudus.

142 4146 183 4213 V.
212 4146 275 4214 Sed
292 4147 367 4237 quis
386 4146 517 4215 tandem
532 4147 656 4215 censeri
670 4146 784 4215 debeat
793 4146 979 4238 prudenter
992 4156 1024 4215 et
1039 4153 1186 4221 consulto
1198 4156 1238 4223 li-

36 4258 38 4283 t
103 4252 227 4341 tigssse,
252 4262 339 4322 certe
364 4254 477 4342 regola
500 4248 712 4321 determinari
728 4255 852 4345 nequit,
881 4262 992 4345 estque
1014 4255 1134 4345 judicis
1153 4266 1243 4333 aeati-
