3050 4984
551 519 626 566 ries
648 520 794 567 SMUNDA.

641 711 698 780 ΙΙΙ.

363 845 484 898 Formnle
496 844 647 900 deotormdi
654 858 710 898 non
723 849 841 898 constere
855 847 889 899 de
902 847 979 900 tems.

145 987 339 1059 Pronuntiet
347 989 464 1081 judex,
486 991 539 1060 vel
558 989 682 1062 famem
703 1013 769 1061 non
789 1013 857 1062 esse
880 992 958 1061 satis
980 993 1163 1083 probatem,
1193 995 1245 1066 vel

100 1117 176 1166 eom
191 1104 301 1165 ortum
316 1096 467 1167 habuisse
480 1099 522 1166 ab
537 1097 680 1168 inimicis
692 1097 934 1171 fectionsriisve
949 1107 1006 1169 eut
1020 1101 1174 1191 garrulis,
1192 1104 1243 1173 vel

100 1213 279 1296 utrumque
292 1206 408 1286 simul;
424 1214 457 1276 et
470 1206 569 1276 addet
581 1229 649 1276 non
663 1229 733 1277 esse
747 1208 885 1277 ulterius
909 1207 1163 1300 procedendum.
1180 1211 1245 1280 Ac-

101 1311 228 1380 tusrius
241 1334 319 1382 vero
332 1312 367 1381 id
382 1313 499 1404 poterit
513 1313 575 1384 hoc
589 1314 688 1384 modo
704 1315 845 1386 scrihere
864 1343 872 1385 ε

147 1445 399 1513 sconsiderotie
418 1448 670 1532 depositionibus
689 1452 830 1530 testium,
853 1467 1029 1534 conosccns
1049 1450 1244 1514 reverendos

102 1545 138 1612 N
139 1591 147 1607 .
159 1545 279 1627 judex,
291 1546 422 1626 samem
434 1554 544 1610 ortium
556 1547 758 1612 doluissent
773 1550 913 1614 inimicis
922 1549 1016 1630 (vola
1024 1549 1244 1630 factionariis,

104 1642 156 1706 vel
174 1644 366 1726 opereulis,
388 1644 440 1708 vel
449 1647 579 1727 samem
595 1663 663 1710 non
684 1663 751 1711 esee
772 1649 852 1712 satis
867 1646 1055 1732 probatem)
1065 1668 1074 1736 3
1090 1655 1121 1711 et
1138 1648 1245 1730 ipsum

103 1739 271 1806 Andreom
292 1743 336 1808 N.
350 1743 444 1826 opud
454 1746 541 1808 uiros
551 1745 671 1827 probos
685 1753 718 1810 et
731 1745 907 1828 prudentes
921 1764 987 1810 non
1009 1763 1074 1810 esee
1092 1745 1244 1828 diffama-

103 1846 187 1918 tum,
197 1843 424 1923 pronuntiavit
436 1842 578 1925 Iepitime
590 1861 657 1908 nen
668 1853 815 1910 constare
825 1844 864 1908 de
876 1845 966 1908 molo
973 1845 1068 1926 semo
1072 1861 1086 1925 ;
1095 1863 1134 1908 ec
1138 1861 1242 1927 prop·

103 1945 193 2002 terea
206 1958 246 2003 eo
267 1940 324 2004 illo
344 1939 479 2004 dinetus
494 1959 560 2005 non
580 1960 646 2006 esse
661 1943 914 2026 procedendum.
937 1943 1020 2007 Acta
1040 1950 1116 2008 sunt
1138 1942 1242 2006 hece...

103 2072 144 2084 -
157 2035 189 2100 N
191 2084 212 2115 .,
226 2037 347 2120 jndae.
363 2074 401 2085 -
414 2039 469 2117 N.,
484 2041 663 2105 actuarius.
680 2065 696 2096 »

634 2220 712 2312 su.

103 2365 197 2414 Formo
209 2366 287 2416 testes
305 2365 471 2416 examinandi
489 2378 538 2430 pro
559 2365 741 2416 informatione
755 2364 904 2427 summarie,
923 2361 1027 2428 quondo
1047 2362 1247 2428 denuntiatoris,

477 2444 521 2495 rel
533 2443 694 2496 eocusotorie
707 2442 869 2509 proceditur.

150 2577 176 2648 l.
191 2577 299 2648 ludex
313 2578 390 2647 fecit
404 2578 570 2648 decretum
591 2578 630 2648 de
654 2577 857 2672 procedendo
882 2576 924 2646 ad
944 2577 1112 2664 ulteriora,
1130 2578 1246 2670 inqui-

105 2686 207 2756 rendo
222 2685 262 2755 de
281 2685 486 2780 delinquente
499 2707 559 2778 per
578 2709 717 2756 examen
732 2685 882 2772 testium;
897 2684 989 2776 jubet
1008 2707 1124 2776 nempe
1147 2686 1245 2755 scribi

104 2790 140 2858 in
155 2789 234 2858 sctis
246 2790 307 2860 hoo
322 2799 379 2861 aut
392 2791 495 2860 simili
510 2791 607 2862 modo
623 2820 631 2861 :

148 2947 163 2983 o
185 2925 316 2990 Attente
335 2927 518 2991 visitatione
540 2927 683 3007 corporis
700 2925 809 2990 delicti
830 2926 869 2990 de
891 2943 957 3008 quo
974 2942 1075 3006 cupro
1102 2925 1138 3003 (si
1156 2924 1246 2989 nulla

103 3026 188 3089 tacte
202 3026 252 3104 sit)
268 3024 512 3108 supprimantur
523 3042 561 3090 ee
575 3025 700 3106 verbe),
715 3041 839 3088 necnon
863 3023 963 3088 libelli
982 3024 1178 3087 eccecotorii
1190 3041 1245 3086 ec-

104 3124 325 3207 mentorisque
350 3123 561 3208 qualitatibus
581 3122 642 3201 (vel
672 3139 795 3187 necnon
817 3119 917 3186 tz'betli
935 3121 1170 3185 denuntiatorii
1188 3121 1244 3185 de-

103 3222 362 3304 nundatorisqne
389 3214 624 3304 qualitatibus),
654 3219 848 3284 reverendus
876 3219 930 3297 N.,
950 3219 1070 3302 judeo,
1092 3219 1243 3296 decreuit,

102 3328 203 3404 prout
219 3320 374 3402 presenti
386 3319 512 3382 decreto
532 3317 683 3396 decernit,
699 3318 747 3382 cd
762 3317 921 3382 ulteriora
936 3316 1121 3400 procedere,
1138 3317 1245 3399 inqui-

105 3417 207 3481 rendo
230 3417 269 3480 de
289 3417 491 3500 delinquente
510 3433 572 3498 per
594 3433 732 3480 examen
750 3416 891 3495 testium,
913 3422 944 3478 et
968 3415 1035 3480 elia
1058 3414 1245 3499 prestando

101 3524 201 3596 prout
224 3515 263 3578 de
281 3518 371 3597 jure.
393 3517 475 3578 Acta
490 3521 567 3577 ssent
589 3514 656 3578 ledo
674 3533 760 3578 cerno
842 3531 950 3577 mense
1035 3513 1174 3578 die...-
1188 3513 1243 3592 N.,

102 3613 224 3697 judeo.
239 3613 344 3690 -N.,
360 3613 537 3677 actuarius.
554 3637 570 3669 »

145 3739 188 3808 ll.
206 3738 355 3808 (litentur
370 3743 477 3825 testes,
494 3758 630 3828 proquo
645 3758 745 3827 supro
758 3737 935 3806 formulam
950 3736 1130 3830 posuimus.

146 3845 201 3913 lIl.
220 3845 281 3914 Die
300 3843 344 3912 sd
357 3843 617 3936 comparendum
632 3850 766 3928 statuto,
786 3843 1030 3931 interrogautur
1051 3849 1158 3929 testes,
1176 3863 1242 3910 non

99 3951 212 4037 simul,
229 3951 286 4019 sed
299 3973 385 4018 unus
398 3958 470 4043 post
484 3949 597 4018 alium.
614 3947 732 4016 Modus
746 3959 855 4016 sutem
871 3947 932 4018 hoc
947 3969 1087 4018 examen
1101 3947 1242 4016 faciendi

99 4059 179 4128 setis
193 4065 280 4149 patet
290 4079 334 4126 ex
347 4057 454 4126 forme
464 4055 547 4126 illud
561 4051 724 4126 referendi
736 4054 772 4123 in
783 4055 873 4143 actis,
889 4079 963 4150 quae
978 4063 1162 4147 potestesse
1177 4055 1239 4123 hu-

95 4165 245 4258 jusmodi
261 4193 269 4233 ι

144 4299 280 4382 cipitur
299 4300 386 4365 tectis
405 4297 461 4377 N.,
479 4299 609 4377 citatus,
630 4298 825 4381 comparuit,
845 4304 876 4361 et
896 4296 1040 4362 deletum
1059 4293 1124 4361 sibi
1138 4300 1237 4379 jura-
