3050 4984
522 533 595 581 raas
619 535 763 582 sacrani.
1147 523 1209 588 603

70 652 210 715 rentiam
237 659 379 717 vernam
406 662 444 718 ut
471 655 687 738 injunaimm,
709 665 740 722 et
769 659 809 723 cle
830 659 909 741 jure
941 668 998 738 est,
1020 661 1160 741 fideliter
1179 662 1218 728 id

64 760 301 840 praestituram,
323 769 354 824 et
374 769 448 824 aeta
464 763 633 845 praedicta,
655 772 693 828 ut
707 765 896 846 praefertur,
917 767 965 831 od
983 769 1050 836 Nos
1070 770 1215 853 sioiitota

70 867 347 932 transmissurum.
375 868 524 934 Valentis.
548 872 684 950 Datum,
700 880 759 936 ete.
773 907 813 918 -—
827 873 902 956 Eoo
915 875 973 954 Ν.,
995 876 1143 942 Vicarius
1156 898 1211 960 qe·

70 974 192 1039 aeratis
208 975 469 1042 arcbidr'oeceseos
478 979 520 1047 N.
536 1013 577 1028 -
588 979 662 1062 Eoo
675 980 707 1044 N
710 1028 732 1060 .,
745 983 925 1046 actuarius.
945 1005 960 1043 s

114 1131 255 1223 Accepto
272 1139 381 1202 autem
396 1132 587 1224 hujusmodi
602 1133 770 1221 mandato,
781 1135 919 1225 judexo
934 1158 998 1228 quo
1014 1137 1167 1228 procedat
1181 1138 1217 1206 in

69 1238 159 1307 hunc
172 1238 305 1308 modum
324 1265 332 1306 ε

114 1413 128 1449 a
151 1389 236 1457 Cum
254 1391 449 1456 reverendus
467 1392 523 1472 Ν.,
546 1393 691 1459 Vicarius
710 1397 872 1478 qeneralis
894 1397 927 1461 in
948 1397 1077 1462 dioecesi
1092 1399 1125 1464 N
1127 1447 1148 1480 .,
1163 1420 1215 1464 re·

68 1501 202 1582 cepisset
220 1499 415 1564 mandatum
434 1499 499 1564 sibi
514 1501 640 1582 sactum
654 1521 675 1565 a
689 1503 865 1566 reverendo
886 1503 942 1583 Ν.,
971 1505 1097 1571 Vicario
1117 1526 1212 1590 oene-

67 1605 137 1670 rali
157 1607 191 1670 in
212 1607 437 1690 spiritualibus
459 1608 720 1673 reverendissimi
737 1609 793 1688 Ν.,
811 1611 1055 1696 Arcbiepisoopi
1073 1614 1136 1694 Ν.,·
1158 1633 1214 1679 ao-

68 1715 150 1794 tens,
165 1723 201 1779 ut
212 1734 276 1798 par
288 1723 345 1794 est,
362 1716 446 1780 illud
463 1718 589 1800 exequi,
606 1735 721 1781 occare
738 1736 850 1782 coram
869 1736 902 1783 se
919 1720 998 1800 [ecit
1010 1720 1156 1785 dammas
1170 1723 1214 1790 N.

70 1831 105 1887 et
121 1823 176 1902 Ν.,
198 1830 229 1887 et
248 1824 443 1907 siqnificovit
464 1825 552 1908 rpsr's,
579 1843 612 1888 se
633 1843 698 1888 esse
717 1826 901 1890 nominatos
921 1845 943 1888 o
961 1824 1092 1891 domino
1111 1829 1152 1897 N.
1182 1830 1216 1892 in

65 1939 296 2014 procuratores
313 1951 400 2010 suos,
424 1940 461 1996 ut
482 1933 679 2015 conjunctim
702 1932 811 2012 ambo,
829 1933 896 1996 sioe
921 1935 1098 2016 separatim
1117 1936 1214 2018 quili-

70 2039 134 2118 bet,
163 2040 346 2103 assisterent
378 2039 543 2103 collationi
576 2047 724 2103 actorum
761 2042 1026 2105 transmissorum
1055 2044 1216 2123 facienda

68 2165 146 2208 eum
174 2147 339 2228 oriainali.
366 2147 433 2228 Qui
451 2147 577 2211 domini
593 2146 744 2230 praeliati
768 2149 987 2212 nominationi
1007 2149 1047 2212 de
1072 2169 1104 2214 se
1120 2152 1216 2232 sactae

68 2263 307 2332 consenserunt,
323 2263 354 2318 et
369 2254 416 2318 ad
433 2253 627 2318 mandatum
648 2255 819 2319 revermcli
840 2255 960 2321 Vicorii
974 2257 1134 2338 qeneroir's
1153 2276 1216 2322 res-

66 2359 257 2442 ponderunt
277 2380 311 2426 se
334 2362 472 2440 fideliter
494 2363 699 2445 prastituros
723 2379 843 2426 maenus
863 2375 971 2440 suum,
995 2371 1026 2426 et
1052 2361 1217 2429 collationi

64 2467 233 2552 predicta
253 2468 412 2551 facienda
440 2470 686 2533 interventores.
709 2469 793 2534 Acta
810 2475 886 2531 sunt
907 2469 984 2548 bac,
1006 2478 1064 2534 etc.
1085 2507 1124 2517 -
1141 2469 1215 2552 Eoo

69 2577 129 2653 Ν.,
150 2575 295 2640 Vicorius
313 2577 484 2660 qenerolis.
500 2613 538 2623 -
552 2575 625 2657 Eoo
641 2577 696 2653 Ν.,
711 2583 916 2659 procurator.
929 2612 967 2623 -
983 2577 1056 2658 Eoo
1068 2578 1100 2640 N
1103 2625 1124 2657 .,
1136 2597 1214 2661 pro·

71 2690 216 2747 curator.
232 2718 272 2729 -
282 2682 356 2767 qu
368 2685 401 2746 N
403 2732 424 2762 .,
440 2684 651 2747 actuarius.»

116 2825 213 2895 Facta
227 2833 335 2896 autem
349 2825 519 2895 collatione
531 2848 607 2895 cum
623 2826 811 2896 interventu
827 2826 942 2913 unius,
955 2826 1024 2897 sive
1039 2827 1214 2897 amborum

69 2942 333 3028 procuratorum,
345 2933 381 3002 in
392 2932 478 3002 calos
491 2932 683 3002 eorumdem
694 2941 842 3003 actorum
855 2932 995 3002 describi
1010 2933 1105 3004 debet
1119 2943 1216 3026 prout

72 3042 233 3134 sequitur.

114 3196 258 3261 Prason
272 3196 364 3277 copia
384 3202 530 3259 cenacto
541 3195 610 3277 ficit
629 3194 670 3258 ab
686 3194 766 3258 actis
780 3192 1005 3275 oriainoiibus,
1020 3203 1053 3258 et
1066 3194 1105 3260 de
1117 3194 1215 3260 aerbo

70 3303 122 3367 ad
140 3303 275 3367 verbum
290 3303 429 3382 fideliter
452 3321 526 3366 cum
554 3303 631 3384 ipsis
652 3302 873 3380 collationato,
897 3303 1004 3366 citatis
1021 3310 1053 3366 et
1078 3304 1215 3368 interae·

69 3411 235 3476 aientibus
262 3410 426 3474 collationi
447 3409 612 3491 prodicta
640 3409 782 3474 dominis
802 3409 844 3472 N.
869 3417 900 3473 et
921 3409 977 3486 Ν.,
996 3412 1216 3492 procuratori·

73 3519 135 3581 bus
154 3517 278 3582 dommi
298 3517 354 3594 Ν.,
376 3525 477 3599 prout
492 3534 606 3599 supra.
626 3517 667 3581 ln
689 3533 831 3600 quorum
857 3515 956 3596 fidem
979 3516 1095 3580 dotum
1114 3517 1164 3582 die

71 3626 192 3689 mensis
265 3624 382 3688 anni...
403 3657 444 3670 —
462 3622 536 3705 Eoo
553 3624 609 3702 Ν.,
626 3630 830 3707 procurator.
844 3659 884 3670 —
901 3623 975 3704 Eoo
990 3624 1046 3702 Ν.,
1059 3642 1216 3706 procura·

72 3743 136 3796 tor.
152 3767 191 3778 -
211 3731 284 3812 Eoo
299 3731 355 3809 Ν.,
371 3731 581 3794 actuarius.»

120 3883 220 3952 Debet
244 3889 351 3950 autem
377 3882 470 3974 copia
490 3883 536 3950 sic
556 3881 760 3951 collationato
779 3881 813 3949 in
836 3883 1008 3976 prasentia
1026 3881 1215 3952 eorumdem

72 3997 323 4086 procuratorum
336 3989 489 4080 sigillari3
504 3999 535 4058 et
550 3998 654 4082 potest
669 3989 785 4058 iisdem
799 3989 985 4082 consignari
997 3998 1034 4059 ut
1049 3990 1215 4059 transmit·

72 4107 146 4169 tant
159 4098 199 4166 ad
212 4097 355 4189 judicem
369 4095 410 4164 ad
424 4119 535 4189 quem,
553 4119 593 4164 ne
608 4095 715 4166 denuo
729 4097 870 4191 suspicio
890 4099 1015 4167 oriatur
1034 4095 1074 4166 de
1094 4097 1217 4168 immu-

73 4207 151 4276 tatis
170 4206 258 4275 foliis
273 4212 304 4274 et
316 4204 560 4274 adulteratione.
581 4203 646 4273 Sed
661 4203 778 4273 melius
795 4206 851 4273 aet
865 4205 893 4272 si
910 4203 950 4273 ad
971 4205 1090 4274 calcem
1105 4205 1215 4296 cujus-

73 4314 155 4388 libet
171 4313 241 4384 folii
265 4311 462 4388 collationati
488 4319 716 4406 procuratores
736 4333 770 4382 se
791 4311 1023 4384 subscribant:
1049 4310 1110 4382 hoc
1127 4313 1215 4384 onim
