3050 4984
242 458 304 525 328
629 484 806 529 marus
825 482 866 528 ne
884 483 1021 531 ιυιιαιι.

240 624 417 692 scopora
439 602 544 671 coron
565 602 829 690 abactam,
850 604 1043 695 quodidem
1062 606 1383 693 emerirrsormta

240 708 1381 801 mmmmprocedere,eumemcansaesintnotoriehtispn·

283 927 451 1018 Ejusmodi
473 934 581 995 anum
601 930 843 1017 argumentatio
865 930 947 999 mibi
972 932 1104 999 videtum
1128 933 1219 999 omni
1244 953 1381 1021 prorsus

236 1034 353 1103 robore
374 1034 516 1103 destitui.
538 1035 622 1103 Nam
636 1035 760 1126 primo,
783 1036 976 1105 Tridentino
997 1039 1145 1129 synodus
1167 1038 1220 1107 his
1243 1038 1382 1106 roribus

235 1164 276 1210 et
290 1142 471 1231 informata
485 1142 680 1211 commentia
694 1166 754 1211 usa
769 1166 837 1211 non
850 1152 912 1229 est,
928 1144 985 1212 sed
999 1145 1163 1214 locutione
1172 1144 1380 1236 etna-judi·

235 1250 372 1319 cialiter.
393 1249 434 1317 Et
453 1257 519 1319 tota
537 1250 729 1341 quesnois
749 1250 810 1317 boc
831 1252 984 1335 vertitur,
1001 1261 1114 1321 utrum
1129 1252 1230 1342 possit
1243 1252 1378 1341 Episco-

233 1378 307 1447 pus,
330 1355 461 1447 qrraudo
480 1356 606 1423 crimen
625 1364 673 1423 est
692 1354 876 1447 publicum,
892 1358 1199 1449 extra-judicialiter
1221 1358 1378 1426 clericum

232 1461 440 1555 suspendere.
457 1462 561 1530 Porro
576 1462 645 1531 hae
658 1462 735 1547 duo,
750 1463 874 1531 crimen
887 1486 952 1532 aare
962 1464 1145 1555 palliam,
1160 1473 1193 1533 et
1204 1466 1380 1554 cetra-ju-

232 1568 393 1637 dicialiter
407 1568 553 1661 procedi,
579 1590 784 1661 nequaquam
807 1571 893 1639 inter
914 1594 950 1639 se
971 1580 1131 1663 pugnant,
1153 1594 1212 1638 ner
1231 1571 1378 1639 invicem

232 1699 301 1745 sese
312 1675 502 1745 excludunt.
521 1678 576 1759 At,
592 1676 713 1767 inquis,
731 1676 797 1744 diei
809 1677 923 1745 saltem
936 1686 1016 1745 tunc
1030 1678 1179 1769 nequibit
1195 1678 1378 1769 Episcopus

231 1784 424 1875 processisse
439 1804 480 1849 ca·
494 1782 674 1871 insci-irrata
687 1783 895 1851 mmcientia.
910 1784 988 1852 Esto
1003 1811 1012 1851 :
1026 1784 1107 1877 quid
1121 1784 1163 1852 ad
1178 1787 1271 1851 rem?
1280 1784 1377 1851 Dice·

232 1900 287 1959 tur
302 1890 493 1983 processisse
515 1888 841 1979 atra-judiacum,
863 1891 936 1960 licet
955 1913 1021 1959 non
1039 1914 1081 1958 ec
1095 1892 1279 1981 insonnem
1297 1912 1377 1959 con·

229 2000 375 2078 mcc,
389 2006 421 2065 et
435 1996 495 2065 hoc
509 1995 592 2065 thesi
604 2004 723 2063 nostrae
734 1994 865 2065 sufficit.
882 1997 1034 2066 Secundo
1048 2024 1060 2064 .·
1072 1997 1130 2065 aed
1143 2020 1248 2088 neque
1258 2018 1377 2065 conce—
1522 2044 1524 2087 ,

233 2106 343 2174 dimus
361 2126 433 2171 eam
454 2102 648 2171 locutionem
670 2126 712 2171 ecc
730 2104 912 2195 associante
930 2105 1138 2185 comcieatio,
1160 2127 1181 2172 a
1200 2104 1377 2172 monuistis

233 2211 448 2282 introductam
475 2218 508 2277 et
538 2217 647 2299 postea
674 2211 868 2298 generaliter
894 2219 1075 2301 receptam,
1102 2210 1212 2279 delicti
1235 2211 1378 2303 publici-

232 2328 330 2389 tatem
353 2316 532 2387 necessario
555 2316 754 2385 excludere:
778 2340 855 2385 nam
874 2318 1001 2386 etiamsi
1024 2318 1192 2409 publicum
1213 2319 1256 2385 sit
1273 2316 1376 2385 delic-

232 2438 315 2513 tum,
337 2428 470 2493 insero
490 2444 587 2491 sensu
610 2423 674 2491 diei
696 2432 802 2515 potest
824 2426 1002 2517 Episcopus
1024 2447 1065 2492 ee
1088 2426 1267 2514 insonante
1289 2447 1374 2492 con-

231 2534 365 2603 scientia
377 2530 562 2623 procedere,
574 2552 615 2598 ex
627 2552 665 2599 eo
678 2552 794 2623 nempe
804 2532 893 2623 quod
907 2532 1060 2623 procedat
1071 2555 1114 2600 ex
1127 2532 1374 2623 probationibus

233 2641 297 2711 ribi
312 2636 614 2729 extra-judicialiter
628 2638 716 2705 notis
728 2646 760 2706 et
775 2662 841 2707 non
856 2662 896 2707 ex
914 2639 1160 2730 probationibus
1169 2640 1206 2706 iu
1219 2661 1373 2729 prooessn

232 2745 376 2837 regulari
392 2742 596 2834 comparatis.
613 2744 657 2811 Ut
674 2744 755 2812 adeo
769 2745 934 2835 proposita
949 2746 1191 2834 argumentatio
1204 2745 1247 2813 ad
1266 2766 1373 2813 meras
1521 2795 1522 2848 1

232 2852 451 2923 cavillationes
463 2850 578 2917 merito
590 2849 772 2939 ableganda
786 2851 946 2921 videatur.

276 2964 310 3026 2⁰
330 2960 611 3045 Argumentantor
629 2978 671 3024 ex
692 2958 882 3042 certissima,
907 2966 943 3027 ut
962 2968 1123 3044 asserunt,
1145 2957 1372 3027 Romanorum
1521 2985 1522 3078 ,

231 3063 521 3155 congregationum
548 3062 829 3154 (congregationis
846 3065 983 3133 Concilii
997 3065 1189 3155 praesertim)
1213 3068 1373 3135 mutantia

231 3182 263 3243 et
275 3170 382 3264 prasi.
400 3170 464 3237 Pro
482 3177 569 3236 certo
583 3189 699 3259 nempe
713 3170 846 3256 habent,
861 3193 928 3239 nou
942 3171 1071 3239 admitti
1086 3170 1214 3240 edictis
1227 3194 1371 3261 congre-

230 3276 418 3373 gationibus
442 3276 676 3366 Episcoporum
703 3276 1009 3368 extra-judicialiter
1038 3301 1098 3346 sen
1125 3300 1167 3345 ex
1196 3278 1371 3347 informata
1521 3273 1522 3320 ³

229 3384 423 3459 conscientia
437 3381 657 3473 suspendendi
671 3382 867 3469 facultatem,
887 3385 954 3452 uisi
968 3385 1004 3452 in
1024 3407 1100 3452 casu
1115 3384 1236 3453 occulti
1252 3386 1371 3453 crimi-

230 3496 292 3564 nis.
318 3492 399 3572 Qum
426 3487 559 3580 quidem
586 3489 809 3558 Romanarum
836 3494 1127 3581 congregationum
1155 3493 1313 3560 sententia
1338 3501 1371 3561 et

229 3600 352 3695 praxis,
375 3596 402 3664 si
418 3594 458 3663 de
473 3595 542 3686 ipsa
559 3594 653 3686 plene
676 3604 847 3683 constaret,
864 3619 935 3665 rem
949 3596 1083 3667 omnino
1106 3596 1279 3666 evinceret.
1303 3598 1368 3667 Sed

228 3730 303 3777 cum
317 3704 510 3773 documenta
525 3700 637 3768 saltem
651 3701 772 3793 aliqua,
789 3726 865 3793 quae
882 3701 1044 3794 ejusmodi
1065 3703 1198 3793 praxim
1217 3705 1367 3795 probent,

227 3841 247 3887 a
266 3810 423 3885 Romanis
444 3807 631 3893 canonistis,
652 3830 722 3876 eam
744 3810 825 3878 mihi
843 3810 1072 3895 asserentibus,
1093 3810 1367 3901 expostulaverim

227 3934 259 3995 at
287 3917 490 4014 quaesierim,
515 3914 643 3982 nutlum
667 3937 802 4006 prorsus
830 3917 913 3986 mihi
935 3938 1124 4008 comparare
1144 3918 1234 4007 potui
1253 3945 1260 3984 :
1280 3920 1370 3987 unde

226 4054 293 4101 non
308 4029 453 4097 obstante
468 4022 629 4092 dictorum
645 4022 793 4092 virorum
807 4025 1010 4112 auctoritate,
1032 4024 1137 4093 fateor
1156 4046 1208 4091 me
1228 4024 1368 4095 dubium

228 4138 371 4207 haesisse.

272 4248 303 4315 3ο
319 4242 370 4313 Ad
384 4248 507 4309 textum
523 4245 633 4309 sutem
649 4236 890 4326 Tridentinum,
904 4238 938 4306 in
955 4260 1021 4331 quo
1036 4237 1156 4306 dicitnr
1169 4259 1264 4335 posse
1286 4238 1367 4336 Epi-
