3050 4984
295 466 357 531 396
665 486 841 533 mataras
862 485 902 533 nn
923 484 1058 533 sunium.

294 606 387 697 pravi
413 612 446 673 et
469 604 581 698 injusti
608 606 644 674 in
672 606 819 697 generali
845 628 905 676 sna
931 605 1105 701 disciplina
1133 606 1318 677 admittere.
1347 608 1428 678 Esne

292 710 464 802 dupliciter
477 734 602 781 emesae
622 711 701 782 mihi
723 713 877 782 videntur
901 712 1074 805 scriptores
1100 711 1163 793 illi,
1191 711 1248 804 qui
1273 720 1306 779 et
1330 711 1371 780 de
1396 734 1428 781 ce

293 808 448 910 injustim
463 818 562 888 inisse
586 819 677 911 ignis
690 843 823 914 pennam
836 820 871 889 in
886 818 1055 890 hreretioos
1068 820 1150 889 olim
1175 825 1327 889 statutam
1353 840 1429 888 ron-

293 926 423 1013 redunt,
448 934 482 995 et
510 936 632 1018 negent
660 927 802 997 nllasin
833 928 894 999 hoc
924 935 1032 1021 partes
1061 926 1237 997 Ecclesiam
1266 926 1426 997 habuisse.

281 1034 379 1101 Dum
401 1032 489 1102 enim
517 1032 578 1103 hoc
593 1034 690 1104 modo
704 1034 884 1104 Ecclesiam
900 1034 941 1104 ab
957 1033 1185 1104 hereticorum
1214 1042 1246 1102 et
1273 1034 1430 1103 acatholi-

293 1161 408 1209 cornm
448 1140 592 1209 dietenis
625 1148 710 1211 recte
739 1140 898 1211 vindicari
936 1141 1142 1227 erufimant,
1173 1162 1287 1209 revera
1328 1142 1432 1231 magis

294 1246 465 1317 hostilibus
484 1249 519 1317 in
545 1271 617 1317 eam
631 1248 931 1341 oppugnationibus
947 1270 1061 1317 ansam
1085 1248 1251 1342 prebent3
1269 1246 1430 1340 siquidem

294 1353 479 1446 imperiales
503 1355 592 1446 leges
613 1354 654 1425 de
679 1355 879 1448 perimendis
904 1356 1103 1425 haeredcisa
1129 1354 1213 1425 Sede
1233 1355 1428 1447 Apostolira,
1496 1376 1497 1431 3

293 1483 359 1529 non
382 1468 509 1531 tanturn
523 1463 717 1555 approbatas
731 1463 844 1550 faiam,
862 1464 918 1533 sed
942 1470 976 1531 et
999 1485 1054 1531 cas
1080 1484 1211 1533 servare
1224 1454 1432 1551 magistratus

293 1568 464 1637 mulares
483 1569 525 1638 ab
547 1568 660 1638 eadem
681 1571 872 1639 anctoritate
898 1569 1111 1641 ecclesiastiea
1131 1570 1240 1662 jussos
1268 1568 1383 1655 fuisse,
1403 1576 1432 1636 et

293 1676 339 1743 ite
364 1675 405 1745 de
427 1676 512 1745 tacto
540 1698 599 1767 per
623 1676 718 1768 plura
743 1678 863 1747 mula
884 1676 1063 1748 invaluisse
1085 1676 1271 1768 generalem
1288 1676 1430 1767 praxim,

287 1783 486 1853 documenta
521 1790 680 1853 testantur
715 1784 970 1876 quamplurima.
1009 1782 1105 1855 Unde
1145 1806 1212 1853 non
1247 1781 1432 1873 negandum

293 1898 401 1982 partes
423 1890 550 1983 aliquas
571 1890 607 1959 in
626 1891 687 1959 hoc
702 1890 877 1960 Ecclesiam
892 1890 1058 1979 habenae,
1074 1890 1131 1960 sed
1150 1889 1339 1980 negandum
1354 1910 1432 1981 pra-
1497 1984 1498 1987 Ἴ

294 2019 373 2066 vnm
389 1996 500 2085 inisse,
516 1998 647 2068 attentis
656 1997 776 2067 horum
790 2007 975 2090 temporum
989 1997 1254 2084 circumstantiis,
1266 1994 1354 2088 quod
1366 1997 1432 2089 ipss

294 2103 457 2196 probavit,
482 2112 515 2175 et
538 2127 558 2173 a
582 2112 738 2196 potestate
758 2104 906 2173 sreculeri
927 2103 996 2196 jem
1025 2103 1219 2196 dispositum
1235 2100 1431 2173 servandum

295 2212 505 2305 praescripsit.

341 2318 474 2403 oeteo,
501 2327 657 2389 craterum
682 2320 809 2390 sublata
818 2320 1016 2412 jamdudum
1029 2329 1062 2390 et
1079 2320 1207 2412 legibus
1221 2318 1433 2389 sacularibus

294 2426 436 2518 qualibet
450 2426 620 2517 sanguinis
632 2427 669 2496 in
683 2428 853 2499 hereticos
865 2450 975 2519 prena,
992 2427 1085 2497 desiit
1099 2427 1171 2519 ipso
1184 2426 1268 2495 iacto
1282 2425 1432 2495 Ecclesia

293 2540 450 2602 statutum
465 2533 505 2601 de
516 2532 684 2602 servandis
697 2534 856 2626 ejusmodi
866 2534 1031 2627 potestatis
1046 2533 1234 2625 temporalis
1247 2532 1434 2624 dispositio·

294 2640 402 2709 nibus.
419 2640 561 2709 Ecclesia
571 2640 659 2710 enim
670 2663 783 2733 poenas
795 2642 965 2731 sanguinis
978 2663 1083 2734 neque
1096 2641 1167 2733 ipsa
1178 2641 1365 2733 exequitur,
1380 2662 1433 2707 ne·

294 2769 358 2839 que
373 2748 573 2839 pronuntiet.
596 2748 666 2817 lmo
691 2771 746 2816 eas
769 2748 847 2817 olim
870 2770 937 2817 non
963 2748 1167 2841 approbavit,
1184 2746 1248 2815 nisi
1275 2757 1434 2839 qnatenus

295 2853 478 2923 esaeculari
501 2862 655 2947 potestate
665 2855 734 2947 jam
757 2855 851 2943 latas,
866 2865 898 2924 et
922 2856 964 2924 eb
977 2855 1091 2925 eadem
1103 2853 1323 2947 exequendas.
1342 2852 1433 2923 Unde

295 2982 430 3051 prorsus
443 2968 622 3052 nugantur,
636 2962 695 3053 qui
710 2961 809 3031 hodie
824 2960 954 3053 fingunt
970 2984 1039 3032 sese
1054 2960 1280 3049 reformidare,
1298 2982 1340 3029 nc
1355 2961 1433 3029 torte

294 3066 512 3137 reducendam
527 3068 562 3136 in
577 3067 746 3137 haereticos
761 3076 920 3137 torturam
934 3075 966 3138 et
980 3070 1066 3161 ignis
1076 3090 1206 3162 pronam
1218 3067 1319 3137 Sedes
1330 3070 1434 3161 Apos-

295 3172 402 3260 telier,
418 3183 450 3243 et
473 3174 498 3241 ii
522 3174 694 3267 scriptores
707 3175 766 3266 qni
779 3174 959 3245 doctrinam
978 3198 1149 3245 romanam
1165 3182 1310 3262 tuentur,
1327 3176 1433 3243 animo

295 3280 477 3349 revolvant.
494 3280 659 3362 Quantam
672 3280 763 3349 enim
778 3281 869 3349 abest
889 3290 924 3351 ut
939 3282 1058 3375 aliquis
1074 3282 1215 3375 populus
1228 3280 1433 3351 secularisve

295 3388 447 3481 princeps
469 3387 659 3457 cremandos
684 3387 854 3457 hereticos
869 3387 966 3459 hodie
976 3388 1141 3477 decernat,
1157 3396 1283 3457 tantum
1295 3388 1386 3457 abest
1399 3394 1433 3457 nt

296 3494 438 3565 Ecclesia
451 3492 486 3562 id
505 3503 725 3587 opportunum
739 3495 950 3588 pronuntiet3
966 3518 1055 3585 cnm,
1071 3505 1109 3565 ut
1122 3495 1245 3565 dietum
1268 3503 1332 3581 est,
1347 3494 1432 3587 ejus-

297 3600 386 3672 modi
412 3622 525 3693 poenas
539 3608 717 3693 spontaneo
741 3601 938 3694 populorum
964 3611 995 3673 et
1023 3602 1210 3696 principum
1231 3600 1431 3672 secularium

297 3708 469 3780 consensui
484 3708 701 3779 decernendas
714 3708 857 3779 Ecclesia
868 3709 1042 3803 relinquat.
