3050 4984
282 468 345 534 492
658 497 834 543 raacrsros
857 498 895 543 on
917 497 1052 544 runicus.

275 613 420 699 propriis
443 613 544 678 oculu
568 615 711 681 uidimru
732 617 868 695 litteras,
891 617 1008 700 quibus
1028 617 1322 684 Reuereudissimus
1341 617 1423 682 Am-

277 724 437 785 causensis
464 722 656 805 Episcopus,
684 723 897 789 reverendum
925 724 1093 788 domiuum
1127 725 1257 802 Titium,
1278 725 1425 789 eceksise

277 829 382 890 amuli
396 829 486 893 Petri
503 828 616 912 oppidi
626 831 695 894 N...
715 831 908 912 pamelium,
925 833 958 894 iu
978 849 1079 894 causo
1099 832 1265 896 criminali
1281 831 1425 896 iomar

280 935 468 1018 Sempronii
486 937 683 1020 presbyteri,
712 937 874 1021 delepamt
895 941 929 1001 iu
954 939 1132 1021 judicem:
1156 940 1190 1001 iu
1215 956 1359 1020 quorum
1388 941 1425 1017 fi-

279 1041 353 1106 dem
370 1091 417 1120 ...,
431 1043 484 1107 die
551 1046 669 1108 melleis
736 1047 856 1109 anni...
871 1071 886 1102 n

322 1177 424 1247 Debet
449 1187 560 1248 autem
584 1180 760 1266 actuarius,
787 1179 879 1250 initio
904 1189 1050 1265 actuum,
1073 1181 1272 1249 mentionem
1297 1179 1339 1249 de
1364 1179 1425 1248 hae

277 1279 510 1374 legitimatione
520 1285 637 1373 lacere,
657 1285 697 1356 de
713 1310 779 1379 quo
795 1288 973 1357 formulam
989 1287 1076 1357 inira
1089 1287 1242 1380 ponimus

749 1547 893 1618 CAPUT
926 1549 966 1616 ll.

632 1733 738 1780 nouus
770 1733 899 1780 causum
930 1733 1067 1796 uorunu.

325 1900 356 1962 1.
374 1897 424 1964 Ex
439 1898 541 1990 capite
560 1899 727 1982 Quoniam
750 1899 800 1989 (de
817 1900 966 1990 Probat.)
982 1908 1014 1968 et
1033 1900 1136 1992 capite
1154 1901 1196 1968 Ut
1209 1900 1355 1992 officium
1375 1900 1427 1990 (de

280 2005 432 2093 neree),
461 2004 578 2074 debent
603 2006 701 2074 scribi
725 2015 796 2074 acta
814 2005 992 2098 judicialia,
1020 2007 1109 2076 vela
1133 2007 1259 2074 notario
1279 2007 1425 2098 publico,
1505 2073 1506 2096 ,

280 2110 333 2178 vel
355 2135 374 2176 a
396 2109 523 2180 duobus
546 2113 626 2180 viris
648 2111 797 2204 idoneis.
814 2112 891 2200 Sed,
914 2121 1011 2206 prout
1037 2121 1125 2180 notat
1148 2112 1357 2181 Reiffenstuel
1381 2114 1426 2204 (in
1505 2131 1506 2196 t

279 2218 414 2286 titulum
436 2223 467 2303 1,
489 2219 564 2286 libri
589 2225 606 2287 5
629 2220 770 2306 Decret,
794 2244 827 2288 n.
855 2222 930 2311 344)
949 2219 1015 2289 duo
1035 2219 1084 2288 illi
1106 2220 1214 2289 idonei
1236 2210 1425 2311 scriptores,
1505 2259 1506 2310 3

278 2345 344 2391 non
359 2326 499 2415 amplius
511 2335 588 2394 sunt
600 2327 636 2394 in
651 2349 724 2396 usn.
745 2326 889 2396 Omnino
907 2349 985 2416 ergo
1006 2327 1184 2418 requiritur
1199 2327 1345 2394 notanus
1360 2350 1426 2417 pu·
1505 2347 1506 2428 p

281 2432 404 2517 blicus3
430 2433 575 2524 alioquin
599 2443 670 2502 acta
691 2443 877 2503 necassent
898 2434 1096 2518 authentica,
1117 2455 1175 2500 nec
1195 2431 1360 2524 publicam
1382 2433 1426 2500 fi·

281 2540 354 2606 dem
370 2540 531 2618 facerent;
547 2548 579 2607 ct
599 2549 702 2609 totum
719 2541 856 2631 proinde
867 2541 1029 2632 judicium
1046 2563 1087 2607 ex
1108 2538 1169 2608 hoc
1183 2539 1309 2608 delectu
1327 2539 1425 2608 nulli·
1505 2531 1506 2576 i

280 2653 343 2713 tate
359 2647 529 2715 laboraret.
556 2645 660 2736 Igitur
680 2648 707 2714 si
729 2647 840 2715 nullus
859 2647 946 2715 adsit
966 2645 1113 2714 notarius
1134 2645 1296 2736 publicus,
1314 2645 1372 2737 qui
1392 2646 1427 2713 in

280 2754 461 2821 actuarinm
476 2754 623 2844 deputari
640 2755 752 2846 possit,
776 2754 869 2822 debet
884 2753 1003 2844 aliquis
1020 2751 1134 2820 creari.

326 2863 357 2927 2.
376 2858 460 2927 Cum
474 2867 511 2928 ut
526 2882 586 2927 suo
604 2859 676 2927 loco
691 2859 794 2950 (parte
813 2863 848 2944 2,
864 2867 941 2926 sect.
966 2862 999 2942 2,
1016 2879 1087 2948 cap.
1109 2860 1162 2944 15,
1178 2855 1199 2947 ἓ
1217 2857 1247 2945 5)
1264 2855 1424 2942 diximus,
1505 2849 1506 2926 i

280 2967 368 3032 solus
385 2987 557 3056 supremus
580 2965 734 3056 Princeps
756 2965 898 3035 notarios
919 2986 1028 3033 creare
1047 2963 1164 3050 valeat,
1185 2971 1217 3030 et
1236 2971 1426 3055 potestatem
1505 2977 1506 3052 l

281 3069 365 3138 hanc
380 3071 530 3162 Episcopi
547 3093 613 3142 non
629 3070 769 3140 habeant
780 3071 843 3140 nisi
863 3094 903 3140 ex
918 3069 1075 3160 generali,
1090 3091 1165 3161 quae
1181 3069 1334 3157 invaluit,
1349 3092 1426 3138 con-
1505 3073 1506 3162 i

282 3177 465 3264 suetudine,
494 3179 641 3270 seqnitur
666 3176 783 3246 debera
807 3178 1005 3269 Episcopum
1031 3176 1175 3246 notarios
1198 3199 1255 3268 per
1283 3177 1426 3268 scipsum
1505 3163 1506 3212 ἦ

282 3306 402 3371 creare,
419 3293 609 3354 nouantem
629 3285 713 3354 hanc
733 3285 936 3376 provinciam
956 3285 1088 3352 Vicario
1109 3283 1267 3374 generali,
1287 3283 1340 3350 vel
1355 3283 1426 3351 aliis

283 3393 497 3460 committere.
1201 3414 1204 3420 '

329 3503 360 3565 3.
384 3498 492 3567 Potest
512 3508 621 3569 autem
645 3501 826 3592 Episcopus
845 3499 990 3589 aliquem
1012 3499 1046 3566 in
1071 3497 1235 3567 notarium
1258 3497 1426 3588 publicum

284 3627 405 3690 creare,
422 3607 474 3675 vel
488 3607 530 3675 ad
546 3607 673 3674 unicam
698 3607 870 3675 dumtaxat
885 3627 1015 3674 causam
1036 3605 1300 3689 determinatam,
1319 3603 1370 3672 vel
1386 3602 1425 3671 ad

285 3734 400 3780 omnes
413 3713 607 3800 generaliter
621 3735 746 3800 causas,
763 3721 795 3780 et
806 3711 908 3780 donec
924 3722 1105 3782 revocetur.

330 3822 361 3885 t.
379 3820 460 3886 ltem
476 3826 579 3910 potest
594 3819 771 3910 Episcopus
782 3819 976 3888 creationem
993 3817 1153 3910 ejusmodi
1170 3819 1286 3904 facere,
1303 3817 1356 3886 vel
1373 3840 1427 3908 per

287 3933 431 4013 patentes
445 3925 578 4011 litteras,
594 3925 646 3993 vei
661 3926 739 3993 viva
751 3947 829 3993 voce
845 3925 1059 4017 praesentibus
1075 3924 1203 3993 duobus
1215 3923 1360 3992 testibus.

334 4037 365 4100 5.
386 4034 613 4102 loramentum
635 4032 721 4124 quod
743 4032 891 4102 notarius
909 4041 1065 4124 praestare
1087 4030 1194 4115 debet,
1216 4053 1282 4099 non
1302 4038 1426 4098 tenatur

289 4139 469 4231 Episcopus
481 4162 538 4231 per
553 4140 695 4230 seipsum
712 4139 854 4230 recipcre
866 4169 873 4220 ;
884 4139 939 4208 sed
956 4148 1060 4230 potest
1071 4138 1203 4208 Vicario
1219 4137 1362 4229 generali
1379 4138 1425 4205 vel

289 4245 345 4313 alii
360 4246 567 4335 demandare,
581 4255 618 4316 ut
633 4246 714 4316 illud
728 4247 871 4338 recipiat.
