3050 4984
234 380 299 449 too
604 404 782 454 ranarum
803 408 842 455 or
863 408 998 455 morans.

232 524 286 591 dat
302 524 431 609 limites,
449 534 544 618 atque
559 527 593 594 in
609 549 754 597 amorem
771 530 969 620 prolabatur.
988 531 1072 598 Hinc
1087 539 1260 622 anteqmm
1276 554 1295 599 a
1310 538 1390 598 tam

230 632 342 719 gravis
360 633 547 723 quaestionis
568 638 756 704 tractatione
782 660 916 705 manum
943 637 1160 723 retrahamus,
1182 638 1240 705 abs
1258 660 1293 705 re
1312 660 1390 705 non

231 740 293 806 erit
315 739 472 807 nonnulla
493 740 693 828 subnectere,
719 765 794 833 qum
823 750 947 811 rectum
980 742 1020 810 de
1043 752 1181 835 utraque
1207 743 1388 835 disciplina

231 847 391 914 sentiendi
406 847 544 915 modum
556 848 735 939 patefacere
749 849 890 918 valcant.

272 956 298 1021 l.
317 958 356 1023 ln
372 954 453 1023 duos
468 978 602 1036 errores,
620 954 818 1025 adinvicem
834 959 1009 1049 oppositos,
1026 958 1315 1028 animadvertitur.
1337 999 1388 1013 -

230 1063 290 1129 Hic
312 1063 453 1153 quaestio
478 1063 572 1130 nohis
592 1085 657 1131 non
678 1071 727 1130 est
751 1064 792 1132 de
818 1087 918 1157 snpra
943 1065 1108 1135 confutato
1135 1088 1246 1135 errore
1272 1067 1388 1136 Pisto-

226 1171 342 1238 riensis
355 1170 572 1253 conciliabuli,
587 1170 622 1237 in
645 1192 711 1260 quo
731 1171 957 1240 schismaticus
976 1173 1154 1264 Episcopus
1172 1196 1249 1242 cnm
1271 1175 1388 1267 aliqua

226 1278 437 1369 deceptorum
463 1277 516 1344 rel
538 1277 741 1366 perditorum
766 1278 986 1369 parochorum
1009 1288 1120 1349 turma
1142 1282 1277 1372 injustas
1299 1305 1387 1372 pro-

227 1385 378 1453 nuntiare
399 1406 500 1451 ausus
522 1392 570 1451 est
591 1383 788 1475 episcopales
811 1407 854 1453 ex
879 1386 1056 1455 informata
1080 1388 1278 1457 couscientia
1303 1410 1387 1456 sen·

226 1486 358 1575 teutiaa;
391 1490 448 1558 aed
476 1489 516 1557 de
546 1489 675 1558 dnobus
703 1490 776 1558 aliia
802 1492 989 1578 erroribus,
1020 1493 1056 1561 in
1080 1516 1163 1585 quos
1192 1494 1271 1585 lapsi
1301 1502 1387 1563 sunt

226 1598 398 1688 scriptores
418 1595 567 1663 nonnulli
591 1595 755 1682 catholici,
777 1598 834 1689 qui
857 1601 1059 1691 caeteroquin
1079 1599 1239 1669 dictarum
1263 1609 1386 1668 extra-

224 1704 430 1797 judicialium
444 1704 678 1771 sententiarum
691 1704 854 1794 justitiam
871 1714 903 1773 et
923 1706 1162 1796 legitimitatem
1177 1729 1218 1775 ex
1233 1707 1384 1798 professo

300 1813 307 1826 '
353 1823 400 1879 nt.

229 1823 429 1988 suit.mlirror
441 1920 601 2009 Boipeuii.
618 1958 661 1973 -
675 1921 713 1988 ln
728 1942 826 2011 opere
840 1920 1016 2012 posthumo
1034 1922 1087 1989 cui
1101 1922 1228 2009 titulus,
1250 1922 1303 1991 dei
1319 1924 1382 1991 Li-

229 2030 304 2097 miti
325 2027 407 2096 delle
427 2026 491 2095 due
508 2039 637 2119 potesta
660 2027 872 2095 meledostica
888 2052 905 2095 e
922 2029 1063 2097 seculare
1083 2029 1180 2119 (edito
1203 2030 1381 2098 Florentiae

226 2158 313 2204 anno
327 2138 425 2220 tale,
441 2157 516 2224 pag.
533 2138 608 2219 137,
622 2156 656 2201 u.
674 2134 764 2223 llil),
777 2135 922 2223 agnoscit
935 2134 1069 2226 quidem
1083 2136 1285 2205 clarissimus
1299 2159 1383 2205 ano-

227 2252 279 2311 tor
303 2264 487 2311 concessam
514 2242 682 2332 Episcopis
709 2264 729 2309 a
759 2241 950 2309 Tridentino
979 2242 1103 2332 synodo
1133 2265 1174 2310 ex
1202 2243 1382 2312 informata
1507 2262 1508 2293 ff

227 2351 422 2418 conscientia
444 2348 659 2416 sententiandi
679 2346 877 2415 facultatem.
898 2348 962 2415 Sed
987 2370 1059 2417 eam
1083 2358 1193 2439 postea
1214 2348 1286 2417 vult
1308 2372 1382 2418 res·
1507 2378 1508 2411 ;

229 2459 358 2526 trictam
375 2456 435 2523 hoo
450 2454 548 2522 modo
563 2454 702 2543 intelligi
721 2481 729 2521 :
747 2454 920 2545 Epnropis
935 2478 975 2522 ec
990 2455 1169 2548 insonante
1183 2457 1382 2526 conscientie
1507 2460 1508 2527 3

226 2563 423 2646 procedendi
432 2562 623 2642 fucultatem
634 2562 711 2639 feeit
726 2561 916 2626 Tridentino
930 2561 1095 2643 synodus:
1112 2563 1186 2627 inde
1199 2572 1310 2628 nutem
1326 2567 1378 2627 in·
1507 2556 1508 2641 ἶ

228 2669 401 2753 serendum
419 2685 628 2749 nequaquam
646 2675 703 2744 est,
722 2676 760 2730 ut
777 2670 928 2733 nonnulli
945 2670 1145 2748 eristimont,
1164 2670 1327 2754 Episcopo
1342 2674 1384 2736 id
1507 2676 1508 2747 j

227 2778 396 2859 potestatis
413 2773 554 2849 concedi,
574 2782 612 2838 ut
626 2774 660 2837 in
673 2792 767 2837 reum
788 2776 896 2839 valeat
908 2778 1067 2857 priuatim
1081 2784 1113 2840 ct
1129 2795 1170 2839 en
1192 2778 1299 2841 causis
1315 2780 1383 2843 sibi
1507 2836 1508 2841 ,

229 2886 313 2947 notis
323 2883 552 2966 pronuntiare,
568 2881 637 2944 sive
645 2899 782 2963 poeraam
802 2882 1027 2963 spiritualibus
1045 2884 1208 2947 exercitiis
1221 2886 1376 2963 amandi,

230 2992 297 3053 siue
311 2990 479 3064 mulctum,
493 2990 561 3050 siue
574 3005 767 3051 censuram:
779 2988 874 3053 obsit.
891 2989 959 3053 Hoc
969 2990 1056 3053 enim
1070 2990 1191 3053 abusus
1202 2994 1379 3055 auotorita-

232 3100 273 3160 tis
280 3098 376 3177 soret.
391 3095 490 3159 Debet
503 3103 578 3157 ante
590 3096 701 3157 omnin
715 3095 898 3179 Episcopus
911 3082 1044 3177 pienum
1058 3096 1096 3160 de
1111 3096 1225 3159 delicto
1240 3100 1376 3161 certitu-

233 3205 343 3268 dinem
357 3203 421 3265 sibi
437 3219 641 3283 comparare,
660 3219 719 3265 nec
730 3202 831 3283 facite
844 3203 972 3265 acuetis
985 3204 1254 3279 munctionibus,
1271 3214 1375 3269 cuta-

232 3330 307 3374 rum
322 3310 506 3393 prasertim
521 3326 754 3390 personarum,
776 3307 877 3387 fidem
899 3308 1062 3373 adbibere.
1091 3310 1172 3373 Tum
1193 3320 1306 3375 uocato
1331 3330 1377 3375 se-

231 3428 399 3493 mutereo,
420 3416 484 3497 ipsi
502 3415 655 3479 delictum
672 3416 902 3496 manifestum
921 3417 1193 3493 circunstantiae
1216 3426 1377 3498 pantenus

230 3525 407 3609 prudenter
428 3523 503 3600 ficri
519 3529 638 3602 potest,
661 3520 827 3601 indicare;
847 3530 878 3585 et
894 3522 1056 3603 patienter
1079 3522 1195 3586 audire
1213 3522 1379 3605 quidquid

234 3632 320 3696 idem
338 3648 413 3693 reus
428 3646 491 3710 pro
503 3629 557 3691 sui
575 3627 757 3710 defensione
773 3628 986 3710 proponendo
1004 3629 1134 3692 babebit
1151 3646 1251 3711 :pua
1264 3632 1376 3693 omnin

233 3763 273 3806 er
283 3738 430 3829 riporosa
440 3746 472 3802 et
481 3733 772 3823 naturalijustitio
784 3734 941 3802 debentur
953 3736 1012 3824 (1).
1026 3735 1129 3803 Porro
1141 3734 1223 3802 dum
1237 3737 1375 3803 sustinet

264 4029 295 4089 (l)
312 4026 351 4075 Eu
365 4022 461 4074 laudati
474 4021 587 4071 auctoris
601 4022 701 4071 textum
720 4020 849 4086 integrum
872 4038 879 4071 :
899 4040 912 4069 n
931 4022 996 4087 ogni
1014 4022 1149 4073 Sovrauita
1167 4024 1181 4072 e
1198 4022 1224 4071 in
1242 4021 1329 4073 diritto
1348 4022 1372 4071 dl

233 4125 247 4153 n
263 4104 423 4170 prescrivere
437 4102 461 4153 ai
474 4102 531 4152 suoi
548 4100 671 4151 tribunali
685 4102 770 4164 quelle
784 4102 867 4151 forme
886 4100 912 4150 dl
932 4100 1075 4166 procedere
1088 4101 1131 4152 nei
1148 4100 1252 4166 giudizi,
1264 4102 1288 4151 le
1304 4102 1371 4167 quali

231 4204 245 4238 α
260 4185 336 4238 etima
348 4198 364 4236 a
376 4183 518 4251 proposito.
533 4182 633 4237 Mouna
644 4181 728 4235 torme
739 4196 754 4233 a
764 4182 880 4239 maniera
893 4194 959 4237 sono
970 4182 997 4235 di
1009 4184 1085 4249 lagga
1097 4181 1223 4238 odorata.
1237 4184 1265 4235 ln
1281 4187 1370 4249 questa
