3050 4984
558 494 634 537 ruas
656 493 802 537 saeuum.
1185 471 1245 535 llll

109 615 183 683 hinc
212 622 283 683 orta
307 615 445 682 celebris
466 614 744 705 jurisperitorum,
772 612 807 678 in
836 612 971 679 materia
995 610 1094 697 civili,
1121 614 1246 702 regula,

109 724 218 791 deduc
234 722 429 791 sententiam
450 722 557 791 libello
580 743 643 789 esse
663 722 873 811 conformem.
897 718 985 808 Ergo
999 742 1127 787 necesse
1147 729 1194 788 est
1214 734 1249 789 ut

108 841 193 900 actor
207 831 244 898 in
258 831 367 898 libello
378 829 572 897 determinet
585 828 664 919 quid
679 836 776 919 petat,
791 850 848 895 scu
860 828 990 917 exigere
1000 849 1018 894 a
1029 849 1082 895 reo
1092 828 1248 897 intendat.

108 938 194 1028 Ergo
207 938 243 1005 in
257 938 368 1005 libello
383 937 473 1005 civili
489 935 654 1005 conclusio
669 934 849 1003 necessaria
863 942 920 1002 est.

149 1047 250 1114 Noto.
277 1043 517 1113 «Conclusioui
543 1044 577 1110 in
600 1042 712 1111 libello
733 1040 820 1109 civili
842 1041 1036 1133 plerumque
1055 1040 1151 1131 adjici
1172 1044 1253 1113 solet
1348 1128 1349 1131 Ἴ

112 1177 127 1216 a
152 1152 311 1238 clausula,
332 1158 370 1219 ut
387 1160 516 1234 vocant,
533 1149 798 1239 calminiacum
814 1147 866 1215 his
889 1149 940 1217 vel
961 1147 1123 1216 similibus
1145 1150 1251 1217 verbis

111 1288 126 1321 ι(
148 1260 331 1349 concipitur
349 1287 355 1325 :
375 1262 484 1349 Super
498 1258 551 1325 leis
562 1256 794 1347 omnibuspeto
806 1256 957 1345 milrijus
969 1256 1178 1346 etjustitz'um
1189 1256 1251 1325 ud-

111 1394 126 1430 a
149 1366 336 1435 ministrari
346 1366 439 1433 omni
453 1364 583 1432 meliori
597 1362 693 1430 modo
710 1375 740 1430 et
753 1364 877 1453 formo,
895 1386 960 1453 quo
975 1362 1109 1454 dejure,
1125 1376 1249 1433 statuto

111 1499 126 1535 r
148 1472 202 1539 ocl
214 1471 445 1539 consuetudine
459 1471 536 1560 fieri
551 1481 669 1560 potest.
690 1468 798 1558 Hujus
815 1469 842 1535 is
858 1476 905 1536 est
920 1468 1062 1555 effectus,
1086 1470 1172 1561 quod
1193 1494 1249 1561 per

111 1608 125 1643 a
149 1578 242 1647 illam
257 1588 347 1646 actor
362 1584 530 1645 censeatur
544 1599 643 1645 omne
653 1575 708 1666 jus
721 1598 820 1643 suum
835 1574 869 1641 in
883 1574 1045 1665 judicium
1060 1574 1247 1663 deduxisse,

109 1724 125 1759 a
147 1695 207 1763 etsi
220 1696 261 1763 de
275 1694 430 1762 omnibus
441 1700 472 1760 et
482 1691 622 1781 siugulis
635 1714 702 1759 uon
712 1690 823 1758 lecerit
833 1690 1035 1759 mentionem
1046 1714 1245 1783 expressam.

110 1830 125 1867 a
147 1801 244 1870 Unde
266 1802 292 1869 si
310 1809 399 1869 actor
417 1799 608 1891 simpliciter
624 1798 751 1891 petierit
772 1797 833 1866 sibi
848 1820 917 1866 rem
935 1798 1075 1885 restitui,
1094 1800 1175 1868 nihil
1197 1802 1248 1871 di-

110 1938 125 1974 «
148 1908 253 1978 cendo
277 1908 316 1976 de
336 1907 497 1977 fructibus
517 1916 548 1975 et
569 1906 733 1997 expensis,
756 1904 937 1973 clausulam
962 1928 1039 1974 vero
1056 1907 1248 1998 hujusmodi

109 2045 125 2081 c
147 2018 326 2086 salutarem
341 2014 514 2099 addiderit,
529 2013 691 2081 tenebitur
705 2012 808 2103 judex
824 2035 918 2081 reum
938 2024 1134 2083 conventum
1150 2018 1247 2085 etiam

110 2152 125 2188 c
146 2124 190 2191 ad
206 2124 329 2191 horum
343 2121 580 2189 restitutionem
595 2120 831 2203 condemnare;
847 2118 947 2210 quod,
963 2120 1143 2188 secuudum
1154 2125 1248 2205 mul-

108 2259 124 2293 a
146 2238 211 2311 tos,
231 2229 393 2317 obligatus
407 2250 474 2296 nou
490 2228 602 2295 luisset
617 2228 733 2310 facere,
755 2226 782 2292 si
797 2226 941 2293 clausula
961 2223 1110 2294 salutaris
1126 2229 1247 2319 adjecta

19 2407 20 2428 ,
108 2336 399 2404 «incaluisset»
428 2333 744 2423 (Schmalzgrueber,
769 2333 801 2399 in
826 2333 875 2399 tit.
903 2336 934 2419 3,
963 2333 1038 2399 libri
1064 2339 1082 2400 2
1104 2336 1244 2424 Decret,

105 2446 175 2533 ει,
189 2466 223 2510 n·
242 2444 288 2531 ι.)

147 2552 284 2633 Qunsrro
304 2554 350 2616 4³.
365 2588 407 2599 -
425 2551 474 2616 Au
498 2549 535 2616 ia
554 2548 660 2617 libello
682 2548 824 2640 exprimi
842 2549 1018 2615 accessorio
1042 2550 1155 2618 debeat
1178 2576 1247 2621 me-

104 2658 198 2725 dium
213 2680 269 2725 scu
285 2679 385 2724 causa
400 2654 610 2723 concludendi
615 2654 838 2723 l-Medium
854 2676 909 2722 seu
920 2677 1017 2723 causa
1032 2658 1245 2728 concludendi

105 2773 151 2832 εει
164 2764 199 2831 id
215 2764 250 2831 in
264 2786 330 2855 quo
343 2786 411 2831 sese
432 2762 548 2831 fundat
564 2772 663 2849 actor,
681 2762 722 2829 ad
736 2762 1010 2848 concludendum,
1030 2764 1126 2833 talem
1143 2790 1211 2837 esse
1228 2792 1247 2835 a

102 2870 209 2960 judice
223 2878 335 2940 contra
351 2893 446 2938 reum
462 2870 631 2939 ferendam
645 2869 851 2937 sententiam.
869 2870 941 2952 Quo
953 2879 1145 2962 praenotato,

148 2977 341 3070 Respondeo
360 2981 402 3045 ι’.
424 2979 461 3045 ln
482 2977 590 3045 libello
610 2976 773 3044 criminali
795 2998 921 3045 necesse
943 2999 1009 3045 non
1027 2987 1075 3047 est
1097 2982 1245 3050 inedium

108 3086 320 3155 conclusionis
333 3085 518 3177 exprimere
538 3112 545 3151 :
563 3107 642 3151 uam
656 3106 784 3152 necesse
799 3108 864 3152 nou
881 3092 928 3151 cst
946 3084 1159 3155 concludendi
1175 3114 1247 3158 me-

109 3192 198 3261 dium
214 3214 389 3283 apponere,
414 3192 472 3260 ubi
495 3214 623 3259 necesse
648 3214 714 3258 rron
741 3200 788 3258 εει
811 3189 991 3281 quidquam
1015 3194 1206 3263 concludere
1236 3226 1241 3264 :

19 3387 20 3390 Ἴ
109 3302 206 3392 atqui,
228 3323 270 3368 ex
285 3299 379 3367 dictis
399 3300 433 3367 in
452 3300 615 3391 superiori
630 3298 821 3391 quaestione,
845 3320 972 3366 necesse
988 3311 1116 3369 nonest
1135 3303 1244 3373 libello

19 3429 20 3434 ¹
109 3407 268 3476 criminali
281 3407 384 3476 ullam
396 3414 566 3475 annectere
578 3406 838 3489 conclusionem;
857 3428 935 3495 ergo
951 3428 1009 3474 uec
1022 3429 1150 3479 necesse
1165 3412 1197 3479 in
1208 3436 1244 3481 eo

109 3536 236 3583 causam
250 3514 467 3583 conclusionis
479 3513 633 3583 indicare.

149 3620 340 3713 Respondeo
356 3624 401 3688 2⁰.
418 3622 457 3688 ln
471 3619 580 3689 libello
604 3620 707 3706 civili,
726 3642 854 3688 neccsse
877 3629 924 3687 est
948 3622 1090 3711 exprimi
1112 3626 1244 3693 conclu-

111 3729 201 3798 dendi
219 3728 380 3797 medium.
402 3729 487 3796 Nam
502 3729 530 3796 si
550 3736 638 3796 actor
652 3734 773 3796 asserat
788 3736 929 3814 tantum,
952 3730 1044 3797 verbi
1061 3733 1177 3820 gratia,
1195 3743 1244 3800 ta-

110 3834 169 3903 lem
184 3860 352 3906 summam
366 3859 385 3904 a
397 3858 452 3904 reo
468 3836 530 3923 sibi
545 3834 667 3920 deberi,
684 3843 714 3902 et
729 3858 794 3902 uon
809 3835 973 3926 exprimat
987 3836 1028 3904 ob
1043 3861 1144 3930 quam
1164 3863 1245 3909 cau-

111 3964 176 4011 sam
187 3968 299 4040 seuex
314 3967 379 4036 quo
395 3944 488 4011 titulo
503 3942 536 4010 id
555 3941 746 4034 praetendat,
760 3965 827 4011 nou
844 3944 961 4035 poterit
977 3966 1052 4012 reus
1066 3956 1245 4017 conventus

111 4051 186 4118 scire
214 4060 328 4120 utrum
352 4051 414 4118 sibi
439 4050 590 4142 expediat
614 4049 727 4118 cedere
753 4060 784 4117 et
808 4051 920 4118 statim
939 4051 1076 4139 solvere,
1102 4076 1143 4121 au
1166 4080 1245 4125 vcro

110 4156 243 4247 litigare.
273 4160 376 4227 Porro
405 4158 532 4250 justitia
559 4166 591 4225 et
620 4158 745 4224 bonum
781 4158 951 4249 publicum
981 4160 1093 4249 exigit,
1119 4172 1155 4229 ut
1185 4164 1245 4233 hoc

19 4327 20 4330 ,
113 4264 187 4333 scire
205 4266 305 4357 possit
325 4265 524 4356 quicumque
545 4265 579 4331 iu
598 4263 734 4332 materia
753 4264 844 4333 civili
864 4265 900 4331 iu
917 4264 972 4355 jus
990 4274 1134 4335 vocatur.
1159 4270 1246 4361 Ergo
