3050 4984
260 431 300 496 92
633 449 810 497 raacrsws
832 449 872 495 on
893 449 1028 498 moruus.

262 597 278 636 c
301 578 472 662 cognoscet
492 571 598 663 primo
615 569 719 663 judex
738 579 850 642 utrum
869 572 911 640 sit
925 571 1120 658 infamatus,
1137 578 1169 639 et
1188 575 1298 662 postca
1318 566 1401 663 pro-'

262 703 281 743 a
303 677 394 746 cadet
408 700 505 770 super
520 678 562 746 iis
574 701 649 770 qum
666 677 857 747 denuntiata
868 688 946 747 sunt
959 707 967 747 :
981 679 1063 747 elias
1077 700 1143 746 non
1154 675 1318 769 procedat,
1334 678 1400 745 nisi

262 813 279 850 o
303 786 409 877 primo
432 793 554 854 constet
574 786 662 877 quod
681 785 859 854 infamatus
877 786 965 854 sit.»
990 785 1085 854 Ratio
1104 783 1294 853 differentiae
1316 783 1404 851 inter
1507 788 1508 801 ¹

259 893 343 963 hanc
354 903 385 962 et
396 893 879 984 praecedentemconclusiouem
889 901 948 976 est,
960 891 1245 985 qnoddnmjudex
1257 891 1404 984 procedit

259 1024 301 1070 ex
317 1024 406 1071 mero
421 1001 540 1090 officio,
555 1001 669 1070 debeat
682 1002 751 1094 ipse
765 1011 875 1071 notam
891 1001 1010 1070 habere
1023 1000 1193 1069 infamiam
1209 1026 1217 1067 ε
1232 1022 1309 1069 cum
1323 1021 1404 1068 vero

259 1109 435 1178 intervenit
442 1107 662 1197 denuntiator,
672 1108 748 1178 huic
755 1108 1080 1201 incumbitprasviam
1088 1106 1256 1176 infamiam
1264 1105 1404 1199 probare

259 1215 323 1307 ipsi
334 1215 451 1308 judici,
467 1215 545 1286 ntis
560 1215 601 1285 ad
615 1215 847 1308 inquirendum
861 1215 902 1284 de
914 1215 1107 1285 criminibus
1118 1213 1318 1284 denuntiatis
1331 1236 1404 1284 sese

261 1322 467 1392 determinet.

305 1433 335 1498 Α
350 1430 498 1499 doctriua
512 1432 678 1500 communi
693 1432 825 1500 recessit
837 1431 873 1498 in
886 1429 947 1499 boc
960 1430 1031 1498 loco
1041 1429 1251 1499 Reiffenstuel
1268 1426 1354 1520 (vide
1369 1429 1405 1498 in

262 1537 312 1606 tit.
332 1541 363 1624 1,
379 1537 436 1606 lib.
457 1538 599 1626 5Decr.,
615 1561 650 1608 u.
669 1540 757 1631 tat),
775 1538 831 1607 scd
847 1559 964 1630 parum
979 1536 1114 1606 feliciter
1121 1564 1131 1625 3
1153 1545 1185 1605 et
1200 1536 1280 1604 dum
1294 1535 1387 1627 (ibid.
1394 1586 1405 1623 ,

263 1669 297 1714 n.
322 1645 395 1734 184)
419 1645 567 1738 queritur
585 1646 732 1714 doctores
747 1669 823 1715 cum
839 1644 1043 1734 difficultate,
1059 1643 1256 1714 obscuritate
1278 1651 1311 1711 at
1327 1665 1406 1711 con-

262 1752 509 1822 tradictionibus
524 1754 689 1846 scripsisse
704 1754 745 1822 da
762 1752 897 1822 materia
916 1751 1186 1837 denuntiationis,
1204 1751 1324 1842 ipsein
1345 1750 1410 1819 hac

263 1867 356 1950 parte
371 1860 552 1948 genuinum
569 1860 656 1951 juris
670 1859 817 1929 canonici
830 1859 1011 1946 tramitem,
1031 1882 1097 1927 non
1115 1858 1195 1927 satis
1211 1865 1313 1944 recte,
1334 1879 1410 1926 meo

263 1965 395 2057 quidem
408 1966 542 2057 judicio,
559 1966 745 2036 delineavit.

308 2072 351 2141 V.
378 2073 547 2156 Quomodo
562 2073 739 2166 probando
756 2074 800 2142 sit
814 2075 943 2166 praevia
962 2073 1124 2165 infamio?
1138 2110 1182 2125 -
1196 2072 1281 2141 Huic
1297 2095 1411 2164 quaes-

265 2179 360 2267 tioni,
374 2181 598 2250 Innocentium
609 2181 655 2252 IV
668 2183 770 2251 citans
779 2190 811 2250 et
822 2205 973 2274 sequens,
986 2181 1032 2249 sic
1046 2179 1218 2272 respondet
1232 2179 1412 2270 Fagnanus

266 2285 313 2377 (in
329 2287 378 2355 tit.
400 2292 432 2375 1,
448 2289 470 2356 l.
493 2293 510 2356 5
526 2288 636 2377 Daca,
651 2312 686 2357 n.
705 2290 758 2381 85)
781 2317 789 2357 :

314 2421 331 2460 a
347 2396 452 2464 Testis
466 2395 626 2489 deponere
646 2398 754 2486 debet,
775 2420 851 2466 eum
866 2397 907 2466 de
922 2419 988 2489 quo
1002 2397 1127 2486 egitur,
1145 2394 1185 2463 de
1200 2394 1255 2463 tali
1269 2394 1412 2464 cumina

269 2529 287 2566 o
309 2502 513 2572 diffamatum
535 2527 619 2592 essa;
646 2512 678 2574 et
692 2505 912 2594 interrogatus
934 2503 1022 2595 apud
1042 2526 1125 2594 quos
1146 2503 1187 2571 sit
1208 2500 1409 2588 diffamatus,

270 2635 287 2674 o
310 2609 505 2700 respondere
521 2619 647 2680 tenatur
667 2610 754 2703 apud
771 2611 867 2699 tales,
887 2619 920 2678 ct
934 2610 997 2679 nisi
1012 2633 1068 2678 eoa
1083 2610 1248 2695 nominet,
1266 2632 1331 2678 non
1351 2611 1413 2679 ri-

270 2716 405 2784 «detur
428 2717 563 2786 reddere
586 2718 705 2787 bonam
729 2741 861 2786 causam
884 2716 961 2785 dicti
985 2717 1047 2786 sui.
1074 2717 1114 2785 Et
1134 2717 1215 2785 ratio
1237 2726 1304 2805 est,
1332 2718 1414 2808 quia

270 2849 287 2888 o
309 2822 402 2892 aliter
420 2825 495 2892 sciri
514 2847 581 2894 non
596 2833 700 2918 potest
715 2848 756 2895 an
778 2825 825 2892 illi
845 2825 911 2892 sint
924 2824 1005 2893 viles
1024 2832 1056 2892 et
1074 2823 1243 2910 malevoli,
1267 2846 1310 2891 an
1331 2847 1413 2893 vero

270 2957 287 2996 a
310 2930 374 3000 fide
392 2931 503 3022 digni3
525 2933 650 3026 dequo
670 2943 744 3002 anta
763 2933 873 3002 omnia
889 2932 993 3024 judici
1013 2941 1160 3001 constare
1181 2929 1316 3001 debet...
1342 2933 1414 3000 De-

271 3065 288 3104 a
309 3039 364 3107 bet
382 3061 460 3130 ergo
475 3041 584 3109 dicere
602 3068 609 3108 ε
633 3041 720 3132 apud
739 3041 819 3108 tales
839 3049 871 3108 ct
886 3039 965 3107 tales
980 3048 1028 3107 est
1042 3047 1227 3130 suspectus,
1249 3038 1326 3129 quia
1340 3039 1415 3106 baec

272 3171 288 3209 a
311 3145 352 3213 ab
368 3147 414 3214 ais
429 3147 554 3232 audivi,
567 3155 599 3215 et
613 3147 681 3216 vidi
692 3171 746 3216 eos
758 3147 862 3218 vitare
878 3146 981 3236 ipsius
995 3145 1260 3214 familiaritatem.
1277 3144 1318 3212 Et
1328 3145 1415 3212 sub-

273 3279 289 3316 o
312 3251 358 3321 dit
379 3254 605 3342 Innocentius,
626 3254 774 3323 sufficere
795 3254 823 3320 si
841 3253 968 3324 dicatur
987 3277 1006 3321 a
1027 3253 1157 3322 duobus
1176 3276 1209 3320 se
1229 3251 1413 3340 audivisse,

273 3386 289 3424 c
313 3360 391 3451 quia
402 3369 510 3430 textus
521 3371 630 3430 noster
640 3361 787 3454 loquitur
797 3361 831 3428 in
843 3360 977 3454 plurali,
988 3360 1047 3446 ibi,
1057 3358 1205 3452 providis
1214 3359 1396 3428 ettonestis
1402 3385 1417 3444 ,·

274 3493 291 3532 a
314 3489 392 3556 ergo
411 3467 575 3536 sufficiunt
593 3468 657 3538 duo
672 3469 755 3560 (lege
778 3468 840 3537 Ubi
850 3491 1020 3550 camena,
1038 3467 1073 3535 ff.
1092 3466 1132 3535 dc
1153 3469 1180 3533 T
1177 3466 1320 3556 estibus).
1342 3465 1421 3533 Ad-

274 3601 291 3640 o
314 3583 404 3644 verte
423 3582 531 3644 umen
551 3577 628 3667 quia
650 3599 717 3645 non
738 3573 856 3645 sufficit
874 3576 901 3643 si
921 3575 1011 3644 testis
1031 3573 1117 3642 dicat
1134 3572 1223 3664 apud
1243 3573 1326 3643 duos
1346 3595 1420 3642 esse

275 3708 293 3747 u
315 3689 521 3774 suspectum3
540 3684 616 3774 quia
629 3705 670 3752 ex
687 3683 748 3752 hoc
763 3705 829 3751 non
845 3691 928 3750 esset
942 3682 1079 3774 probata
1091 3681 1178 3750 fama
1196 3679 1275 3748 :sed
1290 3689 1423 3772 oportet

275 3815 293 3855 c
315 3813 391 3858 cum
413 3789 532 3858 addere
554 3790 589 3856 in
613 3812 672 3858 suo
694 3790 900 3876 testimonio,
922 3789 1012 3881 quod
1031 3789 1093 3858 hoc
1112 3789 1222 3880 ipsum
1244 3786 1332 3879 quod
1354 3810 1422 3857 au-

279 3923 296 3963 o
318 3895 402 3965 divit
421 3895 462 3964 ab
481 3895 544 3964 illis
563 3895 708 3986 dnobus,
726 3897 845 3967 clamat
864 3897 968 3988 major
986 3918 1061 3989 pars
1079 3895 1249 3966 riciniae...
1275 3893 1421 3976 Quidam

279 4031 296 4072 a
319 4013 447 4093 tamen,
459 4014 500 4074 ut
517 4005 646 4097 subjicit
661 4005 868 4074 Innocentius
887 4003 932 4096 (in
947 4005 996 4073 tit.
1017 4008 1048 4090 1,
1064 4003 1122 4072 lib.
1144 4007 1162 4070 5
1179 4001 1420 4090 Decretalium,

281 4139 298 4180 a
321 4137 354 4183 n.
374 4116 419 4205 l),
443 4135 509 4182 non
524 4111 782 4204 improbabiliter
800 4111 913 4182 dicunt
927 4113 1004 4180 setis
1022 4134 1108 4200 esse,
1124 4119 1162 4179 ut
1180 4117 1292 4192 testes,
1317 4108 1424 4178 etiam

280 4245 298 4287 o
321 4220 420 4292 nullis
438 4221 586 4318 personis
603 4220 785 4320 expressis,
808 4219 917 4290 dicant
937 4241 1076 4294 :rumor
1094 4227 1127 4290 et
1145 4217 1280 4293 iufamia
1294 4225 1344 4284 est
1357 4239 1425 4312 per
