3050 4984
520 471 595 518 raas
617 469 762 517 emitum.
1144 455 1205 520 lei

73 591 186 660 offerat
211 589 252 661 ad
280 591 484 684 probandum
505 594 540 661 in
566 592 688 683 judicio
711 592 801 684 quod
830 593 984 680 affirmat,
1008 595 1070 664 snb
1103 597 1207 686 peanis

74 708 186 767 eontra
197 699 445 768 calumniatores
455 700 584 768 decerni
597 700 712 786 solitis,
724 700 753 767 ei
767 699 850 769 forte
861 699 942 768 falsa
956 723 1034 770 eum
1045 723 1211 771 accusasse

76 805 271 897 reperiatur3
293 806 401 888 tertio,
419 807 449 874 ei
461 805 654 876 affirmative
675 805 879 898 respondeat,
903 830 978 876 eum
1008 809 1155 879 remittat
1168 811 1210 880 ad

74 911 277 981 ordinarium
300 914 398 981 curiae
425 912 614 1005 episcopalis
638 914 801 983 notarium
827 937 886 983 eeu
910 915 1152 1001 cancellarium,
1169 917 1210 984 ad

74 1019 344 1088 conscribendum
371 1020 608 1090 nominatorinm
634 1019 801 1101 libellum
839 1034 969 1112 quarto,
1001 1021 1211 1092 cancellarius

73 1147 153 1193 vero
162 1125 257 1215 juxta
281 1125 475 1195 accusatoris
487 1126 573 1195 dicta
587 1128 748 1219 scriptum
759 1125 904 1196 libellum
920 1128 950 1195 ei
964 1135 1082 1196 attente
1095 1128 1211 1217 legen-

74 1231 158 1300 dum
171 1231 293 1318 tradat3
310 1255 408 1324 quem
423 1233 451 1302 ei
465 1233 567 1302 menti
580 1256 649 1302 sua
665 1233 864 1303 conformem
883 1234 1022 1325 reperiat
1034 1244 1211 1322 accusator,

75 1340 269 1428 subscribat,
284 1349 316 1409 et
328 1340 431 1432 judici
447 1339 582 1410 delerat.

540 1617 683 1689 CAPUT
705 1619 766 1692 IV.

369 1802 511 1850 reuma
533 1803 648 1850 manni
670 1803 918 1850 numennumen.

123 1994 252 2087 Duplici
268 1995 364 2064 modo
379 1995 450 2063 lieri
463 2003 565 2085 potest
576 1993 791 2079 denuntiatio,
803 1994 1019 2064 criminaliter
1029 1995 1222 2074 etciuilitem

78 2101 288 2170 Mnurrdatio
302 2100 512 2171 criminaliter
537 2101 622 2169 lacta
646 2123 684 2169 ea
707 2111 768 2188 est,
788 2121 853 2192 qua
866 2100 1061 2170 denuntians
1077 2103 1217 2172 debitam

79 2208 299 2300 delinquentia
314 2208 518 2299 punitionem
540 2206 679 2276 intendit
692 2217 724 2275 et
739 2207 880 2299 postulat
898 2235 905 2274 :
925 2230 983 2299 per
997 2208 1219 2278 denuntiatio-

79 2338 157 2382 nem
176 2323 286 2384 autem
312 2315 449 2383 civiliter
471 2315 601 2400 iactam,
626 2313 834 2384 denuntiator
858 2335 925 2382 uon
951 2314 1091 2406 postulat
1115 2317 1222 2406 peanis

79 2421 196 2512 subjici
210 2420 464 2513 delinquentem,
489 2420 545 2489 sed
561 2421 731 2512 dumtaxat
757 2443 831 2489 eum
847 2421 920 2510 cogi
942 2422 984 2489 ad
1000 2422 1220 2512 reparandum

80 2529 241 2596 damnum
254 2527 381 2596 illatum
395 2557 403 2608 ;
419 2529 477 2620 quui
490 2527 743 2597 denuntiationis
757 2526 874 2596 medua
889 2527 1008 2596 dicitur
1022 2528 1122 2596 etiam
1142 2551 1223 2620 que-

79 2637 162 2704 rela.
180 2633 369 2704 Formul'am
383 2633 484 2703 libelli
501 2634 689 2726 produplici
700 2634 761 2702 hoc
772 2657 849 2702 casu
861 2635 1064 2725 subjicimus,
1074 2635 1223 2704 addendo

80 2752 112 2810 et
126 2743 225 2810 aliam
241 2763 301 2832 pro
316 2763 393 2810 casu
405 2764 471 2832 quo
487 2741 683 2811 denuntians
698 2741 800 2809 nescit
814 2741 966 2810 scribere.

612 2967 681 3058 §a

284 3109 405 3164 Formnla
414 3108 498 3163 libelli
513 3105 617 3176 quando
630 3108 792 3162 denuntiatio
803 3109 833 3160 nt
844 3105 1022 3162 criminaliter.

132 3301 150 3338 e
166 3277 205 3343 ln
226 3275 355 3342 nomine
376 3274 520 3341 Domini.
549 3274 664 3340 Amen.
681 3309 725 3323 -
747 3272 807 3340 Die
836 3274 876 3338 15
900 3271 1018 3340 mensis
1044 3271 1225 3340 novembris

82 3382 166 3449 unni
189 3385 288 3467 1853,
304 3403 361 3470 eqo
375 3381 568 3448 Franciscus
588 3379 717 3460 Zeleia,
740 3377 882 3446 civitatis
910 3380 954 3448 N.
976 3377 1095 3460 incola,
1113 3378 1228 3469 mycen

83 3486 141 3554 oia
156 3487 214 3568 N.,
239 3508 375 3554 numero
387 3487 444 3566 N.,
465 3484 524 3552 tibi
539 3485 664 3551 loanni
678 3483 845 3565 Seuerino,
864 3483 1120 3550 reverendissimi
1142 3485 1227 3576 Epi-

82 3593 175 3684 scopi
186 3595 228 3663 N.
250 3593 377 3661 Vieario
390 3591 548 3682 uenerati,
562 3589 670 3681 desero
685 3613 725 3658 ac
743 3589 898 3657 denuntio
915 3588 1077 3657 Artdream
1085 3592 1128 3659 N.
1135 3614 1228 3681 pres·

84 3701 250 3792 dyterncm,
275 3701 310 3768 in
321 3701 482 3791 parochie
511 3701 554 3769 N.
581 3697 676 3767 diota
705 3697 846 3765 civitatis
865 3697 1039 3778 vicarium,
1066 3711 1229 3789 tartonam

83 3807 289 3899 sequentinm
304 3806 497 3876 delictorum
521 3827 614 3874 reum
631 3805 670 3894 (si
685 3804 819 3873 unicum
835 3802 989 3872 delictum
1004 3801 1226 3895 denuntietur,

83 3916 158 3984 loco
174 3915 348 3983 verborum
367 3927 527 4005 tanquam
541 3911 758 4004 sequentium,
775 3919 852 3998 etc,
870 3921 1023 4004 ponatur,
1039 3911 1129 4002 quod
1145 3964 1227 3998 ......

84 4033 117 4090 et
132 4022 178 4088 ibi
195 4021 398 4113 exprimatur
415 4020 499 4088 illud
516 4018 700 4108 delictum),
717 4040 843 4109 nempe,
1335 4089 1339 4100 ⁵

136 4156 154 4193 u
173 4132 202 4198 l.
220 4132 316 4220 Saepe
331 4128 516 4220 inqreditnr
540 4127 677 4196 domum
696 4126 732 4192 in
760 4149 826 4218 qna
843 4125 972 4194 dabitat
993 4127 1147 4218 quandam
1168 4131 1232 4220 soa-

89 4240 195 4318 minu,
213 4237 321 4304 sointu
337 4237 379 4304 ab
394 4237 485 4305 omiti
501 4236 628 4304 vinomo
655 4233 907 4318 uentrimoniali,
931 4247 961 4302 et
985 4249 1140 4324 sumente
1154 4260 1237 4334 con-q

252 4363 284 4411 u.
1035 4345 1073 4406 ’.θ
