3050 4984
297 474 357 537 178
665 496 841 541 raxcrnrus
863 497 901 542 nn
923 494 1055 543 tumens.

291 618 359 689 dits,
378 616 411 681 in
434 615 480 703 63.
498 615 592 695 Quod
615 616 661 684 ita
674 626 830 684 statutum
847 628 905 703 est,
923 627 958 685 ut
979 616 1150 686 fraudibus
1166 617 1269 684 iretur
1283 615 1425 702 obviam,

287 733 318 789 et
333 721 512 790 vitarentur
527 722 706 791 dilationes.
726 728 758 789 2ο
774 724 842 791 Etsi
867 726 972 815 prima
996 724 1066 792 vice
1087 723 1312 815 exceptionem
1330 745 1422 792 suam

287 851 353 895 uon
369 828 566 919 probaverit,
592 838 697 921 potest
722 830 864 898 secundo
887 828 1033 898 eamdem
1061 852 1246 921 opponere;
1275 852 1374 920 quam
1402 830 1427 895 si

287 936 400 1025 probet
414 935 571 1003 adversus
594 945 748 1021 actorem,
767 937 818 1004 hic
834 937 1020 1005 excluditur
1041 938 1082 1005 ab
1098 937 1225 1026 agendo
1248 936 1364 1027 (capite
1379 936 1428 1003 ci-

284 1045 374 1132 tato).
392 1043 487 1111 Ratio
502 1051 561 1129 est,
579 1044 656 1134 quia
678 1066 747 1110 esse
763 1053 878 1133 potest,
896 1054 934 1110 ut
954 1052 1026 1134 post
1051 1051 1121 1111 octo
1145 1043 1216 1111 dies
1239 1043 1322 1125 illos,
1341 1064 1427 1111 nova

284 1149 483 1239 probationis
499 1149 591 1239 copia
606 1171 661 1217 reo
676 1159 928 1238 presentetur...
961 1153 993 1216 3ο
1016 1150 1112 1218 Ultra
1135 1148 1217 1217 duas
1242 1149 1328 1217 vices
1356 1147 1428 1216 hac

283 1259 429 1346 exceptio
458 1256 579 1347 opponi
605 1278 671 1323 non
687 1267 805 1347 potest,
837 1266 1057 1347 preterquam
1085 1256 1112 1323 si
1135 1255 1428 1324 excommunicatio

284 1384 369 1429 nova
394 1363 574 1447 emerserit,
602 1363 653 1429 vel
680 1364 720 1430 de
743 1364 877 1455 antiqua
903 1364 1049 1453 probatio
1074 1372 1222 1453 prompta
1248 1372 1279 1430 et
1294 1362 1429 1431 evidens

282 1470 506 1561 supervenerit
539 1469 653 1561 (capite
679 1470 741 1537 Pia
771 1472 894 1558 citato).
927 1473 959 1536 l·
989 1470 1023 1537 si
1053 1479 1125 1559 post
1152 1492 1220 1537 rem
1247 1470 1428 1560 judicatam

281 1578 426 1668 exceptio
456 1577 801 1644 excommunicationis
832 1585 1028 1668 opponatur,
1058 1577 1118 1644 etsi
1150 1576 1309 1644 sententia
1336 1579 1429 1669 prius

280 1685 346 1751 lata
375 1692 502 1751 maneat
518 1683 640 1769 valida,
669 1683 761 1751 illius
787 1694 896 1751 tamen
923 1682 1071 1751 executio
1092 1683 1296 1774 impedietur.
1315 1685 1429 1775 Capite

280 1790 463 1858 Piacitalo.
483 1789 823 1881 (Schmalzgrneber,'
816 1813 850 1857 ιιι
875 1791 923 1857 ι3ι.
944 1794 997 1876 25,
1015 1789 1091 1857 libri
1109 1794 1127 1855 2
1142 1791 1267 1857 Decret.
1275 1813 1334 1875 ,ιι.
1357 1792 1426 1881 50.)

324 1898 540 1979 Qunsrro
485 1900 550 1963 tta.
563 1935 608 1948 —
618 1899 667 1964 An
679 1897 777 1979 testis,
797 1910 913 1965 contra
923 1920 1020 1987 quem
1028 1910 1172 1987 suceptio
1186 1898 1333 1965 criminis
1343 1922 1429 1989 pro-

281 2005 358 2071 bata
371 2005 451 2095 sctit,
464 2005 578 2095 pituita
575 2004 634 2071 de
647 2004 705 2072 illo
719 2028 740 2071 a
748 2003 866 2095 jndice
873 2004 1058 2096 possit-
1015 2004 1145 2073 N-on
1166 2005 1300 2073 omnino
1316 2006 1349 2072 in
1365 2006 1429 2074 hoc

279 2111 474 2178 concordare
501 2120 648 2178 auctores
677 2111 751 2177 vide
780 2111 868 2201 apud
895 2110 1187 2201 Schmalzgrncber
1215 2112 1260 2201 (iu
1286 2112 1335 2179 tit.
1369 2116 1427 2199 25,

279 2217 355 2284 libri
378 2222 396 2284 2
418 2218 559 2302 liceret,
578 2241 611 2285 ιι.
635 2219 700 2307 523.
722 2218 822 2286 Videt
809 2228 863 2286 tur
886 2218 930 2285 ita
955 2218 1249 2307 distinguendum:
1279 2219 1308 2285 si
1330 2222 1429 2288 exci-

279 2326 371 2415 piens
396 2334 484 2415 petat
500 2325 726 2393 tantummodo
750 2334 864 2393 testem
891 2348 909 2391 a
937 2324 1070 2393 ferendo
1087 2326 1270 2394 testimonio
1296 2327 1428 2417 repelli,

279 2454 343 2499 non
374 2431 469 2499 debet
494 2431 597 2521 judex
624 2431 724 2499 ullam
756 2454 885 2551 poenam
911 2442 1023 2500 contra
1055 2441 1166 2501 testem
1196 2435 1428 2525 pronuntiare,

278 2538 334 2604 sed
350 2538 521 2604 dumtaxat
544 2560 620 2605 eum
634 2537 809 2629 repellere,
829 2539 906 2629 qnia
921 2539 1034 2627 regula
1057 2548 1104 2607 est
1118 2539 1290 2627 generalis,
1307 2538 1430 2609 debere

277 2644 469 2710 sententiam
485 2644 625 2733 proferri
649 2642 689 2710 de
711 2666 749 2710 eo
777 2644 845 2711 solo
871 2644 959 2735 quod
984 2645 1135 2734 petitur:
1158 2645 1276 2736 poterit
1300 2656 1429 2736 tamen,

277 2749 343 2815 imo
369 2758 400 2814 et
415 2748 556 2836 debebit,
585 2771 625 2815 ne
655 2749 759 2815 scelus
784 2760 950 2818 remaneat
965 2751 1177 2841 impunitum,
1195 2755 1326 2842 postea
1319 2775 1354 2818 ιιι
1371 2776 1431 2821 se-

276 2864 388 2945 parato
399 2852 535 2946 judicio,
553 2877 611 2946 per
627 2855 713 2922 viam
728 2856 963 2946 inquisitionis,
981 2868 1093 2925 contra
1106 2858 1203 2925 talem
1216 2867 1328 2925 testem
1345 2882 1430 2949 pro-

276 2963 400 3047 cedere,
428 2971 460 3028 et
476 2985 517 3029 ex
542 2961 739 3052 judicialiter
754 2961 835 3029 alias
851 2962 995 3052 probatis
1011 2963 1160 3053 plectere
1187 2964 1222 3031 Si
1237 2984 1315 3031 vero
1331 2968 1406 3033 cxci
1416 3010 1430 3017 -

277 3070 371 3158 piens
382 3068 480 3136 simul
496 3068 635 3158 postulet
651 3077 763 3136 testem
780 3068 888 3135 debita
900 3090 998 3160 poena
1012 3070 1163 3157 coerceri,
1177 3069 1305 3139 debebit
1317 3070 1428 3161 judex

277 3175 507 3243 sententialiter
521 3198 597 3243 eum
613 3175 768 3266 repellere
784 3175 928 3243 simulet
944 3178 1072 3266 punire.

320 3282 463 3362 Qunsrm
483 3286 548 3350 33.
563 3281 709 3366 -Quid
721 3280 888 3372 nqandnm
899 3283 952 3363 sit,
971 3284 1101 3373 quando
1116 3299 1427 3377 opponunturcon-
1512 3226 1513 3343 3

275 3403 328 3457 ινα
338 3389 488 3479 judicem
504 3389 752 3457 ecclesiasticum
767 3390 967 3479 exceptiones
988 3389 1037 3458 dil
1023 3391 1231 3459 latoriael—
1186 3392 1429 3484 —Exceptio-

274 3522 331 3565 nes
347 3498 507 3565 dilatoriae
524 3505 636 3565 contra
656 3496 816 3587 judicem,
835 3520 908 3587 quae
925 3506 957 3565 ct
971 3497 1158 3567 &elinandi
1169 3501 1237 3589 fori
1251 3500 1426 3591 dicuntur,
1512 3502 1513 3611 3

274 3604 315 3672 ad
331 3602 494 3693 duplicem
513 3604 651 3694 speciem
669 3602 786 3670 referri
801 3612 971 3693 possunt:
965 3603 1043 3672 ·vel
1058 3606 1144 3671 anim
1160 3606 1324 3695 excipiens
1339 3630 1428 3677 con-
1512 3612 1513 3695 3

275 3711 376 3779 tendit
389 3710 647 3801 jurisdictionem
662 3709 766 3800 judici
794 3732 859 3779 non
874 3720 1066 3803 competere,
1092 3722 1147 3781 aut
1160 3713 1428 3804 jurisdictionem
1512 3700 1513 3767 3

274 3820 363 3886 illam
373 3842 442 3884 esse
458 3840 500 3884 ex
514 3816 623 3908 aliquo
639 3818 766 3885 delectu
783 3818 887 3908 (verbi
899 3820 1017 3908 gratia,
1032 3842 1073 3888 ex
1088 3822 1259 3912 imperitia)
1276 3822 1428 3913 impedi·
1512 3828 1513 3869 3

273 3939 360 4005 ta1u;
380 3925 431 3992 vel
447 3925 577 3992 latendo
587 3924 859 4013 jurisdictionem,
875 3930 1009 4017 opponit
1024 3938 1148 3996 tanturn
1161 3932 1248 4020 quod
1260 3929 1365 4018 judex
1379 3934 1429 4002 sit
1512 3968 1513 4015 t

272 4033 334 4098 sibi
349 4044 527 4122 suspectus.
543 4030 584 4097 Si
593 4030 702 4121 priris,
720 4030 760 4097 ad
774 4031 915 4120 jndicem
928 4034 1079 4123 pertinet,
1091 4033 1202 4102 audita
1212 4034 1426 4125 exceptione,
1512 4020 1513 4041 ¹

271 4139 311 4205 dc
326 4139 397 4229 ejus
412 4138 522 4206 valore
537 4138 747 4228 pronuntiare
753 4163 763 4223 ;
781 4140 870 4229 quia,
890 4150 926 4207 ut
939 4140 1016 4206 alibi
1032 4142 1244 4227 ostendimus,
1262 4142 1303 4208 ad
1319 4140 1426 4230 judi-

268 4268 338 4342 cem
353 4246 491 4339 pertinet
499 4245 710 4337 pronuntiare
724 4268 799 4339 quae
810 4246 851 4313 sit
862 4244 1047 4336 jurisdictio
1055 4269 1125 4316 sua.
1135 4248 1229 4316 Unde
1243 4248 1282 4335 si,
1296 4268 1426 4343 excep·
