3050 4984
538 540 613 585 rins
635 538 781 586 sscnnns.
1161 521 1222 585 315

61 654 200 725 sendus
227 664 274 726 est
301 684 308 725 :
337 658 477 727 Ecclesia
505 659 593 727 enim
608 660 784 728 sententies
798 659 960 750 ejusmodi
982 682 1025 728 ex
1045 661 1220 731 informate

61 765 285 851 conscientia,
315 765 445 835 nonnisi
468 765 559 835 solvo
580 788 712 835 recursu
740 766 872 835 admisit
898 793 906 834 ε
937 788 1089 837 recursus
1115 776 1225 837 sutem

60 871 234 962 supponit
249 870 446 941 sufficienter
460 872 665 964 probandum
688 896 757 941 esse
782 872 936 943 delictum
963 874 1050 965 apud
1074 875 1224 965 superius

61 978 225 1049 tribunal
244 1006 252 1047 z
270 980 375 1049 noluit
389 1002 468 1069 ergo
483 980 625 1049 Ecclesia
640 980 772 1073 procedi
786 1004 878 1073 posse
892 1004 934 1049 ex
950 980 1125 1051 informato
1139 1005 1224 1051 oon-

61 1086 223 1170 scientis,
242 1086 303 1153 nisi
319 1109 360 1155 ex
376 1087 569 1173 rationibus,
587 1111 662 1180 ques
678 1088 766 1179 apud
780 1087 899 1157 Sedem
912 1110 1043 1179 quoque
1055 1088 1224 1180 Apostoli-

61 1216 145 1261 cnm
163 1192 320 1263 delictum
337 1195 474 1286 probare
490 1196 629 1264 valeant.

114 1336 178 1405 111.
196 1337 302 1428 Hujus
311 1359 389 1406 vero
405 1338 600 1429 discipline,
617 1340 651 1407 vi
667 1340 763 1430 cujus
780 1362 820 1406 ee
831 1340 1012 1430 informato
1025 1340 1222 1408 conscientia

63 1444 272 1513 sententiare
298 1444 347 1513 fes
368 1455 417 1513 est
443 1446 623 1539 Episcopis,
652 1455 819 1539 parentem
834 1447 980 1515 extitisse
995 1446 1222 1515 Tridentinem

62 1552 252 1643 synodum,
268 1553 405 1621 omnino
420 1563 555 1622 constat.
584 1554 727 1623 Citetnm
753 1554 842 1622 enim
870 1554 1035 1622 decretum
1063 1555 1148 1622 Cum
1162 1554 1223 1621 lio·

63 1659 198 1729 nestius
208 1657 241 1726 id
255 1658 341 1751 juris
357 1681 470 1728 revera
483 1662 597 1730 tribuit
618 1661 798 1752 Episcopis,
814 1669 910 1751 prout
925 1662 987 1730 sub
1002 1662 1150 1752 sequenti
1164 1684 1222 1728 cs-

63 1769 139 1859 pite
155 1766 364 1834 menifestum
380 1767 530 1837 fecimus.
549 1768 692 1837 Aliunde
705 1790 784 1837 vero
795 1777 870 1837 ente
881 1768 1108 1837 Tridentinsm
1123 1790 1222 1858 syno-

60 1873 154 1941 dum
173 1872 244 1940 baec
266 1872 501 1965 Episcoporum
529 1874 724 1966 procedendi
750 1874 806 1942 vis
832 1896 1038 1965 nequequam
1054 1874 1220 1961 canonica,

67 1980 130 2047 sed
158 2000 292 2071 prorsus
307 1979 461 2048 inaudita
488 1981 570 2068 fuit5
586 1982 674 2073 quod
689 1982 747 2049 abs
773 2004 808 2048 re
823 2004 890 2051 non
916 1982 978 2049 erit
1005 1982 1147 2050 breviter
1170 1982 1223 2051 bie

66 2088 258 2173 ostendere,
276 2086 429 2179 subjectis
442 2088 663 2157 anterioribus
689 2088 841 2157 Ecclesiae
857 2088 998 2177 legibus,
1017 2110 1093 2179 ques
1111 2089 1145 2157 id
1161 2089 1224 2157 de-

69 2204 270 2265 monstrent.

117 2340 177 2407 Sie
192 2338 382 2407 decernebat
397 2339 585 2407 Alexander
600 2340 643 2407 lll
662 2360 749 2407 unno
764 2342 849 2407 1170
868 2364 875 2405 :
892 2342 947 2406 Ee
963 2351 1071 2406 tenore
1086 2351 1222 2406 tuorum

69 2450 261 2513 litterarum
285 2448 478 2529 occepimus,
508 2446 599 2530 quod
611 2448 651 2513 N.
683 2446 818 2509 clericus
831 2444 912 2508 odeo
928 2445 1076 2528 deliquit,
1092 2446 1223 2528 quodsi

64 2564 241 2636 peccatum
263 2558 331 2635 ejus
357 2563 437 2619 esset
461 2554 639 2636 publicum,
665 2552 907 2636 depredantur
930 2554 972 2616 od
995 2552 1109 2616 ordine
1122 2572 1219 2634 quern

66 2663 223 2744 suscepit,
247 2662 440 2745 etamplius
467 2680 532 2724 non
549 2668 658 2744 posset
681 2660 729 2724 od
742 2662 925 2743 superiores
941 2660 1071 2725 ordines
1086 2678 1218 2741 promo-

69 2770 155 2832 veri.
189 2768 305 2832 Verum
329 2770 487 2852 quoniam
498 2776 669 2851 peccatum
695 2770 796 2851 ipsius
817 2769 890 2849 fore
912 2768 1071 2831 oecultum
1095 2768 1219 2844 dixisti,

67 2874 272 2939 mandamus
297 2885 456 2957 quotenus
475 2876 701 2958 poenitentiam
729 2877 761 2938 ci
782 2875 980 2956 condiqnom
1001 2876 1163 2957 imponas,
1189 2883 1220 2938 et

69 2984 213 3047 secedens
240 2992 278 3046 ut
294 2993 389 3067 porte
400 2985 598 3065 pernitentiis
623 2992 768 3065 peraeta,
792 2982 906 3046 ordine
920 2991 1064 3065 suscepto
1079 2990 1219 3045 utatur:

71 3110 137 3173 quo
151 3098 317 3153 contentus
339 3092 487 3167 existens,
516 3090 564 3153 od
587 3093 769 3173 superiores
794 3089 937 3172 amplisu
962 3108 1027 3152 non
1054 3089 1218 3153 ascendut.

80 3200 311 3263 Verumtamen
336 3201 414 3281 quio
428 3206 596 3280 peecatum
620 3198 780 3262 occirltum
796 3206 852 3275 est,
868 3199 900 3261 si
907 3199 1099 3280 promoveri
1110 3198 1220 3260 volue-

73 3305 131 3385 rit,
150 3326 225 3372 eum
239 3328 306 3373 nen
321 3304 412 3373 debes
434 3305 547 3395 eliqua
574 3306 702 3373 ratione
721 3304 905 3395 probibere.
926 3304 974 3394 (C.
992 3308 1047 3372 Ee
1063 3317 1172 3373 tenore
1186 3310 1218 3392 l,

75 3412 125 3480 tit.
145 3415 199 3495 ll,
216 3410 293 3479 libri
311 3416 325 3477 l
343 3411 484 3500 Decret.)

117 3554 298 3643 Gregorius
314 3576 392 3621 vero
408 3554 455 3621 lX
469 3576 555 3623 anno
571 3556 653 3621 1229
673 3582 680 3621 :
700 3554 882 3637 Quiesium
894 3567 941 3623 est
955 3552 1221 3623 desueerdotibus

75 3662 127 3724 sel
138 3661 214 3724 aliis
227 3660 360 3738 clericis,
382 3662 441 3743 qui
457 3669 659 3744 perrectum
673 3660 840 3738 adulterii,
860 3660 1013 3743 perjurii,
1040 3659 1219 3739 homicidii,

75 3771 126 3832 sci
136 3769 219 3849 salsi
231 3769 416 3845 testimonii,
434 3768 553 3831 bonum
576 3768 779 3831 conscientie
792 3775 887 3832 recise
897 3767 1124 3851 perdiderunt.
1141 3768 1217 3833 Res-

75 3875 266 3957 pondemus,
281 3873 411 3957 quodsi
422 3875 736 3957 propositocrimino
750 3873 865 3938 ordine
877 3875 1062 3957 judiciario
1075 3894 1220 3959 compro-

77 3982 161 4061 iata,
186 3980 240 4045 uel
251 3982 336 4045 alios
360 3983 489 4045 notorio
507 4000 572 4045 non
585 3982 721 4062 sienim,
735 3999 801 4044 non
815 3982 930 4046 debent
950 3982 987 4045 tn·
1005 3985 1218 4066 (precurrens

79 4088 253 4167 homicidii)
274 4090 595 4171 postpoenitentiom,
621 4090 655 4151 in
670 4092 747 4171 jorn
760 4092 914 4172 susceptis
927 4089 980 4153 vel
1002 4091 1215 4171 suscipiendis

81 4186 244 4250 ordinibus
260 4185 434 4267 impediri:
451 4188 521 4269 qui,
539 4188 571 4249 si
593 4206 657 4249 non
670 4188 887 4269 poenituerint
910 4188 1065 4251 monendi
1084 4196 1170 4264 sunl,
1187 4197 1218 4252 et

81 4294 137 4355 sub
152 4294 413 4361 interminatione
428 4294 534 4361 divini
545 4294 670 4377 judicii
684 4293 876 4373 obtestandi,
892 4295 976 4357 utin
997 4295 1217 4361 testimonium
