3050 4984
569 490 642 535 PARS
664 489 812 537 SECUNDA.

635 798 734 892 511¹·

170 985 205 1036 tte
218 986 400 1038 intormetions
413 988 562 1051 summaria
575 988 679 1053 quando
693 1002 741 1053 per
753 988 821 1040 νίιιιιι
835 988 1036 1041 denuntiationis
1050 990 1210 1055 proceditur.

160 1200 384 1270 sustinuimus
405 1224 504 1293 supra
528 1202 741 1292 (subnectione
763 1208 795 1290 1,
816 1226 886 1297 cap.
915 1204 986 1296 3,§
1007 1205 1038 1295 2)
1062 1205 1259 1297 reputariter

118 1330 182 1375 non
201 1308 349 1377 sufficere
363 1331 490 1379 merum
504 1310 651 1379 libellum
667 1309 961 1398 denuntiatorum,
983 1320 1020 1379 ut
1039 1312 1140 1405 possit
1154 1310 1258 1403 judex

117 1422 229 1483 eontra
250 1415 478 1487 denuntiatum
500 1417 691 1510 procedere3
717 1418 773 1487 sed
797 1418 921 1510 requiri
943 1418 1041 1487 etiam
1066 1427 1144 1486 tunc
1167 1440 1257 1509 prae-

116 1525 205 1592 viam
221 1524 263 1591 de
278 1523 394 1594 delicto
414 1526 549 1595 famam.
565 1526 648 1597 Cum
670 1534 778 1595 tumen
800 1527 960 1615 generalis
983 1526 1040 1595 illa
1057 1523 1171 1615 regula
1190 1546 1256 1592 non

115 1632 155 1698 sit
171 1632 309 1701 omniuo
327 1640 421 1701 extra
439 1633 692 1702 controuersiam
717 1633 832 1723 posita,
855 1644 886 1702 et
907 1633 1080 1703 nonnullas
1100 1640 1259 1724 preterea

114 1738 320 1829 exceptiones
340 1738 507 1825 admittat,
532 1739 585 1807 bic
608 1740 824 1831 supponimus
846 1742 969 1809 versari
990 1739 1133 1830 judicem
1156 1738 1257 1805 ecole-

113 1842 279 1911 siastienm
294 1842 327 1911 in
341 1866 380 1912 ao
392 1866 482 1930 cusu,
498 1868 564 1937 quo
578 1844 640 1937 ipsi
652 1846 725 1913 licei
740 1846 914 1937 procedere
930 1868 970 1914 ecc
988 1846 1058 1914 solo
1076 1845 1256 1914 denuntia-

114 1949 217 2030 tione,
237 1972 295 2017 seu
314 1949 406 2019 nulla
424 1958 536 2020 contra
556 1973 648 2020 rcum
668 1952 868 2043 praecedente
888 1953 1034 2021 infamia.
1059 1953 1101 2021 Et
1119 1951 1257 2044 quaestio

112 2069 172 2143 cst,
186 2066 302 2125 uirum
318 2059 354 2126 in
366 2058 423 2125 tali
436 2078 512 2126 casu
526 2060 627 2148 possit
639 2059 742 2150 judex
757 2081 849 2128 reum
865 2060 973 2128 statim
986 2061 1084 2128 citare
1096 2088 1103 2139 ;
1121 2081 1164 2127 an
1177 2078 1257 2125 vero

113 2172 263 2231 teneatur
279 2173 375 2233 antea
392 2165 657 2234 informationem
675 2166 888 2235 summarium
907 2166 1088 2251 instituere,
1105 2174 1137 2234 et
1156 2164 1257 2232 semi-

113 2270 244 2361 pienam
274 2272 386 2341 saltem
417 2271 640 2363 probationem
667 2272 808 2364 juridice
841 2272 1010 2341 obtineret
1043 2272 1252 2362 Respondco,

111 2380 219 2446 teneri
232 2393 310 2449 tunc
321 2380 473 2471 judicem
487 2380 734 2449 ecclesiasticum
749 2381 796 2449 cd
806 2380 1077 2472 praemittendum
1092 2380 1256 2471 informa-

111 2486 221 2553 ticum
228 2509 423 2577 procesmm.
436 2487 511 2555 Non
526 2488 614 2556 cnim
628 2488 690 2579 ipsi
705 2488 777 2557 licet
791 2510 989 2580 quemquam
1004 2488 1102 2557 citare
1116 2494 1255 2554 circum

110 2593 310 2662 constituere
331 2597 390 2686 (t),
410 2594 474 2663 nisi
493 2594 643 2663 habuerit
663 2602 775 2663 contra
793 2617 868 2663 eum
889 2594 1003 2663 saitem
1026 2593 1254 2683 semi-plenam

106 2699 337 2792 probationem
363 2708 420 2769 aut
445 2700 559 2790 gravia
582 2698 711 2769 indicia.
741 2700 837 2769 Ratio
861 2710 909 2769 est
932 2702 1010 2792 quia
1032 2722 1073 2768 ex
1098 2699 1159 2767 hoc
1183 2699 1254 2789 ipso

105 2806 203 2897 qnod
216 2806 291 2897 quis
307 2806 519 2876 criminaliter
536 2807 664 2892 citetur,
681 2815 713 2874 et
727 2828 803 2874 rens
819 2808 1047 2892 constituatur,
1065 2805 1102 2872 fit
1122 2826 1254 2895 suspec-

106 2922 167 2982 tus
188 2912 276 3003 apud
296 2914 471 3005 populum,
494 2924 526 2981 et
545 2935 646 3003 grave
664 2913 822 2981 damnum
844 2914 982 3004 patitur,
1008 2934 1133 2980 necnon
1156 2911 1254 2979 taedio

103 3028 139 3088 et
166 3041 307 3087 moerorc
325 3020 476 3087 afficitur.
493 3022 566 3109 ipsa
581 3027 689 3088 autem
704 3020 758 3087 lex
775 3019 932 3089 naturalis
947 3018 1108 3111 probibet,
1126 3041 1167 3086 na
1183 3019 1252 3087 eui-

102 3148 213 3218 qnam
227 3134 354 3195 tantum
374 3148 551 3215 gravamen
573 3126 694 3216 ubsque
708 3148 809 3195 causa
828 3126 1001 3218 sufficienti
1018 3125 1178 3194 inferatur
1197 3151 1205 3193 ι
1222 3134 1254 3193 et

103 3256 211 3304 eausa
225 3234 282 3303 iila
294 3233 460 3303 sufficiens
480 3254 685 3325 nequaqnam
700 3231 803 3317 adest,
819 3233 950 3325 quando
965 3243 1078 3302 eontra
1098 3255 1191 3302 reum
1212 3254 1253 3301 ne

102 3342 312 3433 semi-plena
324 3340 457 3432 quidem
472 3342 611 3410 habetur
626 3340 785 3433 probatio,
801 3363 860 3410 nco
881 3343 995 3432 gravia
1007 3341 1138 3410 indicia.
1159 3341 1253 3410 Unde

103 3471 229 3519 revera
247 3457 321 3517 ante
339 3448 482 3517 habitam
502 3448 827 3539 semi-probationem
849 3449 976 3536 saltem,
994 3456 1050 3517 aut
1069 3448 1182 3538 gravia
1202 3448 1254 3515 in-

102 3558 215 3639 dicia,
243 3579 308 3624 uon
332 3556 407 3624 iicet
426 3555 528 3646 judici
556 3578 648 3624 rcum
670 3556 768 3623 citare
792 3564 824 3623 ct
845 3556 1050 3624 constituero.
1076 3555 1149 3624 iam
1174 3577 1252 3623 vero

102 3664 243 3732 libellus
258 3662 518 3731 denuntiatorias
533 3684 592 3754 per
605 3684 639 3730 se
653 3662 759 3730 solum
772 3662 875 3754 judici
890 3685 956 3731 non
969 3662 1152 3753 suppeditat
1163 3684 1253 3753 prae-

101 3770 213 3837 iatam
241 3767 563 3859 semi-probationem
590 3777 648 3835 aut
676 3769 791 3858 gravia
817 3766 946 3839 iudicia.
978 3769 1135 3850 Quamvis
1164 3768 1251 3836 enim

140 4032 176 4089 tt}
191 4027 289 4078 Dicitur
300 4027 382 4093 judex
394 4042 465 4077 reum
477 4028 639 4085 constituere,
657 4028 761 4092 quando
778 4029 849 4093 cogit
865 4042 925 4081 eum
943 4033 1011 4082 stare
1026 4043 1114 4081 coram
1130 4028 1251 4081 tribunati

107 4123 159 4160 sno
176 4112 203 4158 et
213 4120 323 4157 examen
338 4107 434 4158 subire.
446 4108 513 4159 ilinc
525 4108 665 4158 canonista
679 4112 774 4159 vocant
783 4112 909 4173 primum,
922 4110 1068 4169 seeundum,
1080 4114 1141 4171 ete,
1152 4112 1251 4159 concti-

108 4193 209 4249 tutm,
223 4188 510 4252 primumseconnum,
520 4192 582 4250 etc,
596 4187 822 4253 interrogatorinm
831 4188 885 4254 aet,
894 4188 932 4241 sic
947 4204 1036 4241 corum
1049 4190 1169 4241 tribunati
1183 4194 1251 4243 stan·

107 4271 153 4333 tis,
167 4282 215 4319 sen
226 4266 367 4319 constituti.
