3050 4984
241 474 303 539 278
616 460 792 545 reserares
816 500 855 545 na
876 463 1010 545 mutaris.

243 646 260 684 a
283 642 337 689 cos
360 619 534 689 concedere
556 619 667 709 possit.
691 646 707 683 a
730 618 895 709 (laurenii
918 622 1041 688 Forum
1060 620 1321 703 eeclesiasticam,
1346 621 1384 689 in

239 730 290 796 tit.
309 732 362 811 28,
380 726 457 793 libri
473 730 492 793 2
508 726 649 809 Deerat,
665 735 781 817 quaest.
803 726 915 817 1029.)
926 726 1202 809 Quamvisautetn
1218 728 1303 796 dicta
1318 750 1383 821 pe-

239 836 312 904 titio
327 832 545 923 apostolorum
566 832 606 901 de
624 831 699 923 jure
719 834 885 902 communi
906 833 1085 901 neccssaria
1106 833 1159 918 sit,
1179 835 1382 904 mntrarium

237 946 349 1035 vigere
365 949 469 1033 potest
482 941 515 1007 in
528 940 638 1031 aliqua
650 940 783 1027 regione
797 962 839 1009 ex
849 940 923 1031 jure
939 940 1139 1031 particulari,
1156 942 1246 1009 verbi
1261 944 1379 1031 gratia,

237 1077 279 1123 ex
293 1050 436 1140 legitime
451 1045 641 1139 prescripta
656 1046 901 1115 consuetudine.
1168 1136 1172 1144 Ι

279 1161 423 1242 Quusuo
447 1158 494 1222 4².
512 1192 556 1205 -·
580 1156 631 1221 An
643 1151 753 1243 jactes
772 1176 793 1219 a
815 1174 878 1244 qna
905 1154 1068 1244 apostolos
1086 1155 1214 1244 petenti
1231 1166 1384 1223 terreatur

234 1264 425 1337 concedere?
440 1300 484 1313 -
501 1259 645 1328 Omnino
661 1269 789 1327 meatur
811 1258 1002 1339 eoncederc3
1019 1268 1062 1345 et,
1085 1261 1114 1327 si
1133 1267 1272 1347 recuset,
1297 1261 1381 1329 reli-

237 1398 321 1467 quus
335 1392 504 1464 processus
517 1370 557 1437 ab
573 1368 644 1459 ipso
664 1367 828 1435 confectus
842 1390 884 1437 ex
904 1367 965 1435 hoc
981 1369 1051 1459 ipso
1072 1368 1184 1437 irritus
1203 1369 1323 1438 evadit.
1341 1370 1380 1439 ld
1512 1391 1513 1434 3

237 1480 397 1573 siquidem
410 1498 560 1568 expresse
575 1474 718 1543 decrerit
732 1473 940 1542 Innocentius
950 1476 997 1544 lv
1014 1475 1065 1542 his
1076 1476 1185 1544 verbis
1201 1502 1209 1543 ε
1229 1480 1272 1543 Ut
1281 1498 1384 1567 snper

234 1586 456 1681 appellatione
471 1606 509 1651 ae
526 1582 599 1673 ejas
614 1604 715 1650 causa
731 1581 901 1649 instructio
914 1582 1046 1671 facilior
1061 1583 1170 1650 ualeat
1182 1584 1217 1650 in
1225 1606 1381 1673 praeessu

234 1694 359 1773 baberi,
377 1690 521 1761 destricte
533 1688 754 1780 praecipimnr,
773 1687 864 1778 praed
877 1688 932 1756 ille
944 1711 966 1755 a
979 1712 1044 1779 qno
1057 1690 1257 1781 appellatur,
1275 1712 1383 1781 apor-

234 1804 317 1872 tolos
343 1798 527 1890 appellanti
558 1796 670 1886 [juata
696 1808 838 1862 tenorem
866 1795 1106 1863 constitutionis
1133 1809 1254 1866 nostra
1279 1819 1382 1888 snper
1513 1821 1514 1836 2

234 1912 295 1979 lice
319 1908 423 1996 edita)
442 1904 567 1973 imbuat
585 1902 768 1994 requisitio.
786 1902 828 1970 Si
839 1924 913 1971 oeno
927 1924 994 1969 nan
1009 1902 1203 1985 exhibuerit,
1227 1926 1267 1971 ea
1288 1916 1378 1986 taric,

234 2019 263 2087 si
275 2020 360 2107 sorte
373 2016 409 2083 in
423 2035 521 2083 cansa
530 2009 689 2103 pracedat
707 2009 782 2097 (nisi
794 2010 1012 2102 appellationi
1024 2012 1251 2079 renuntiatam
1263 2014 1382 2102 fuerit)

236 2127 307 2217 ejas
322 2120 488 2192 invalidas
502 2132 532 2188 et
543 2117 659 2186 irritus
671 2117 715 2185 sit
722 2139 903 2208 processus.
923 2118 1013 2209 (Cap.
1030 2122 1062 2204 l,
1078 2118 1163 2187 tituli
1180 2123 1234 2205 15,
1250 2118 1326 2187 libri
1341 2124 1379 2206 2,
1514 2173 1515 2186 .

237 2256 272 2301 1ss
279 2231 349 2407 liii
364 2336 460 2403 debet
466 2332 569 2425 judex
582 2352 602 2399 a
615 2352 678 2422 qno
692 2329 853 2421 apostolos
861 2330 1038 2421 appellanti
1049 2330 1236 2418 concedere,
1251 2334 1383 2403 etiamsi

237 2447 265 2514 is
280 2468 346 2515 non
366 2450 452 2535 petat
474 2440 609 2529 (Forum
629 2436 877 2505 eeclesiasticam
891 2437 1056 2525 Lemouii,
1077 2438 1112 2505 in
1132 2438 1180 2507 tit.
1204 2442 1259 2527 28,
1277 2440 1334 2509 lib.
1357 2446 1379 2509 2

236 2556 376 2637 Deerat,
394 2573 427 2640 q.
445 2551 542 2631 1029,
561 2567 594 2612 n.
612 2546 656 2633 3).

281 2659 407 2741 Quibus
437 2656 542 2745 paenis
569 2650 734 2743 subjaceat
760 2650 863 2742 judex
897 2652 1059 2743 apostolos
1092 2653 1267 2744 denegans,
1302 2654 1381 2725 vide
1515 2712 1517 2729 .

237 2768 372 2849 ibidem,
387 2787 420 2831 u.
435 2767 467 2830 2.

286 2902 302 2940 a
317 2872 423 2942 ludex
437 2892 458 2937 a
470 2892 547 2959 pero,
563 2868 641 2935 dum
656 2874 812 2957 petuntur
824 2867 865 2934 ab
874 2867 1072 2957 coapostoli,
1087 2868 1114 2936 si
1129 2868 1253 2936 delerat
1265 2870 1382 2961 appel-

240 3012 257 3048 «
281 2978 405 3061 lationi,
435 2974 542 3043 dicere
568 2974 689 3043 debet:
716 2974 933 3064 appellationi
957 2972 1117 3064 deferret
1142 2977 1304 3067 apostolos
1324 3001 1381 3045 re-

240 3118 256 3153 «
280 3084 469 3156 uerentiales
488 3080 635 3150 concedo.
657 3080 691 3148 Si
714 3102 792 3149 vero
806 3080 1012 3172 appellationi
1027 3105 1091 3150 uon
1114 3082 1250 3171 delerat,
1270 3082 1381 3153 dicere

239 3225 256 3261 «
280 3195 373 3263 debet
391 3220 397 3260 :
416 3188 633 3282 appellationi
643 3212 709 3258 non
723 3189 843 3279 desero,
855 3202 886 3256 et
902 3187 1066 3281 apostolos
1080 3192 1289 3282 resistatorios
1300 3214 1381 3261 eore-

239 3332 256 3367 «
279 3300 365 3371 cedo.
386 3327 402 3363 a
423 3296 628 3388 (beuranius,
649 3296 745 3365 citato
759 3296 843 3384 loco,
859 3321 891 3388 q.
910 3301 1008 3382 1031,
1026 3320 1061 3365 u.
1078 3299 1126 3388 2.)

277 3410 420 3491 Quusrro
432 3409 476 3471 5².
488 3442 532 3455 -
543 3406 633 3471 Intra
645 3402 735 3495 qnod
751 3416 878 3494 tempus
891 3404 1036 3495 petendi,
1058 3405 1262 3488 concedendi,
1274 3420 1305 3475 et
1313 3410 1381 3499 jn·

232 3516 298 3585 diei
311 3513 351 3581 ad
370 3535 466 3605 quem
479 3509 704 3603 praesentandi
717 3510 781 3578 sint
797 3512 957 3602 apostoli?
969 3548 1013 3563 -
1031 3515 1062 3579 1ιι
1077 3511 1163 3580 Olim
1180 3513 1325 3603 petendis
1343 3524 1381 3584 et

231 3620 396 3691 tradendis
409 3618 561 3709 apostolis
577 3616 758 3709 prescripti
771 3626 864 3686 crant
875 3619 1019 3709 quinque
1030 3618 1112 3705 dies,
1128 3629 1225 3710 prout
1239 3620 1381 3690 habetur

232 3750 355 3797 canone
369 3726 416 3795 Ab
431 3748 467 3793 eo
483 3726 550 3816 (24,
566 3746 672 3792 causae
688 3728 721 3810 2,
737 3747 771 3815 q.
791 3726 834 3813 6).

277 3840 310 3902 2ο
324 3835 403 3903 lure
419 3832 595 3923 posteriore
612 3840 643 3899 et
656 3828 834 3899 hodiedum
851 3831 981 3921 vigente
996 3831 1116 3901 dantur
1129 3832 1170 3901 ad
1187 3832 1220 3900 id
1238 3838 1279 3902 311
1292 3835 1377 3905 dies.

229 3945 362 4012 Constat
377 3962 418 4007 ex
432 3938 583 4006 decretali
599 3937 646 4005 Ab
662 3959 698 4005 eo
714 3938 760 4025 (b,
772 3936 813 4005 de
824 3938 964 4029 Appell,
982 3940 1016 4007 in
1030 3940 1077 4029 6),
1093 3949 1125 4008 et
1137 3962 1179 4007 ex
1193 3941 1265 4029 lege
1278 3942 1380 4010 ladi-

229 4050 317 4119 cibns
333 4048 402 4135 (21,
417 4069 446 4114 c.
466 4044 505 4113 de
519 4045 672 4137 Appell.).

275 4162 306 4224 3ο
321 4154 432 4223 Solent
444 4160 553 4220 aulem
566 4152 631 4243 peti
645 4152 777 4242 quando
789 4152 983 4244 appellator,
1000 4164 1032 4221 et
1045 4176 1112 4223 uno
1126 4165 1282 4224 connata
1297 4180 1379 4227 curn

228 4262 454 4359 appellatione.
