3050 4984
296 461 358 526 632
810 479 918 524 tunm.

293 602 364 652 cli.
378 599 462 651 lxlv.
476 599 569 650 Forma
581 599 740 664 procedendi
751 599 856 662 quando
869 598 1003 664 appellans
1016 598 1154 665 protendit
1165 601 1231 661 scta,
1242 597 1276 648 ad
1286 597 1364 663 judi·

357 693 414 730 cem
426 679 461 730 ud
471 693 545 746 quem
558 678 716 744 transmissa,
728 679 806 732 luisse
816 679 906 730 uitiata
938 715 1361 730 ...........
1393 683 1435 729 θοι

292 771 363 822 Cll’.
378 771 449 820 LXV.
462 771 555 820 liorma
571 769 685 821 ferenda
703 771 837 822 sententiaa
850 783 929 835 super
939 769 1026 822 valore
1039 769 1219 834 appellationis
1231 770 1263 821 ah
1277 769 1360 822 inter-

352 849 481 902 locutoria
483 885 1359 902 ......................
1393 855 1436 900 sat

291 941 362 990 cli.
376 940 460 990 LXVI.
474 940 566 990 Forma
581 939 722 1004 incipiendi
736 953 875 1004 processus
892 939 961 1004 apud
975 939 1091 1003 judicem
1102 938 1138 989 ud
1153 954 1236 1004 quem,
1250 940 1358 1003 quando

352 1020 510 1086 appellatum
521 1021 725 1072 cstasententia
736 1020 868 1073 definitiva
893 1057 1356 1072 ............
1392 1027 1436 1070 aaa

291 1111 358 1162 cli.
375 1110 469 1162 hilvll.
482 1111 573 1162 Forma
586 1109 720 1163 sententiae
731 1110 954 1176 pronuntiandas
964 1109 1053 1175 judica
1066 1109 1182 1178 adquam
1195 1110 1355 1177 appellatum

353 1194 391 1241 est
394 1225 1357 1243 ........................
1392 1196 1436 1240 a'tlt

290 1335 465 1385 APPENDIX
476 1333 509 1384 ad
519 1333 696 1386 formularium
729 1370 1357 1387 ................
1393 1340 1435 1384 608

321 1453 340 1500 l.
356 1451 476 1502 Formnla
487 1451 599 1502 terendae
608 1452 784 1518 suspensionis
798 1451 1092 1518 extra-judicialltarsen
1102 1466 1134 1503 ex
1147 1451 1283 1503 intormata
1291 1464 1358 1503 con·

351 1530 458 1582 seientia
480 1568 1356 1586 ......................
1391 1537 1434 1580 iii

230 1600 234 1608 '
321 1613 351 1662 ll.
368 1611 489 1664 Fornula
507 1611 664 1676 monitionis,
677 1617 704 1664 ul
717 1613 911 1665 matrimonium
931 1613 1077 1675 contrahit,
1092 1613 1137 1678 qui
1148 1612 1278 1678 sponsalia
1291 1627 1357 1664 con-

350 1693 435 1742 traxit.
476 1728 1355 1744 ......................
1391 1698 1434 1742 aas

324 1773 364 1822 lll.
384 1773 504 1822 Formula
523 1772 694 1824 declaratoria
716 1773 991 1826 excommunicationis
1018 1778 1109 1824 contm
1129 1787 1188 1824 enm
1210 1771 1265 1837 qni,
1284 1772 1358 1823 initis

352 1852 524 1916 sponsalibus,
538 1853 622 1904 renuit
634 1854 826 1905 matrimonium
839 1854 992 1905 contrahere
1016 1891 1356 1905 .........
1391 1860 1436 1904 ota

318 1934 361 1983 lV.
375 1933 495 1984 Formula
507 1933 656 1984 declarandi
668 1935 922 1986 excommunicatum
930 1933 1061 1985 Vicsrium
1071 1934 1219 2000 generalem
1230 1933 1357 2000 suffraga-

350 2013 402 2075 nei,
417 2027 449 2064 ex
461 2027 492 2064 ao
514 2015 583 2078 quod
602 2014 803 2078 appellationem
821 2016 853 2066 ab
867 2015 947 2081 ipsius
960 2015 1087 2067 sententia
1099 2015 1228 2080 rejecerit,
1240 2019 1275 2078 et,
1287 2028 1358 2066 non·

354 2094 470 2144 obstante
484 2093 648 2156 inhibitione,
662 2099 786 2147 executus
800 2096 832 2146 sit
850 2133 1356 2146 .............
1392 2102 1435 2146 fita

324 2175 351 2224 l'.
367 2174 485 2224 Formula
496 2173 678 2226 denuntianda
691 2175 823 2240 predictae
835 2177 1109 2229 excommunicationis
1139 2213 1355 2228 ......
1393 2183 1434 2227 att

634 2807 836 2948 teu

619 2956 699 3001 stills
725 2957 837 3001 lithlcts
858 2957 934 3002 Tolli
956 2960 1093 3005 SECUNDI.

638 3057 837 3212 sle-s
852 3065 967 3246 [μγ

548 4295 707 4350 ansanum,
724 4300 895 4345 tttl’alifflttss
911 4304 949 4341 nn
965 4303 987 4340 s.
1003 4301 1164 4346 aoavaior.
