3050 4984
545 485 620 533 rsus
641 486 785 533 11111111.
1173 467 1234 531 369

100 633 119 671 1
142 606 205 674 bus
224 614 256 693 et
274 605 483 675 concionibus
497 606 539 675 ad
555 604 653 675 tidem
671 604 1070 675 catholicumreduoe‘ndi.
1088 607 1236 697 Insuper,

99 740 118 777 1
141 714 211 804 ipse
240 714 279 781 B.
310 713 406 782 Peter
436 713 625 781 Dominiens
654 713 812 781 adversus
842 713 1028 782 haeretienm
1045 713 1237 803 pravitatem

97 846 115 885 1
139 820 314 910 inquisitor
328 818 525 910 apostoliens
537 818 740 907 designetur,
756 826 806 905 ut,
823 840 890 887 non
903 819 1010 888 solnm
1024 820 1086 909 piis
1110 819 1237 887 exhor-

99 926 337 1009 «tutionibns,
364 925 421 993 sed
459 924 634 1016 apostoliea
671 927 769 993 etiam
801 925 991 994 auctoritate
1026 926 1067 993 ad
1099 925 1237 999 hmreses
1302 935 1305 949 '

100 1058 118 1097 ι
142 1032 291 1101 funditus
305 1032 515 1122 extirpandos
536 1031 734 1121 procederet,
759 1053 800 1099 ne
823 1054 915 1100 nrme
934 1039 1047 1101 eontra
1068 1031 1238 1101 haereticos

100 1166 117 1204 1
136 1138 321 1207 necessaria
333 1138 608 1207 desiderarentur.
633 1136 896 1229 Apostoliearum
917 1137 1098 1207 litterarum
1124 1160 1239 1207 exem-

99 1272 117 1311 1
139 1246 215 1336 pter
229 1244 380 1314 nonnulli
395 1254 542 1313 unctores
557 1267 591 1313 se
615 1243 737 1313 vidisse
750 1252 924 1328 testentur,
949 1253 985 1311 ut
997 1244 1096 1313 refert
1122 1244 1238 1313 Ferdi-

98 1379 117 1417 1
139 1353 272 1421 naudus
295 1351 428 1421 Gestillo
456 1350 553 1442 (libro
584 1355 597 1418 1
629 1350 784 1419 Historiae
813 1348 937 1419 ordinis
966 1350 1237 1431 Praedicatorum,

99 1483 118 1521 1
141 1480 172 1524 o.
193 1458 259 1546 17).
274 1456 326 1525 Ex
339 1455 394 1523 his
405 1465 540 1546 apparet
551 1464 699 1523 sonetum
713 1454 1021 1523 Dominioumenno
1032 1460 1130 1543 1216,
1141 1456 1239 1525 fuisse

96 1588 115 1629 1
139 1564 368 1655 inquisitorem
382 1571 540 1631 ereetum.
556 1586 573 1627 1

143 1733 162 1772 o
173 1707 243 1775 Hoc
256 1706 358 1796 igitur
370 1705 512 1775 officium
527 1706 684 1796 delegate
701 1704 920 1797 inquisitionis
934 1707 1060 1797 primus
1080 1706 1240 1797 generatis

98 1841 115 1880 1
137 1814 313 1906 inquisitor
339 1814 515 1905 apostoliea
535 1813 724 1882 auctoritate
746 1813 892 1881 exercuit
914 1813 1031 1881 Beatus
1046 1812 1142 1882 Pater
1168 1814 1239 1882 Do-

98 1948 116 1987 «
139 1922 295 2008 minious,
310 1921 436 1989 ordinis
457 1919 713 1989 Praedicatorum
737 1919 949 2009 dignissimus
965 1921 1170 1990 institutor...
1187 1923 1240 1991 Ab

97 2028 327 2098 «Innocentio
348 2029 392 2096 111
418 2028 591 2118 inquisitor
617 2026 777 2117 generalis
800 2034 848 2095 est
874 2027 1053 2130 institutus,
1079 2036 1116 2096 ut
1138 2029 1241 2120 eapite

98 2136 338 2228 «praeoedenti
366 2133 527 2220 diximus,
555 2134 668 2225 illique
704 2131 763 2201 hoo
790 2134 1027 2201 sanctissimum
1054 2134 1241 2226 inquirendi

97 2268 114 2307 o
139 2264 263 2343 munus
278 2242 384 2334 primo
397 2242 545 2309 omnium
561 2248 609 2309 est
624 2240 823 2329 delegatum.
838 2238 931 2321 Quod
946 2262 1012 2309 non
1033 2240 1138 2309 solum
1159 2264 1238 2309 eon-

97 2374 115 2415 «
138 2357 251 2417 stutex
266 2347 399 2441 eoquod
414 2370 489 2416 eum
501 2347 573 2414 aliis
582 2347 770 2415 auctoribus
783 2345 946 2414 affirment
955 2346 1123 2433 Camillus,
1140 2348 1240 2416 Cam-

97 2483 113 2520 1
138 2456 258 2549 pegius
271 2464 303 2523 et
317 2456 512 2523 Francisous
533 2455 573 2521 de
588 2453 710 2543 Pegna,
732 2454 901 2522 sedetiam
918 2454 1096 2521 manifestis
1112 2454 1242 2523 indiciis

97 2589 114 2629 1
138 2572 172 2631 11
188 2562 370 2630 effioaeihus
385 2562 565 2629 rationibus
580 2561 820 2653 comprobatur.
838 2587 855 2626 1

139 2708 192 2774 111
205 2705 339 2796 quidem
356 2704 506 2773 laudatus
532 2714 657 2789 auctor,
675 2706 728 2773 oui
744 2704 855 2773 henin
883 2726 918 2773 re
933 2714 1111 2773 consonent
1123 2728 1241 2796 quam-

95 2812 246 2904 plurimi.
279 2812 365 2880 61111
395 2821 505 2880 tamen
536 2810 694 2879 nonnulle
722 2810 792 2900 ejus
820 2818 940 2880 asserta
968 2810 1125 2901 indigent.
1159 2813 1242 2881 Nam

97 2924 143 3008 1⁰,
162 2918 252 3011 quod
274 2928 404 2987 sanctus
427 2918 615 2987 Dominieus
634 2918 734 2986 fuerit
751 2918 886 3010 primus
913 2918 1100 3009 inquisitor,
1123 2931 1243 3009 negent

92 3026 319 3096 Cistereiensis
350 3025 475 3094 ordinis
503 3026 687 3116 scriptores,
721 3025 778 3117 qni
818 3026 936 3093 henooe
975 3025 1114 3115 gloriam
1143 3026 1241 3096 Beato

93 3134 204 3203 Petro.
218 3133 258 3200 de
283 3132 522 3218 Castro-Novo,
548 3132 695 3223 ejusdem
719 3132 857 3218 ordinis,
876 3132 1053 3200 vindicant.
1088 3138 1120 3199 2⁰
1147 3133 1241 3215 Quod

94 3247 229 3307 1111111
250 3238 441 3307 Dominieus
466 3260 533 3308 non
556 3246 683 3305 tantum
707 3261 771 3306 non
792 3237 891 3305 fuerit
910 3238 1051 3329 primm,
1075 3239 1131 3307 sed
1153 3240 1240 3331 quod

95 3346 285 3414 nullatenus
310 3345 407 3413 fuerit
433 3343 628 3437 inquisitor,
662 3367 719 3412 nee
746 3344 853 3435 quood
881 3366 1021 3433 nomen,
1053 3366 1111 3413 nee
1140 3348 1240 3415 etiem

95 3451 207 3542 quoad
229 3472 312 3536 rem,
335 3450 495 3518 sustinent
518 3451 613 3541 penei
641 3448 776 3541 quidem
805 3472 881 3517 oum
906 3449 1068 3519 E‘ehardo.
1093 3451 1167 3519 Non
1194 3461 1241 3519 est

96 3580 157 3626 our
178 3556 386 3625 enucleandae
410 3556 599 3647 hujusmodi
624 3557 800 3647 questioni
825 3556 881 3624 diu
909 3556 1136 3645 immoremur,
1166 3581 1241 3627 oum

95 3663 217 3731 eximie
236 3672 268 3731 et
282 3664 406 3731 erudite
422 3662 455 3730 id
470 3662 683 3754 prestiterint
701 3662 910 3730 Bollnndistae
931 3664 1022 3755 (Aeta
1035 3678 1238 3753 sanctorum,

96 3770 150 3839 die
168 3774 188 3837 t
204 3770 347 3860 augusti,
364 3768 403 3838 de
418 3772 542 3837 Sancto
559 3768 742 3850 Dominiro,
757 3768 801 3859 ἐξ
816 3772 856 3836 16
872 3778 903 3837 et
919 3771 985 3859 17);
1002 3793 1143 3861 quorum
1165 3773 1241 3841 doc-

97 3878 221 3946 trinam
235 3898 436 3968 persumme
450 3876 555 3967 sepite
570 3876 623 3943 hio
637 3884 808 3944 annotasse
825 3886 873 3944 sat
888 3876 960 3945 erit.

144 4025 178 4087 1ο
192 4020 245 4087 Ex
260 4020 387 4088 duabus
410 4018 650 4110 formatisque
670 4018 778 4087 adhue
794 4028 981 4110 supersunt,
1007 4029 1039 4088 et
1061 4043 1142 4112 ques
1156 4025 1242 4092 refe-

97 4137 190 4212 runt,
204 4125 403 4195 concludunt
420 4125 630 4195 Bollandistae
644 4134 792 4193 sanetum
806 4126 1016 4194 Dominioum
1038 4129 1157 4219 saepius
1173 4130 1243 4200 he-

98 4235 209 4303 reticis
222 4233 265 4301 ad
278 4233 453 4301 Ecclesiam
479 4233 621 4301 reductis
644 4230 791 4322 juridice
804 4232 1028 4323 penitentiam
1045 4234 1241 4330 injunxisse,

264 4360 296 4405 1.
1045 4346 1085 4405 tt
