3050 4984
533 482 608 527 rens
631 481 778 527 smenon.

616 736 686 826 §L

81 909 205 962 Formuto
220 908 368 960 litterarum
385 905 606 965 tenimentum,
621 918 671 971 pro
686 903 808 955 habenda
827 903 990 967 depositione
1001 903 1085 964 testis⁹
1102 903 1128 954 in
1147 904 1230 956 elietn

498 985 605 1036 dioeoesi
624 983 818 1035 commonentis.

128 1178 270 1246 Possunt
283 1175 380 1246 scribi
393 1182 425 1243 et
442 1175 477 1242 in
492 1173 572 1242 notis
586 1171 704 1241 referri
718 1171 752 1239 in
768 1171 857 1240 hunc
872 1170 1005 1239 modum
1023 1197 1031 1236 ι

128 1347 144 1378 «
171 1320 410 1402 Carcsepuenter
431 1315 626 1380 reverendas
641 1316 697 1392 N..
728 1315 875 1379 Vicariecs
888 1313 1062 1396 pmeralis,
1084 1334 1159 1380 cnm
1172 1316 1233 1379 ad·

82 1429 231 1495 vertisset
247 1427 466 1490 necessarium
480 1443 546 1488 esse
559 1423 748 1488 examinari
760 1429 798 1484 ut
812 1429 922 1484 testem
940 1421 1116 1486 dominnm
1131 1424 1188 1501 N„
1204 1432 1236 1488 et

82 1553 152 1598 non
163 1541 270 1616 posset
284 1533 388 1614 ipsius
403 1532 614 1613 presentiam
634 1529 765 1606 tabere,
781 1547 855 1591 cnm
870 1538 1087 1616 commoretur
1104 1531 1139 1593 in
1157 1531 1234 1596 dicre

84 1642 152 1706 cesi
170 1641 227 1718 N„
251 1639 392 1704 decrevit
413 1637 536 1701 litteras
559 1636 829 1702 commissoriales
853 1636 933 1700 dare
955 1637 1002 1700 ad
1022 1639 1235 1703 reverendum

84 1747 119 1810 N
122 1796 144 1824 .,
164 1747 329 1812 Vicarinm
341 1745 538 1828 qeneralem,
553 1752 585 1808 et
598 1743 807 1808 ordinariam
820 1742 910 1806 illias
924 1743 1066 1808 diceeesis
1075 1744 1232 1826 judicem.

84 1854 262 1937 Expedite
280 1855 384 1936 ipitar
398 1853 492 1933 fuere
513 1851 688 1934 adipsum
709 1851 824 1916 littere
845 1851 964 1916 tenoris
986 1853 1163 1934 sequentis,
1185 1855 1236 1916 vi-

86 1960 229 2026 delicet:

132 2091 148 2125 o
161 2066 343 2133 Reverendo
357 2064 620 2130 etcolendissime
632 2065 775 2128 domine.
787 2065 1058 2131 —Necessarium
1068 2085 1143 2132 cnm
1153 2067 1237 2132 milri

85 2177 131 2237 sit
151 2173 268 2236 holere
288 2173 509 2236 testimoninm
526 2171 653 2234 domini
666 2171 722 2248 N„
739 2173 773 2232 in
790 2171 919 2235 dioecesi
933 2173 973 2240 N.
991 2176 1235 2248 commorantis,

88 2285 126 2347 in
147 2301 245 2346 causa
266 2282 424 2366 quadam,
439 2299 513 2364 aaa
533 2299 644 2344 caram
662 2300 714 2343 me
727 2282 899 2355 actitatum
917 2290 1009 2364 tepere
1029 2282 1236 2345 ordinariam

88 2393 125 2453 in
145 2390 231 2453 dicta
246 2389 375 2452 diacesi
382 2387 529 2470 judicem
550 2388 686 2450 existere
701 2387 927 2469 diffamatum
946 2389 1054 2452 visam
1072 2396 1118 2451 est
1138 2391 1234 2450 anei-

88 2496 173 2559 liam
186 2504 280 2558 tuam
294 2497 469 2576 requirere.
489 2494 695 2575 Quapropter
707 2497 798 2556 omni
817 2495 940 2574 majori
951 2513 1018 2577 qna
1035 2513 1170 2576 possam
1185 2496 1234 2557 in-

86 2603 212 2666 stantia
230 2620 321 2684 rope,
340 2610 379 2665 nt
389 2601 582 2683 pradicacm
596 2599 766 2664 dominum
787 2601 843 2679 N.,
868 2620 978 2665 coram
1000 2609 1030 2666 te
1050 2621 1238 2686 comparere

83 2711 194 2793 facias
207 2727 345 2792 eamque
360 2709 516 2790 juridice,
535 2708 583 2771 ad
593 2717 711 2772 nostree
729 2711 830 2773 carice
841 2709 959 2791 praeis
976 2728 1140 2789 normam,
1157 2708 1234 2773 eea'·

87 2819 219 2881 minare
232 2817 322 2896 oelcls,
339 2835 454 2898 nempe
469 2819 571 2899 ipsius
585 2818 805 2880 testimoniam
817 2820 972 2899 juratum
988 2819 1164 2899 accipiente
1176 2837 1234 2882 ne-

89 2925 177 2988 taria
198 2925 340 3008 lepltime
360 2932 478 3000 creato,
502 2930 533 2987 et
553 2925 587 2987 in
608 2924 808 3005 scripturam
823 2923 993 3007 publicam
1011 2925 1191 3007 redipente;
1206 2935 1238 2989 et

88 3031 202 3095 adme
215 3033 318 3114 ipsius
332 3031 563 3113 depositionem
582 3029 809 3094 transmittere.
829 3029 971 3095 Articuli
979 3049 1079 3113 porra
1099 3033 1235 3095 interro·

88 3138 234 3220 patiami
250 3147 326 3200 sant
345 3145 510 3217 sequentes
523 3141 567 3216 (et
587 3138 633 3200 ibi
659 3138 801 3200 scribens
820 3137 947 3201 eosdem
967 3137 1237 3218 interrogationes

88 3250 202 3326 ponet,
217 3263 298 3327 quos
316 3245 386 3327 ipso
404 3245 522 3308 iaceret
540 3245 568 3305 si
582 3248 694 3307 testem
709 3243 933 3326 examinaret).
953 3244 1090 3308 Interim
1112 3253 1166 3309 tao
1185 3265 1236 3310 me

87 3351 272 3433 famiam
282 3359 464 3415 reverenter
477 3350 625 3432 offerens,
640 3368 719 3432 rope
729 3358 768 3413 nt
777 3357 806 3413 te
817 3351 904 3414 Dens
915 3359 1021 3415 servet
1029 3352 1232 3416 incolomem.

89 3460 252 3524 noem...
264 3493 302 3506 -
313 3459 386 3540 Epo
398 3457 453 3537 N„
477 3457 622 3522 Viearias
630 3457 802 3540 pectoralis.
814 3493 853 3506 -·-
863 3457 937 3538 Epo
952 3459 1007 3536 N„
1026 3460 1203 3523 actnarnn.
1218 3483 1232 3520 n

620 3683 705 3777 en.

92 3847 189 3898 Formo
207 3843 319 3897 tenendo
338 3861 352 3896 s
364 3843 453 3911 judice
472 3845 504 3895 sd
523 3857 600 3910 quem
614 3845 699 3895 misere
714 3851 775 3896 eunt
787 3845 878 3896 littorio
897 3845 1090 3908 resonatos,
1104 3849 1132 3898 ut
1146 3851 1237 3900 testem

596 3925 737 3975 examinet.

140 4099 262 4166 Poterit
276 4097 405 4189 procedi
416 4106 448 4164 et
462 4096 565 4164 scribi
576 4097 611 4162 in
627 4095 713 4164 huno
730 4096 863 4167 modum
882 4125 889 4164 ε

139 4263 155 4301 o
169 4241 211 4306 In
223 4241 353 4304 nomine
367 4241 511 4304 Domini.
527 4240 643 4305 Amen.
657 4273 696 4285 ·-
711 4239 796 4304 Cam
810 4239 1004 4303 reverendas
1017 4239 1073 4318 N„
1090 4259 1237 4309 reveren-
