3050 4984
292 502 354 567 tut
658 522 834 569 interdius
857 522 894 567 nu
917 520 1048 569 iunioris

295 671 312 706 a
335 644 432 712 scribi
447 650 596 734 nequeat,
611 642 771 734 quamdiu
787 666 884 711 causa
896 641 1068 711 accusandi
1082 642 1189 711 durat.
1207 640 1387 733 Excipitur
1401 642 1431 709 si

296 779 312 814 a
338 750 457 819 mortui
468 749 535 838 jam
551 750 617 816 sint
629 749 799 839 conjuges,
815 759 847 818 et
859 758 931 841 post
948 752 988 815 30
1005 748 1056 819 vel
1077 752 1118 816 to
1138 770 1241 817 annos
1257 756 1433 817 moveatur

295 885 313 922 ii
336 856 461 925 tistiliis
469 878 567 947 super
576 856 789 945 legitimitate,
804 854 892 947 quod
906 856 1154 925 matrimonium
1166 856 1295 924 nullum
1307 855 1429 925 luerit:

295 992 313 1028 a
336 987 409 1033 iiam
433 964 494 1031 boc
511 986 600 1049 casu,
620 986 695 1031 cum
717 971 819 1031 cesset
837 962 1018 1054 periculum
1033 963 1166 1054 pcccati,
1186 962 1228 1030 ob
1247 961 1337 1053 quod
1356 984 1435 1052 per-

296 1098 312 1135 i
335 1080 432 1162 petua
446 1080 494 1139 eit
514 1071 598 1139 actio
615 1078 728 1139 contra
742 1071 1003 1155 matrimonium,
1026 1069 1110 1137 nihil
1127 1069 1233 1137 obstat
1250 1070 1436 1160 quominus

295 1206 312 1243 a
335 1178 503 1269 dispositio
519 1178 605 1269 juria
623 1176 808 1245 communis
830 1176 937 1245 locum
958 1175 1085 1262 habeat,
1106 1175 1201 1266 juxta
1220 1174 1307 1267 quod
1330 1176 1436 1243 actio-

294 1312 312 1348 n
335 1305 393 1351 nes
409 1282 523 1353 civiles
542 1304 758 1375 quaecumque
783 1290 854 1374 post
875 1286 915 1349 30
940 1282 990 1349 vel
1012 1284 1053 1348 to
1075 1302 1190 1367 anuos,
1212 1284 1438 1350 accusationes

292 1419 310 1455 ii
332 1401 440 1459 autem
479 1391 654 1458 criminum
695 1392 736 1457 io
779 1410 939 1457 annorum
976 1388 1081 1479 spatio
1120 1390 1373 1477 extinguuntur.
1415 1416 1433 1453 i

293 1490 610 1587 (Schmalzgriieber,
626 1496 661 1562 in
679 1494 728 1562 tit.
749 1498 804 1580 18,
822 1493 897 1565 libri
914 1497 933 1560 t
951 1492 1092 1587 liceret,
1108 1516 1142 1561 u.
1161 1496 1203 1561 to
1217 1502 1247 1561 ct
1263 1494 1334 1582 27.)

811 1776 832 1867 a
855 1775 912 1843 iii.

290 1948 327 1998 De
340 1960 433 1997 nornis
444 1946 605 2011 procedendi
622 1946 791 1999 abanadicto
811 1947 865 1996 xiv
882 1950 976 1997 statuta
992 1947 1020 1997 tn
1034 1945 1119 1997 anais
1131 1944 1256 1996 nullitatia
1267 1944 1438 1997 matrimonii.

336 2135 479 2203 Celebris
496 2144 545 2203 est
559 2135 748 2205 constitutio
763 2134 933 2203 Benedicti
948 2134 1040 2222 XVI,
1056 2156 1132 2225 quae
1151 2133 1267 2225 incipit
1284 2134 1347 2201 Dei
1368 2135 1440 2201 mi-

291 2242 464 2325 seratione,
488 2241 552 2310 diei
573 2245 591 2308 3
614 2242 803 2310 novembris
823 2244 904 2309 1741
931 2242 977 2332 (in
993 2240 1139 2309 Bullario
1156 2240 1233 2309 dicti
1255 2240 1438 2328 Pontificis,

293 2362 383 2419 tomo
400 2353 431 2433 l,
449 2370 483 2417 n.
506 2351 573 2440 33),
599 2358 708 2440 utpote
726 2370 793 2438 qua
811 2370 984 2417 oomniune
1003 2349 1058 2440 jus
1076 2356 1171 2416 antea
1194 2347 1309 2437 vigens
1329 2346 1441 2440 quoad

295 2459 430 2527 modum
461 2455 654 2547 procedendi
685 2455 719 2523 in
747 2455 854 2525 causis
886 2454 1180 2524 matrimonialibus
1214 2454 1442 2547 multipliciter

294 2566 503 2632 immutatum
525 2572 584 2630 cst.
606 2561 817 2653 Exponenda
840 2562 942 2651 igitur
964 2562 1036 2653 ejus
1057 2560 1296 2652 dispositiones,
1320 2571 1353 2629 et
1375 2561 1443 2630 sol-
1517 2642 1518 2645 Ἴ

294 2674 400 2739 venda
415 2668 573 2738 nonnulla
587 2669 698 2755 dubia,
714 2690 791 2759 quai
806 2669 846 2737 dc
867 2668 1028 2759 ejusmodi
1044 2690 1128 2737 novo
1144 2669 1221 2758 inre
1238 2677 1326 2737 recte
1343 2667 1444 2737 intel-

293 2777 425 2867 ligando
439 2785 581 2844 montem
593 2775 703 2843 subire
718 2782 868 2865 possunt.

338 2886 487 2953 Purirroii
505 2884 531 2951 l.
548 2920 593 2934 -
608 2885 657 2949 Dc
670 2880 894 2950 constituendo
911 2882 947 2949 i'a
965 2904 1161 2974 unaquoque
1176 2882 1306 2951 ducat
1321 2884 1447 2951 matri-

296 2992 399 3060 monii
419 2990 594 3080 defensore.
614 3026 660 3041 -
678 2988 725 3056 [te
745 2988 972 3057 constituendo
993 2989 1181 3081 hujusmodi
1199 2988 1370 3059 defensore
1394 3014 1447 3059 se·

296 3099 428 3190 quentia
441 3096 641 3187 proscripsit
654 3094 848 3163 Benedictus
862 3095 941 3167 XIV
961 3122 969 3164 ι
988 3100 1020 3162 1⁰
1040 3105 1077 3165 ut
1090 3096 1229 3188 quilibet
1247 3097 1447 3167 Ordinarius

298 3208 332 3272 in
349 3228 409 3272 sua
424 3204 556 3271 dioecesi
573 3202 716 3294 aliquem
730 3201 873 3292 deputet,
890 3203 947 3294 qui
967 3225 1008 3271 ex
1029 3202 1135 3271 officio
1155 3204 1190 3271 in
1205 3204 1313 3273 causis
1328 3206 1449 3273 matri-
1515 3258 1516 3283 ἶ

300 3310 495 3379 monialibus
509 3309 708 3377 matrimonii
719 3308 863 3379 valorem
872 3307 1042 3389 defendat;
1055 3313 1089 3377 2⁰
1099 3319 1136 3379 ut
1148 3311 1177 3379 is
1187 3320 1322 3380 vocetur
1332 3310 1444 3403 deferi-

301 3441 355 3485 sor
367 3415 591 3497 matrimonii;
607 3419 639 3481 3⁰
659 3422 696 3483 ut
715 3413 817 3501 idem,
835 3415 861 3481 si
882 3414 952 3483 fieri
969 3417 1081 3507 possit,
1098 3418 1236 3486 clericus
1251 3419 1304 3505 sit,
1325 3427 1356 3487 ct
1375 3432 1448 3488 tum

301 3525 378 3593 vitai
395 3522 565 3612 probitate,
582 3531 653 3589 tum
661 3521 746 3612 juris
764 3520 896 3588 scientia
910 3521 1065 3601 idoneus;
1083 3528 1117 3591 l⁰
1132 3530 1167 3592 ut
1178 3524 1269 3614 justa
1287 3524 1329 3593 de
1349 3550 1450 3597 causa

302 3630 343 3699 ab
360 3627 533 3699 Ordinatio
548 3629 693 3697 revocari
707 3628 807 3720 possit
814 3654 824 3715 ;
845 3632 876 3694 5⁰
899 3637 934 3696 ut
951 3652 990 3698 eo
1010 3630 1179 3700 deficiente
1204 3632 1255 3700 vel
1276 3633 1448 3725 impedito,

304 3739 384 3807 dum
406 3737 517 3827 aliqua
537 3735 786 3803 matrimonialis
813 3756 909 3803 caiisa
937 3736 1124 3806 ventilanda
1147 3739 1307 3827 occurrit,
1330 3739 1451 3832 aliquis

303 3844 386 3912 atius
399 3843 547 3910 similiter
561 3842 698 3909 idoneus
713 3841 820 3931 quoad
840 3842 923 3910 lianc
941 3865 1073 3912 causam
1093 3844 1280 3935 deputetur.
1302 3848 1352 3915 En
1373 3848 1450 3915 dicti
1513 3918 1514 3927 ,

308 3948 469 4020 Pontificis
489 3949 530 4016 do
545 3948 605 4015 bac
624 3970 659 4015 ie
680 3948 781 4017 verba
802 3975 809 4014 :
833 3948 956 4017 «Motu
972 3952 1117 4043 proprio,
1142 3960 1231 4021 certa
1251 3953 1398 4041 scientio,
1413 3976 1451 4022 ac

309 4065 478 4132 amatura
504 4054 737 4122 deliberatione
765 4057 904 4144 nostris,
934 4055 1040 4149 deque
1068 4056 1253 4149 apostolicae
1285 4062 1451 4151 potestatis

309 4160 571 4252 «plenitudine,
603 4159 663 4228 linc
692 4169 802 4229 nostra
836 4163 1089 4255 inperpetuum
1115 4164 1258 4235 valitura
1286 4169 1452 4237 mantione
1512 4236 1513 4253 ,

304 4297 325 4371 ⁸a
348 4271 588 4359 constituimus,
604 4270 809 4339 deceruimus
823 4292 861 4337 ac
871 4269 1038 4361 jubemus,
1056 4284 1092 4341 ut
1106 4274 1148 4341 ab
1164 4276 1319 4343 omnibus
1333 4284 1366 4343 et
1380 4278 1452 4377 sin3
