3050 4984
312 497 375 561 386
684 514 863 563 mscrrrns
885 514 924 562 un
945 512 1079 561 sumens.

309 657 399 728 gros,
417 659 474 705 seu
489 636 579 705 omni
592 636 780 728 exceptione
790 636 939 727 majores.
956 634 1041 703 Hinc
1052 630 1179 702 nniism
1194 630 1335 702 involvit
1347 630 1447 723 injus·
1509 598 1510 687 i

309 744 412 813 titium
428 744 588 813 dicturum
603 744 737 811 testium
750 742 921 830 admissio,
937 762 1013 811 cum
1030 738 1072 809 sd
1088 738 1217 809 iceiiius
1236 737 1446 830 detegendam

308 852 479 920 veritatem
494 849 719 935 admittentur,
736 870 803 919 uon
829 858 939 919 entem
966 855 1003 917 ut
1016 866 1131 917 eorum
1147 845 1377 915 testimouium
1391 866 1449 936 pm

309 956 406 1049 plens
417 956 605 1048 probatione
615 955 786 1025 habentur.

322 1104 326 1113 ·
355 1066 388 1131 6ο
402 1063 585 1133 Possuntin
595 1062 735 1131 crimine
750 1062 910 1132 baereseos
923 1060 1106 1131 examinari
1117 1068 1214 1129 testes
1225 1058 1285 1128 lito
1297 1080 1365 1129 non
1374 1078 1450 1128 cou-

308 1176 433 1249 testato,
450 1180 482 1239 et
495 1187 552 1239 reo
564 1188 631 1238 uon
646 1169 758 1256 cituto3
776 1181 808 1237 st
821 1169 907 1237 volet
922 1188 1036 1237 sorum
1057 1166 1284 1237 testimouium
1299 1166 1382 1259 quin
1396 1186 1451 1233 re-

308 1284 460 1367 petantur
475 1286 565 1369 psrte
579 1276 686 1345 citsts.
702 1276 859 1368 Sequitur
873 1297 914 1344 ex
930 1296 969 1345 so
982 1273 1071 1367 quod
1085 1274 1122 1342 in
1142 1272 1331 1365 hujusmodi
1346 1272 1452 1341 cuusis
1509 1290 1510 1317 ¹

307 1384 486 1452 summarie
500 1381 632 1474 procedi
647 1383 763 1474 possit.

355 1493 389 1558 7·
404 1490 440 1559 Si
454 1498 563 1558 umen
578 1511 654 1558 reus
669 1488 792 1581 aliquid
806 1487 941 1581 opponit
954 1486 1223 1580 depositionibus,
1241 1486 1292 1555 vel
1309 1486 1452 1555 interro-

308 1596 434 1687 putoris
448 1596 548 1684 dedit,
566 1595 668 1688 repeti
682 1594 802 1664 debent
818 1602 927 1664 testes.

356 1708 389 1773 8⁰
400 1702 497 1772 Facto
510 1702 711 1794 depositione
723 1702 870 1787 testum
891 1722 931 1771 es
945 1720 1002 1769 reo
1014 1698 1215 1770 notificanda
1230 1708 1290 1769 est.

355 1817 389 1880 9⁰
403 1810 582 1901 Nunquam
595 1816 704 1878 umen
717 1818 846 1878 tenetur
858 1808 961 1901 judex
975 1808 1112 1877 numius
1126 1807 1259 1877 testium
1275 1826 1332 1877 reo
1348 1806 1453 1876 muni·
1509 1822 1510 1881 t

309 1921 439 2003 tutam,
456 1925 554 2008 prout
568 1924 693 1986 constat
707 1939 749 1986 ex
763 1917 992 1985 constitutione
1007 1915 1059 1985 Pii
1074 1915 1121 1985 lv
1137 1916 1225 1985 eom
1239 1916 1335 1985 sicut.

355 2026 436 2095 Huc
459 2023 583 2093 cursim
608 2024 695 2093 cirus
719 2033 816 2093 testes
837 2024 872 2091 iu
895 2044 995 2093 csuso
1023 2021 1185 2092 haeressos
1199 2022 1364 2109 udnuutu,
1380 2020 1453 2091 vide

310 2134 383 2204 fuso
398 2130 535 2201 deductu
560 2131 647 2223 opud
672 2131 872 2200 leurcnium
899 2130 948 2221 (iu
961 2128 1097 2198 titulum
1122 2133 1156 2219 6,
1172 2128 1284 2199 libris
1312 2129 1452 2215 Dorici,

311 2264 345 2333 q.
365 2242 428 2307 190
442 2247 474 2307 et
488 2240 606 2331 seqq),
617 2246 650 2306 st
660 2237 904 2329 Cestropsiuum
918 2238 1022 2329 (purte
1037 2239 1216 2321 1,tructstn
1231 2240 1265 2323 t,
1280 2234 1406 2329 disput.
1422 2239 1453 2321 8,

310 2355 435 2441 puncto
451 2346 520 2435 ib).
624 2424 627 2430 ¹

838 2462 859 2553 ἓ
879 2460 939 2533 XJ.

327 2614 394 2675 Quid
407 2612 456 2665 sibi
472 2612 606 2679 proprium
619 2612 723 2677 hebeat,
734 2614 821 2679 quosd
835 2616 1001 2680 sententium,
1015 2630 1154 2683 processus
1166 2617 1194 2669 in
1208 2630 1287 2668 ccum
1298 2616 1437 2667 baersssos.
1509 2636 1510 2711 q

359 2775 526 2846 Sententia
540 2773 679 2865 proferri
693 2773 789 2845 debet
804 2798 845 2845 cx
872 2778 1006 2848 conclu
1018 2779 1207 2873 peritorum
1235 2806 1247 2847 .·
1274 2786 1400 2848 constat
1414 2800 1453 2846 ex

315 2884 419 2976 cupito
437 2884 479 2951 Ut
492 2881 657 2951 communi
671 2881 721 2973 (de
735 2884 916 2967 Horatius,
934 2886 967 2953 in
986 2888 1031 2977 6).
1049 2886 1207 2979 Alioquin
1218 2886 1314 2955 irritu
1328 2895 1388 2957 est
1509 2888 1510 2939 ἓ

359 2989 461 3060 Periti
480 2996 589 3057 autem
604 2988 759 3058 dicuutur
780 2990 922 3081 theologi
937 2992 990 3061 vel
1005 2994 1182 3062 cunonistae
1196 2992 1237 3061 ud
1254 2993 1317 3062 hoc
1332 2993 1454 3079 vocati,
1509 3026 1510 3069 3

316 3096 430 3189 quiex
457 3092 608 3164 mundato
629 3093 831 3187 inquisitoris
856 3105 1018 3188 tenentur,
1042 3099 1143 3168 etium
1158 3098 1311 3169 sincnllo
1325 3100 1454 3185 solorio,

316 3202 491 3272 consilinm
506 3211 669 3292 prsssture.
1509 3190 1510 3201 ’

360 3308 461 3379 Juxta
483 3308 746 3377 communiorem
761 3308 930 3381 doctorum
956 3312 1161 3399 sententium,
1180 3334 1246 3382 non
1263 3320 1393 3383 tenetur
1407 3313 1456 3381 in-

318 3415 455 3509 quisitor
467 3436 582 3483 corum
597 3414 771 3484 cumdium
785 3418 892 3508 sequi.

362 3521 464 3591 Debet
479 3530 567 3590 totus
581 3542 751 3612 processus
762 3523 811 3591 eis
826 3524 988 3613 exbiberi,
1004 3522 1155 3593 indicetis
1169 3524 1380 3617 qualitatibus
1396 3532 1460 3595 tes-

318 3629 415 3718 tium,
433 3650 499 3697 uon
516 3636 625 3695 tamen
638 3650 752 3698 eorum
767 3630 970 3701 nominibus.

364 3738 445 3806 Haee
458 3745 491 3803 st
504 3735 661 3803 nonnulis
675 3736 739 3805 alis
750 3736 793 3805 ud
809 3740 1000 3807 sententium
1012 3739 1160 3826 relativo,
1177 3738 1251 3809 vide
1267 3740 1354 3832 apud
1371 3740 1461 3809 [eu-

320 3845 450 3915 ronium
464 3842 511 3934 (in
527 3842 576 3909 tit.
592 3844 625 3928 7,
638 3840 697 3910 lib.
715 3847 733 3911 6
748 3842 860 3931 Dccr,
873 3864 907 3935 q.
928 3846 1016 3937 166).

364 3951 450 4023 Vide
484 3950 582 4019 stium
615 3948 704 4040 opud
734 3949 943 4042 Plettenberg
981 3952 1122 4045 (Neritio
1153 3954 1460 4047 cooprcqationum,

252 4110 256 4117 .
320 4082 355 4154 p.
374 4062 439 4127 625
464 4066 497 4127 st
514 4076 600 4148 seq,
617 4056 695 4124 edit.
712 4056 855 4127 Hildesii
880 4060 993 4151 1693),
1016 4060 1074 4129 ubi
1100 4059 1295 4153 descriptum
1321 4064 1464 4153 reperies

319 4174 424 4237 totum
434 4164 555 4235 seriem
565 4184 748 4256 processus,
758 4174 856 4255 prout
866 4164 954 4257 opud
968 4166 1148 4237 tribunalis
1158 4166 1383 4260 inquisitionis
1393 4167 1463 4237 ficri

320 4273 453 4346 solebst.
