3050 4984
298 366 358 434 108
668 389 844 438 musaeus
865 391 904 438 ox
924 391 1058 439 ruricus.

295 515 405 602 utpote
419 509 563 603 aliquam
579 512 794 582 accusationis
808 512 962 606 speciem.
977 513 1141 582 Praeterea
1155 511 1306 582 laudatus
1320 513 1437 583 Ponti-

293 617 347 685 iex
363 617 465 710 capite
476 620 584 711 Super
598 619 648 688 leis
667 621 733 712 (id,
750 621 800 690 tit.
816 623 848 707 i,
860 621 917 689 lib.
935 625 953 689 5
969 620 1093 711 Dece),
1109 642 1262 714 expresse
1275 628 1438 691 memorat

294 723 517 816 exceptionem
536 733 691 818 tanquam
712 727 897 817 regularem
915 726 1053 797 crimina
1072 725 1259 820 opponendi
1278 727 1378 797 viam
1395 727 1442 798 iit

294 829 426 899 tandem
449 831 636 901 ordinaries
659 833 817 903 dicendus
843 842 891 903 est
912 856 1096 927 processus,
1114 833 1150 901 iu
1171 855 1237 926 quo
1262 843 1440 905 servamur

292 937 377 1029 juris
396 937 437 1007 de
463 937 559 1008 modo
582 938 780 1032 procedendi
804 941 1013 1034 praescripta;
1036 940 1321 1011 cetracrdinarias
1342 963 1439 1030 uem,

292 1044 328 1112 iu
341 1067 407 1137 quo
421 1044 583 1138 ejusmodi
604 1047 720 1118 formes
741 1047 903 1141 supprimi
924 1048 1158 1140 permittuntur
1185 1074 1193 1116 ι
1219 1047 1276 1118 ssd
1294 1070 1333 1118 eo
1347 1048 1440 1143 quod

294 1151 391 1220 alicui
412 1153 577 1245 processui
598 1153 707 1224 locum
726 1152 782 1223 det
801 1153 961 1246 exceptio,
992 1177 1059 1224 nou
1084 1153 1160 1224 iuda
1188 1155 1336 1247 sequitur
1360 1177 1443 1247 pro-

295 1281 423 1328 cessum
437 1259 524 1329 hunc
537 1283 643 1353 posse,
660 1261 844 1356 suppressis
856 1261 1031 1332 ordinariis
1052 1261 1179 1350 formis,
1194 1260 1355 1354 expediri.
1371 1261 1443 1331 Re-

298 1378 407 1435 mauct
433 1389 512 1458 ergo
536 1389 725 1460 processum
751 1392 811 1462 per
825 1370 914 1438 mam
936 1370 1147 1461 exceptionis,
1174 1369 1215 1438 ad
1241 1367 1441 1456 ordinarios,

296 1481 329 1542 et
342 1496 408 1543 uon
423 1473 464 1544 ad
479 1475 757 1546 exurendinarios
774 1499 954 1569 processus,
970 1498 1039 1546 esse
1054 1476 1272 1548 referendum.

836 1760 906 1853 ει.

637 1929 703 1992 Quid
716 1935 741 1983 et
756 1931 902 1997 quotuplex
917 1932 952 1984 sit
964 1932 1103 1998 exceptio?

343 2121 426 2190 Cum
451 2121 559 2190 fusius
581 2121 668 2190 inira
688 2121 728 2190 de
753 2122 998 2214 exceptionibus
1013 2121 1184 2191 tractaturi
1204 2121 1319 2208 simus,
1336 2120 1392 2191 hic
1406 2143 1449 2190 ea

300 2228 468 2297 dumtaxat
495 2229 693 2316 notabimus,
721 2253 797 2322 quae
824 2237 1019 2321 presentem
1048 2229 1277 2323 questionem,
1306 2226 1448 2298 modum

301 2336 421 2405 scilicet
434 2335 629 2428 procedendi
644 2337 679 2404 in
693 2335 856 2430 ejusmodi
869 2359 958 2424 casu,
973 2337 1163 2429 respiciunt.

344 2444 369 2510 l.
400 2443 554 2535 Exceptio
574 2451 622 2512 est
646 2444 728 2512 ratio
752 2445 795 2514 ob
815 2467 916 2537 quam
939 2466 1016 2514 reus
1034 2445 1176 2535 postralat
1191 2451 1333 2513 actorem
1348 2441 1450 2535 dejici

300 2550 342 2617 ab
360 2570 400 2616 eo
419 2548 508 2640 quod
526 2548 668 2620 intendit
689 2573 747 2620 seu
774 2551 992 2645 persequitur.
1023 2550 1105 2634 Quae
1127 2549 1217 2619 notio
1238 2549 1450 2643 frequentius

301 2654 389 2749 apud
410 2666 556 2725 auctores
578 2658 640 2726 sub
660 2658 719 2727 hac
735 2658 878 2728 formula
900 2659 1052 2745 recurrit,
1073 2657 1211 2726 actionis
1224 2657 1277 2724 vel
1289 2656 1450 2725 intentio-

301 2763 351 2832 nis
365 2763 517 2834 exclusio.
534 2763 690 2856 Exceptio
702 2772 811 2834 autem
830 2764 1051 2857 multipliciter
1066 2763 1226 2856 impedire
1239 2769 1344 2854 potest
1359 2771 1452 2831 acto-

302 2893 372 2940 rem
388 2870 430 2939 ab
445 2870 622 2939 obtinendo
636 2870 722 2964 quod
747 2872 838 2960 vuit3
865 2895 994 2965 nempe,
1013 2871 1106 2941 verbi
1121 2870 1238 2962 gratia,
1263 2868 1452 2961 objiciendo

298 2977 441 3070 judicem
463 2999 529 3047 uon
555 3001 648 3072 posse
673 3003 805 3048 causam
830 2980 996 3067 dirimere,
1014 2979 1084 3047 sive
1108 2978 1194 3071 quod
1218 2975 1453 3069 jurisdictione

304 3094 421 3172 careat,
445 3086 514 3154 sive
536 3085 624 3177 qnod
647 3093 815 3178 suspectus
830 3086 872 3154 sit
891 3095 924 3154 et
936 3086 998 3156 Rei
1026 3085 1198 3163 iuimicus;
1225 3090 1454 3152 accusatorem

305 3215 371 3260 nou
386 3215 454 3260 esse
467 3193 705 3263 admittendum
727 3191 768 3262 ad
785 3191 1028 3286 proponendam
1044 3191 1304 3278 accusationem,
1319 3187 1454 3259 denun-

307 3299 455 3369 tiatorem
474 3300 515 3369 ad
537 3299 814 3381 denuntiandum
836 3307 932 3368 testes
953 3299 1032 3370 tales
1052 3298 1093 3368 ad
1114 3295 1363 3384 testificandum,
1387 3304 1453 3366 etc.

348 3407 454 3499 Ipsam
475 3429 554 3477 vero
573 3406 767 3501 exceptionis
787 3429 898 3477 vocem
916 3406 993 3474 inde
1015 3413 1121 3476 ortam
1145 3403 1297 3475 nonnulli
1320 3403 1453 3491 volunt,

306 3513 393 3608 quod
414 3514 515 3583 veluti
533 3513 657 3608 aliquid
677 3515 789 3608 capiat
809 3513 1004 3602 exactione,
1026 3512 1060 3583 id
1074 3521 1135 3601 est,
1154 3510 1316 3598 detrahat,
1339 3534 1456 3580 remo-

306 3631 443 3716 veatque
456 3629 488 3692 et
501 3623 541 3692 de
558 3622 664 3693 medic
680 3622 771 3692 tollat
786 3631 884 3715 atque
899 3621 1051 3713 perimat.

350 3731 391 3800 ΙΙ.
414 3732 503 3799 luter
523 3729 718 3822 multiplices
738 3730 966 3823 exceptionum
985 3726 1120 3821 species,
1145 3725 1222 3796 meis
1246 3725 1288 3796 ad
1307 3748 1460 3819 praeseu-

306 3848 370 3909 lem
386 3861 520 3932 scopum
536 3837 598 3906 erit
611 3844 782 3931 sequentes
797 3859 1003 3906 enumerasse
1019 3863 1027 3903 ε

353 3949 383 4014 1.
406 3945 530 4038 Nempe
547 3943 651 4014 dividi
667 3951 783 4037 potest,
804 3946 838 4012 in
858 3941 1060 4012 criminalem
1076 3950 1108 4012 et
1125 3940 1268 4012 civilem.
1284 3939 1459 4012 Crimina-

308 4053 348 4122 lis
363 4061 410 4124 est
425 4052 557 4146 quando
575 4052 729 4145 objicitur
741 4049 875 4145 aliquod
890 4050 1043 4119 delictum
1066 4075 1073 4116 :
1090 4048 1196 4119 civilis
1209 4071 1302 4137 vero,
1319 4049 1457 4141 quando

309 4159 459 4256 objicitur
476 4160 586 4256 aliqua
601 4158 800 4250 inhabilitas,
821 4182 895 4255 quae
915 4155 1086 4250 culpabilis
1105 4179 1171 4228 nou
1192 4165 1252 4227 est.
1274 4155 1322 4226 De
1342 4156 1460 4226 crimi-
