3050 4984
555 480 630 525 eras
652 479 798 525 sununs.
955 448 957 455 ’
1186 458 1246 523 139

102 598 243 669 cesmrio
258 600 497 692 premittenda.
518 600 593 672 Non
609 608 716 672 tamen
736 599 857 669 sufficit
881 607 918 669 ut
934 599 1039 692 judex
1054 600 1250 669 ecclesiasti-

103 730 162 776 cns
188 715 274 777 recte
298 708 492 799 expediendi
516 731 685 800 processus
708 706 890 777 criminalis
905 729 1055 777 normam
1075 707 1169 799 plene
1185 708 1250 777 cul-

101 814 179 883 leat.
221 813 260 882 ln
292 838 400 885 causae
436 816 596 909 siquidem
626 815 807 887 criminalis
843 814 1040 905 evolutione,
1074 825 1251 885 occurrunt

102 921 362 1013 quamplurimo,
383 945 459 1014 quae
475 944 568 991 uram
582 945 724 1016 queque
738 921 886 1013 regulam
901 944 944 991 cx
955 921 1030 1013 jure
1050 920 1190 1001 habent;
1208 923 1252 992 ita

103 1025 207 1119 qnod,
232 1027 296 1097 nisi
321 1028 488 1119 legitimus
513 1029 548 1097 in
576 1028 616 1097 iis
641 1036 789 1099 servetur
813 1026 942 1115 modus,
960 1027 1051 1095 facile
1077 1028 1253 1119 subreperet

104 1134 267 1203 nullitstis
294 1135 386 1205 vitia.
417 1136 502 1205 Hinc
529 1136 564 1204 in
595 1136 749 1227 proesouti
778 1144 811 1205 et
835 1134 1046 1227 sequentibus
1076 1135 1251 1204 subsectio-

103 1241 203 1310 nihus
229 1252 296 1311 tota
317 1240 489 1313 lustranda
515 1245 604 1312 venit
628 1266 800 1336 processus
830 1243 943 1330 series,
972 1264 1029 1311 scu
1062 1244 1110 1332 (ut
1138 1242 1252 1311 dicunt

102 1348 307 1438 pragmatici)
333 1348 507 1439 judiciaria
531 1350 608 1431 tela,
633 1360 665 1419 et
688 1348 728 1419 de
744 1348 975 1441 singulisque
992 1348 1026 1417 in
1041 1371 1079 1417 aa
1094 1348 1251 1419 ordienda

102 1462 133 1521 et
156 1455 383 1547 persequenda
407 1465 617 1543 enascuntur,
646 1454 841 1548 exponenda
871 1455 1026 1525 canonica
1056 1454 1250 1547 procedendi

102 1562 197 1630 ratio.

588 1844 732 1916 CAPUT
754 1849 781 1917 l.

167 2070 298 2124 QUAM!
321 2070 512 2117 ermenteus
534 2068 724 2115 menotuous
747 2070 795 2114 Sl'l‘
817 2068 991 2115 culrttrtsnts
1014 2066 1187 2115 succussus

145 2316 245 2402 Cum,
274 2326 311 2383 ut
332 2314 454 2385 dictum
480 2326 540 2403 est,
559 2316 730 2408 multiplex
747 2317 789 2385 sit
814 2314 1026 2385 criminaliter
1056 2313 1250 2405 procedendi

103 2422 271 2491 ordinaria
295 2424 361 2510 vis,
391 2432 489 2515 prout
513 2424 573 2493 huc
599 2423 649 2493 vel
677 2423 733 2493 illa
747 2422 953 2515 procedetur,
971 2422 1033 2491 erit
1048 2422 1109 2492 hoc
1124 2420 1177 2491 vel
1193 2420 1250 2489 illo

101 2536 178 2598 actu
188 2530 411 2623 incipiendum
430 2554 438 2594 ι
456 2554 586 2623 nempe,

145 2638 174 2705 l.
192 2636 229 2705 Si
244 2636 437 2728 procedatur
451 2637 665 2705 accusationes
679 2638 746 2719 oia,
772 2646 846 2705 ante
875 2637 985 2705 omnia
1000 2634 1094 2704 debet
1117 2658 1250 2705 secuse-

102 2754 153 2813 tor
168 2743 316 2813 libellum
337 2744 548 2813 accusationis
560 2742 664 2836 judici
678 2745 848 2836 porrigere
877 2772 885 2812 :
906 2754 938 2811 et
962 2743 1014 2813 hic
1039 2750 1086 2811 est
1108 2744 1247 2835 primus,

102 2866 139 2920 ut
153 2852 198 2920 itn
223 2852 345 2939 dicam,
361 2874 476 2943 passus
492 2852 528 2919 in
543 2873 694 2944 processu
710 2850 870 2919 criminali
895 2851 1103 2921 accusatorio.
1120 2851 1250 2939 Porrigi

101 2968 210 3029 autem
226 2968 331 3051 potest
346 2959 454 3050 judici
467 2958 685 3029 accusatorius
699 2958 845 3044 libellus,
872 2980 938 3025 non
964 2965 1091 3027 tantum
1116 2957 1248 3049 quando

101 3066 130 3133 is
146 3088 206 3158 pro
219 3064 377 3135 nilrnnali
392 3065 492 3153 sedet,
516 3065 743 3134 verumetiam
760 3064 936 3156 privatim3
952 3064 1048 3134 modo
1065 3074 1171 3132 tamen
1187 3064 1250 3155 ipsi

19 3255 20 3262 ἵ
101 3172 320 3241 exhibeantur
331 3172 602 3264 tanquamjudici
625 3180 656 3239 et
675 3172 716 3241 ad
739 3171 904 3262 publicam
928 3170 1036 3239 delicti
1055 3170 1245 3240 vindictam.

101 3278 226 3347 Nullibi
241 3279 331 3349 enim
346 3302 366 3347 a
379 3280 454 3371 jure
468 3280 636 3348 communi
654 3286 799 3364 cavetur,
830 3284 867 3345 nt
891 3300 956 3347 nou
973 3278 1073 3369 possit
1097 3277 1163 3345 nisi
1190 3300 1248 3369 pro

101 3386 259 3455 tribunali
274 3387 397 3456 sedenti
412 3386 548 3478 porrigi.

147 3493 264 3582 Igitur,
294 3493 403 3562 audito
432 3501 616 3561 accusatore
640 3500 672 3560 et
693 3493 838 3584 inspecto
868 3490 970 3583 ipsius
999 3492 1122 3579 libello,
1154 3493 1249 3561 debet

100 3600 204 3689 judex
219 3602 286 3669 duo
311 3600 494 3692 expendere
514 3628 521 3666 :
547 3600 668 3692 primo,
687 3608 797 3667 uuum
825 3607 990 3667 accusator
1005 3598 1046 3667 sit
1061 3600 1245 3689 legitimus,

101 3706 258 3795 mundo,
284 3732 327 3775 an
354 3707 483 3777 libellus
507 3708 549 3775 sit
576 3708 610 3775 in
640 3706 746 3777 lorma
771 3705 914 3796 legitima
937 3706 1149 3797 conscriptus.
1175 3707 1247 3788 Qus

103 3823 240 3906 utruque
264 3822 366 3883 stante
388 3814 604 3904 legitimitate,
628 3813 766 3882 omniuo
787 3820 915 3882 tenetur
934 3812 1040 3904 judex
1055 3813 1247 3882 ecclesiasti-

101 3942 174 4006 cus,
199 3928 310 4012 utpote
328 3920 372 3989 ad
392 3919 591 3989 reddendam
603 3920 763 4011 justitiam
779 3919 906 4011 publice
930 3918 1134 4005 consumtus,
1152 3942 1248 3988 eccu-

101 4026 260 4096 sationem
289 4028 443 4120 recipere,
471 4036 504 4097 et
529 4026 570 4096 nd
608 4026 764 4096 ulteriora
796 4026 983 4119 procedere.
1019 4024 1056 4094 ld
1084 4025 1190 4095 facere
1218 4028 1246 4095 si

104 4144 242 4221 recuset,
274 4133 392 4226 poterit
412 4142 525 4205 conus
553 4135 677 4226 ipsum,
704 4140 816 4224 utpote
842 4132 1124 4225 prevaricatorem
1140 4141 1171 4202 et
1186 4134 1247 4203 de-

105 4252 230 4333 negatae
251 4241 386 4335 justitie
410 4264 518 4329 reum,
543 4262 652 4311 coram
668 4240 772 4337 ipsius
796 4242 963 4337 superiore
983 4240 1066 4309 sotio
1081 4241 1246 4331 intentari,
