<?xml version="1.0" encoding="UTF-8"?>
<!DOCTYPE html PUBLIC "-//W3C//DTD XHTML 1.0 Transitional//EN"
    "http://www.w3.org/TR/xhtml1/DTD/xhtml1-transitional.dtd">
<html xmlns="http://www.w3.org/1999/xhtml" xml:lang="en" lang="en">
 <head>
  <title>
</title>
<meta http-equiv="Content-Type" content="text/html;charset=utf-8" />
  <meta name='ocr-system' content='tesseract 3.04.00' />
  <meta name='ocr-capabilities' content='ocr_page ocr_carea ocr_par ocr_line ocrx_word'/>
</head>
<body>
  <div class='ocr_page' id='page_1' title='image "./tractatusdejudi00goog_0488.png"; bbox 0 0 3050 4984; ppageno 0'>
   <div class='ocr_carea' id='block_1_1' title="bbox 314 416 1086 480">
    <p class='ocr_par' dir='ltr' id='par_1_1' title="bbox 314 416 1086 480">
     <span class='ocr_line' id='line_1_1' title="bbox 314 416 1086 480; baseline 0 0"><span class='ocrx_word' id='word_1_1' title='bbox 314 416 379 480; x_wconf 78' lang='lat' dir='ltr'>tto</span> <span class='ocrx_word' id='word_1_2' title='bbox 689 433 869 480; x_wconf 75' lang='lat' dir='ltr'>reseratus</span> <span class='ocrx_word' id='word_1_3' title='bbox 892 434 931 480; x_wconf 77' lang='lat' dir='ltr'>ns</span> <span class='ocrx_word' id='word_1_4' title='bbox 953 433 1086 480; x_wconf 78' lang='lat' dir='ltr'>inntens.</span> 
     </span>
    </p>
   </div>
   <div class='ocr_carea' id='block_1_2' title="bbox 315 553 1456 1176">
    <p class='ocr_par' dir='ltr' id='par_1_2' title="bbox 315 553 1456 1176">
     <span class='ocr_line' id='line_1_2' title="bbox 316 553 1454 646; baseline 0.003 -25"><span class='ocrx_word' id='word_1_5' title='bbox 316 582 334 620; x_wconf 74' lang='lat' dir='ltr'>e</span> <span class='ocrx_word' id='word_1_6' title='bbox 356 563 389 622; x_wconf 89' lang='lat' dir='ltr'>et</span> <span class='ocrx_word' id='word_1_7' title='bbox 409 554 605 646; x_wconf 69' lang='lat' dir='ltr'>intelligibili</span> <span class='ocrx_word' id='word_1_8' title='bbox 633 578 724 641; x_wconf 82' lang='lat' dir='ltr'>voce,</span> <span class='ocrx_word' id='word_1_9' title='bbox 745 562 783 622; x_wconf 92' lang='lat' dir='ltr'>ut</span> <span class='ocrx_word' id='word_1_10' title='bbox 801 556 842 623; x_wconf 88' lang='lat' dir='ltr'>ab</span> <span class='ocrx_word' id='word_1_11' title='bbox 860 555 1015 624; x_wconf 90' lang='lat' dir='ltr'>omnibus</span> <span class='ocrx_word' id='word_1_12' title='bbox 1033 553 1220 624; x_wconf 86' lang='lat' dir='ltr'>audientur.</span> <span class='ocrx_word' id='word_1_13' title='bbox 1245 554 1361 623; x_wconf 67' lang='lat' dir='ltr'>Pouea</span> <span class='ocrx_word' id='word_1_14' title='bbox 1380 556 1454 624; x_wconf 86' lang='lat' dir='ltr'>solet</span> 
     </span>
     <span class='ocr_line' id='line_1_3' title="bbox 317 662 1456 754; baseline 0.002 -26"><span class='ocrx_word' id='word_1_15' title='bbox 317 690 334 728; x_wconf 81' lang='lat' dir='ltr'>a</span> <span class='ocrx_word' id='word_1_16' title='bbox 356 665 429 732; x_wconf 86' lang='lat' dir='ltr'>ceni</span> <span class='ocrx_word' id='word_1_17' title='bbox 443 663 587 754; x_wconf 82' lang='lat' dir='ltr'><strong>hymnus</strong></span> <span class='ocrx_word' id='word_1_18' title='bbox 604 666 645 731; x_wconf 83' lang='lat' dir='ltr'>Te</span> <span class='ocrx_word' id='word_1_19' title='bbox 657 667 765 731; x_wconf 84' lang='lat' dir='ltr'>Deum</span> <span class='ocrx_word' id='word_1_20' title='bbox 780 662 968 730; x_wconf 80' lang='lat' dir='ltr'><strong><em>laudamus.</em></strong></span> <span class='ocrx_word' id='word_1_21' title='bbox 984 662 1024 730; x_wconf 86' lang='lat' dir='ltr'>Et</span> <span class='ocrx_word' id='word_1_22' title='bbox 1039 669 1169 730; x_wconf 85' lang='lat' dir='ltr'>notatur</span> <span class='ocrx_word' id='word_1_23' title='bbox 1181 662 1222 730; x_wconf 84' lang='lat' dir='ltr'>ab</span> <span class='ocrx_word' id='word_1_24' title='bbox 1237 662 1353 731; x_wconf 89' lang='lat' dir='ltr'>eodem</span> <span class='ocrx_word' id='word_1_25' title='bbox 1366 671 1456 730; x_wconf 79' lang='lat' dir='ltr'>nota-</span> 
     </span>
     <span class='ocr_line' id='line_1_4' title="bbox 318 767 1455 861; baseline 0.004 -27"><span class='ocrx_word' id='word_1_26' title='bbox 318 796 335 834; x_wconf 81' lang='lat' dir='ltr'>a</span> <span class='ocrx_word' id='word_1_27' title='bbox 358 771 407 839; x_wconf 91' lang='lat' dir='ltr'>rio</span> <span class='ocrx_word' id='word_1_28' title='bbox 421 780 511 837; x_wconf 85' lang='lat' dir='ltr'>ectus</span> <span class='ocrx_word' id='word_1_29' title='bbox 524 771 737 861; x_wconf 73' lang='lat' dir='ltr'>possessionis</span> <span class='ocrx_word' id='word_1_30' title='bbox 751 771 786 837; x_wconf 89' lang='lat' dir='ltr'>in</span> <span class='ocrx_word' id='word_1_31' title='bbox 801 769 882 837; x_wconf 88' lang='lat' dir='ltr'>actis</span> <span class='ocrx_word' id='word_1_32' title='bbox 899 771 1011 853; x_wconf 76' lang='lat' dir='ltr'>cunae,</span> <span class='ocrx_word' id='word_1_33' title='bbox 1028 770 1109 836; x_wconf 87' lang='lat' dir='ltr'>etin</span> <span class='ocrx_word' id='word_1_34' title='bbox 1125 767 1248 837; x_wconf 73' lang='lat' dir='ltr'>eudem</span> <span class='ocrx_word' id='word_1_35' title='bbox 1264 769 1382 838; x_wconf 89' lang='lat' dir='ltr'>litteris</span> <span class='ocrx_word' id='word_1_36' title='bbox 1397 793 1455 861; x_wconf 84' lang='lat' dir='ltr'>pa-</span> 
     </span>
     <span class='ocr_line' id='line_1_5' title="bbox 318 874 1451 965; baseline -0.001 -26"><span class='ocrx_word' id='word_1_37' title='bbox 318 901 336 939; x_wconf 78' lang='lat' dir='ltr'>o</span> <span class='ocrx_word' id='word_1_38' title='bbox 358 874 558 959; x_wconf 88' lang='lat' dir='ltr'>tentialibns,</span> <span class='ocrx_word' id='word_1_39' title='bbox 579 877 648 943; x_wconf 81' lang='lat' dir='ltr'>sive</span> <span class='ocrx_word' id='word_1_40' title='bbox 674 874 829 943; x_wconf 87' lang='lat' dir='ltr'>mandato</span> <span class='ocrx_word' id='word_1_41' title='bbox 849 874 1012 965; x_wconf 76' lang='lat' dir='ltr'>Episcopi,</span> <span class='ocrx_word' id='word_1_42' title='bbox 1036 875 1091 942; x_wconf 87' lang='lat' dir='ltr'>tali</span> <span class='ocrx_word' id='word_1_43' title='bbox 1109 875 1161 942; x_wconf 85' lang='lat' dir='ltr'>vel</span> <span class='ocrx_word' id='word_1_44' title='bbox 1181 874 1282 942; x_wconf 87' lang='lat' dir='ltr'>simili</span> <span class='ocrx_word' id='word_1_45' title='bbox 1304 875 1417 944; x_wconf 91' lang='lat' dir='ltr'>modo.</span> <span class='ocrx_word' id='word_1_46' title='bbox 1438 901 1451 938; x_wconf 75' lang='grc' dir='ltr'><strong>ι</strong></span> 
     </span>
     <span class='ocr_line' id='line_1_6' title="bbox 317 979 1453 1073; baseline -0.001 -23"><span class='ocrx_word' id='word_1_47' title='bbox 317 981 516 1073; x_wconf 79' lang='lat' dir='ltr'>(Pellegrini,</span> <span class='ocrx_word' id='word_1_48' title='bbox 534 991 624 1072; x_wconf 84' lang='lat' dir='ltr'>parte</span> <span class='ocrx_word' id='word_1_49' title='bbox 641 985 674 1068; x_wconf 89' lang='lat' dir='ltr'>l,</span> <span class='ocrx_word' id='word_1_50' title='bbox 690 981 818 1051; x_wconf 82' lang='lat' dir='ltr'>Manita</span> <span class='ocrx_word' id='word_1_51' title='bbox 833 981 999 1071; x_wconf 77' lang='lat' dir='ltr'>pencraiia</span> <span class='ocrx_word' id='word_1_52' title='bbox 1007 1003 1074 1072; x_wconf 87' lang='lat' dir='ltr'>pro</span> <span class='ocrx_word' id='word_1_53' title='bbox 1096 979 1230 1048; x_wconf 77' lang='lat' dir='ltr'>Vicart&#39;ss</span> <span class='ocrx_word' id='word_1_54' title='bbox 1240 981 1453 1069; x_wconf 77' lang='lat' dir='ltr'>paseralibas,</span> 
     </span>
     <span class='ocr_line' id='line_1_7' title="bbox 315 1087 413 1176; baseline 0.01 -22"><span class='ocrx_word' id='word_1_55' title='bbox 315 1110 348 1157; x_wconf 93' lang='lat' dir='ltr'>n.</span> <span class='ocrx_word' id='word_1_56' title='bbox 367 1087 413 1176; x_wconf 92' lang='lat' dir='ltr'>l.)</span> 
     </span>
    </p>
   </div>
   <div class='ocr_carea' id='block_1_3' title="bbox 310 1230 1499 2938">
    <p class='ocr_par' dir='ltr' id='par_1_3' title="bbox 310 1230 1499 2888">
     <span class='ocr_line' id='line_1_8' title="bbox 356 1230 1454 1314; baseline 0.004 -25"><span class='ocrx_word' id='word_1_57' title='bbox 356 1255 371 1289; x_wconf 70' lang='lat' dir='ltr'>a</span> <span class='ocrx_word' id='word_1_58' title='bbox 389 1230 427 1292; x_wconf 89' lang='lat' dir='ltr'>ln</span> <span class='ocrx_word' id='word_1_59' title='bbox 442 1230 505 1294; x_wconf 86' lang='lat' dir='ltr'>Dei</span> <span class='ocrx_word' id='word_1_60' title='bbox 517 1231 657 1293; x_wconf 89' lang='lat' dir='ltr'>nomine.</span> <span class='ocrx_word' id='word_1_61' title='bbox 674 1231 790 1295; x_wconf 86' lang='lat' dir='ltr'>Amen.</span> <span class='ocrx_word' id='word_1_62' title='bbox 814 1267 852 1276; x_wconf 91' lang='lat'>-</span> <span class='ocrx_word' id='word_1_63' title='bbox 867 1230 1072 1296; x_wconf 81' lang='lat' dir='ltr'>Reverendus</span> <span class='ocrx_word' id='word_1_64' title='bbox 1085 1233 1245 1297; x_wconf 80' lang='lat' dir='ltr'>Dominus</span> <span class='ocrx_word' id='word_1_65' title='bbox 1264 1231 1321 1310; x_wconf 87' lang='lat' dir='ltr'>N.,</span> <span class='ocrx_word' id='word_1_66' title='bbox 1334 1249 1454 1314; x_wconf 85' lang='lat' dir='ltr'>posses-</span> 
     </span>
     <span class='ocr_line' id='line_1_9' title="bbox 313 1337 1454 1422; baseline -0.001 -21"><span class='ocrx_word' id='word_1_67' title='bbox 313 1339 436 1401; x_wconf 82' lang='lat' dir='ltr'>sionem</span> <span class='ocrx_word' id='word_1_68' title='bbox 463 1339 559 1420; x_wconf 84' lang='lat' dir='ltr'>coepit</span> <span class='ocrx_word' id='word_1_69' title='bbox 583 1338 639 1401; x_wconf 90' lang='lat' dir='ltr'>sui</span> <span class='ocrx_word' id='word_1_70' title='bbox 661 1337 757 1418; x_wconf 80' lang='lat' dir='ltr'>officii</span> <span class='ocrx_word' id='word_1_71' title='bbox 783 1339 973 1415; x_wconf 81' lang='lat' dir='ltr'>vicariatus,</span> <span class='ocrx_word' id='word_1_72' title='bbox 1003 1339 1167 1402; x_wconf 86' lang='lat' dir='ltr'>mediante</span> <span class='ocrx_word' id='word_1_73' title='bbox 1192 1339 1353 1403; x_wconf 87' lang='lat' dir='ltr'>mandata</span> <span class='ocrx_word' id='word_1_74' title='bbox 1379 1339 1454 1422; x_wconf 84' lang='lat' dir='ltr'>Epi-</span> 
     </span>
     <span class='ocr_line' id='line_1_10' title="bbox 310 1444 1454 1528; baseline -0.001 -20"><span class='ocrx_word' id='word_1_75' title='bbox 310 1447 400 1527; x_wconf 88' lang='lat' dir='ltr'>scopi</span> <span class='ocrx_word' id='word_1_76' title='bbox 420 1445 476 1522; x_wconf 66' lang='lat' dir='ltr'>N„</span> <span class='ocrx_word' id='word_1_77' title='bbox 496 1444 707 1527; x_wconf 81' lang='lat' dir='ltr'>praesentibus</span> <span class='ocrx_word' id='word_1_78' title='bbox 728 1445 879 1509; x_wconf 82' lang='lat' dir='ltr'>omnibus</span> <span class='ocrx_word' id='word_1_79' title='bbox 900 1444 1041 1509; x_wconf 86' lang='lat' dir='ltr'>dominis</span> <span class='ocrx_word' id='word_1_80' title='bbox 1062 1448 1224 1510; x_wconf 87' lang='lat' dir='ltr'>canonicis</span> <span class='ocrx_word' id='word_1_81' title='bbox 1242 1455 1274 1509; x_wconf 88' lang='lat' dir='ltr'>ct</span> <span class='ocrx_word' id='word_1_82' title='bbox 1292 1447 1454 1528; x_wconf 79' lang='lat' dir='ltr'>dipnitati-</span> 
     </span>
     <span class='ocr_line' id='line_1_11' title="bbox 313 1551 1452 1633; baseline 0.001 -19"><span class='ocrx_word' id='word_1_83' title='bbox 313 1552 372 1614; x_wconf 83' lang='lat' dir='ltr'>tus</span> <span class='ocrx_word' id='word_1_84' title='bbox 392 1551 530 1633; x_wconf 87' lang='lat' dir='ltr'>capituli</span> <span class='ocrx_word' id='word_1_85' title='bbox 548 1551 647 1632; x_wconf 78' lang='lat' dir='ltr'>nujus</span> <span class='ocrx_word' id='word_1_86' title='bbox 667 1551 862 1616; x_wconf 76' lang='lat' dir='ltr'>cathedralis</span> <span class='ocrx_word' id='word_1_87' title='bbox 881 1551 1037 1626; x_wconf 75' lang='lat' dir='ltr'>ecclesie,·</span> <span class='ocrx_word' id='word_1_88' title='bbox 1060 1553 1123 1630; x_wconf 90' lang='lat' dir='ltr'>dic,</span> <span class='ocrx_word' id='word_1_89' title='bbox 1147 1562 1220 1630; x_wconf 78' lang='lat' dir='ltr'>ac,</span> <span class='ocrx_word' id='word_1_90' title='bbox 1242 1571 1364 1630; x_wconf 87' lang='lat' dir='ltr'>mense,</span> <span class='ocrx_word' id='word_1_91' title='bbox 1385 1561 1452 1629; x_wconf 80' lang='lat' dir='ltr'>etc,</span> 
     </span>
     <span class='ocr_line' id='line_1_12' title="bbox 313 1658 1381 1740; baseline -0.002 -18"><span class='ocrx_word' id='word_1_92' title='bbox 313 1659 407 1736; x_wconf 79' lang='lat' dir='ltr'>bora,</span> <span class='ocrx_word' id='word_1_93' title='bbox 423 1666 480 1721; x_wconf 88' lang='lat' dir='ltr'>etc.</span> <span class='ocrx_word' id='word_1_94' title='bbox 502 1658 541 1721; x_wconf 92' lang='lat' dir='ltr'>In</span> <span class='ocrx_word' id='word_1_95' title='bbox 562 1676 702 1740; x_wconf 84' lang='lat' dir='ltr'>qaorum</span> <span class='ocrx_word' id='word_1_96' title='bbox 720 1659 830 1738; x_wconf 78' lang='lat' dir='ltr'>fidem,</span> <span class='ocrx_word' id='word_1_97' title='bbox 846 1667 903 1722; x_wconf 91' lang='lat' dir='ltr'>etc.</span> <span class='ocrx_word' id='word_1_98' title='bbox 921 1660 1042 1724; x_wconf 88' lang='lat' dir='ltr'>Datum</span> <span class='ocrx_word' id='word_1_99' title='bbox 1058 1661 1092 1722; x_wconf 90' lang='lat' dir='ltr'>in</span> <span class='ocrx_word' id='word_1_100' title='bbox 1110 1661 1240 1724; x_wconf 87' lang='lat' dir='ltr'>ciuitate</span> <span class='ocrx_word' id='word_1_101' title='bbox 1255 1660 1312 1737; x_wconf 67' lang='lat' dir='ltr'>N„</span> <span class='ocrx_word' id='word_1_102' title='bbox 1327 1659 1381 1723; x_wconf 85' lang='lat' dir='ltr'>die</span> 
     </span>
     <span class='ocr_line' id='line_1_13' title="bbox 312 1765 1245 1850; baseline -0.001 -22"><span class='ocrx_word' id='word_1_103' title='bbox 312 1783 420 1828; x_wconf 81' lang='lat' dir='ltr'>mertse</span> <span class='ocrx_word' id='word_1_104' title='bbox 486 1783 609 1826; x_wconf 89' lang='lat' dir='ltr'>anno...</span> <span class='ocrx_word' id='word_1_105' title='bbox 626 1801 665 1810; x_wconf 95' lang='lat'><em>-</em></span> <span class='ocrx_word' id='word_1_106' title='bbox 680 1765 753 1847; x_wconf 77' lang='lat' dir='ltr'>Epo</span> <span class='ocrx_word' id='word_1_107' title='bbox 769 1765 824 1842; x_wconf 90' lang='lat' dir='ltr'>N.,</span> <span class='ocrx_word' id='word_1_108' title='bbox 839 1767 988 1830; x_wconf 89' lang='lat' dir='ltr'>notarius</span> <span class='ocrx_word' id='word_1_109' title='bbox 1001 1769 1102 1830; x_wconf 74' lang='lat' dir='ltr'>cirris</span> <span class='ocrx_word' id='word_1_110' title='bbox 1115 1768 1213 1850; x_wconf 83' lang='lat' dir='ltr'>episc.</span> <span class='ocrx_word' id='word_1_111' title='bbox 1230 1791 1245 1826; x_wconf 75' lang='lat' dir='ltr'>s</span> 
     </span>
    </p>

    <p class='ocr_par' dir='ltr' id='par_1_4' title="bbox 1498 2905 1499 2938">
     <span class='ocr_line' id='line_1_14' title="bbox 1498 2905 1499 2938; baseline 0 0"><span class='ocrx_word' id='word_1_112' title='bbox 1498 2905 1499 2938; x_wconf 90' lang='lat' dir='ltr'>l</span> 
     </span>
    </p>
   </div>
   <div class='ocr_carea' id='block_1_4' title="bbox 855 1989 912 2060">
    <p class='ocr_par' dir='ltr' id='par_1_5' title="bbox 855 1989 912 2060">
     <span class='ocr_line' id='line_1_15' title="bbox 855 1989 912 2060; baseline -0.035 0"><span class='ocrx_word' id='word_1_113' title='bbox 855 1989 912 2060; x_wconf 91' lang='lat' dir='ltr'>Vl.</span> 
     </span>
    </p>
   </div>
   <div class='ocr_carea' id='block_1_5' title="bbox 422 2163 1349 2212">
    <p class='ocr_par' dir='ltr' id='par_1_6' title="bbox 422 2163 1349 2212">
     <span class='ocr_line' id='line_1_16' title="bbox 422 2163 1349 2212; baseline 0.002 -2"><span class='ocrx_word' id='word_1_114' title='bbox 422 2165 524 2211; x_wconf 74' lang='lat' dir='ltr'>tom</span> <span class='ocrx_word' id='word_1_115' title='bbox 548 2163 765 2211; x_wconf 70' lang='lat' dir='ltr'>nmsmoms</span> <span class='ocrx_word' id='word_1_116' title='bbox 788 2165 901 2211; x_wconf 77' lang='lat' dir='ltr'>lllCAllll</span> <span class='ocrx_word' id='word_1_117' title='bbox 924 2165 1091 2212; x_wconf 69' lang='lat' dir='ltr'>umarus</span> <span class='ocrx_word' id='word_1_118' title='bbox 1114 2163 1349 2212; x_wconf 70' lang='lat' dir='ltr'>mcfflmscorl.</span> 
     </span>
    </p>
   </div>
   <div class='ocr_carea' id='block_1_6' title="bbox 311 2328 1451 2844">
    <p class='ocr_par' dir='ltr' id='par_1_7' title="bbox 311 2328 1451 2844">
     <span class='ocr_line' id='line_1_17' title="bbox 360 2328 1451 2420; baseline 0.001 -23"><span class='ocrx_word' id='word_1_119' title='bbox 360 2328 440 2398; x_wconf 89' lang='lat' dir='ltr'>Tres</span> <span class='ocrx_word' id='word_1_120' title='bbox 460 2329 620 2398; x_wconf 77' lang='lat' dir='ltr'>formulas</span> <span class='ocrx_word' id='word_1_121' title='bbox 641 2328 774 2397; x_wconf 83' lang='lat' dir='ltr'>exhibet</span> <span class='ocrx_word' id='word_1_122' title='bbox 794 2329 999 2420; x_wconf 82' lang='lat' dir='ltr'>Pellegrinus</span> <span class='ocrx_word' id='word_1_123' title='bbox 1016 2333 1117 2420; x_wconf 77' lang='lat' dir='ltr'>(parte</span> <span class='ocrx_word' id='word_1_124' title='bbox 1131 2333 1162 2415; x_wconf 92' lang='lat' dir='ltr'>l,</span> <span class='ocrx_word' id='word_1_125' title='bbox 1179 2339 1256 2398; x_wconf 87' lang='lat' dir='ltr'>sect.</span> <span class='ocrx_word' id='word_1_126' title='bbox 1278 2335 1312 2416; x_wconf 79' lang='lat'>3,</span> <span class='ocrx_word' id='word_1_127' title='bbox 1328 2329 1451 2400; x_wconf 86' lang='lat' dir='ltr'>subsec-</span> 
     </span>
     <span class='ocr_line' id='line_1_18' title="bbox 313 2435 1449 2528; baseline -0.002 -24"><span class='ocrx_word' id='word_1_128' title='bbox 313 2439 401 2506; x_wconf 87' lang='lat' dir='ltr'>tione</span> <span class='ocrx_word' id='word_1_129' title='bbox 414 2436 445 2526; x_wconf 78' lang='grc'>3)</span> <span class='ocrx_word' id='word_1_130' title='bbox 458 2463 467 2523; x_wconf 88' lang='lat'>;</span> <span class='ocrx_word' id='word_1_131' title='bbox 482 2459 624 2528; x_wconf 88' lang='lat' dir='ltr'>quarum</span> <span class='ocrx_word' id='word_1_132' title='bbox 642 2436 750 2527; x_wconf 84' lang='lat' dir='ltr'>prims</span> <span class='ocrx_word' id='word_1_133' title='bbox 764 2436 934 2506; x_wconf 86' lang='lat' dir='ltr'>Vicerium</span> <span class='ocrx_word' id='word_1_134' title='bbox 951 2437 1137 2525; x_wconf 80' lang='lat' dir='ltr'>generalem</span> <span class='ocrx_word' id='word_1_135' title='bbox 1152 2437 1365 2528; x_wconf 79' lang='lat' dir='ltr'>Episcopum,</span> <span class='ocrx_word' id='word_1_136' title='bbox 1380 2435 1449 2503; x_wconf 80' lang='lat' dir='ltr'>due</span> 
     </span>
     <span class='ocr_line' id='line_1_19' title="bbox 311 2543 1449 2636; baseline -0.003 -23"><span class='ocrx_word' id='word_1_137' title='bbox 311 2545 384 2613; x_wconf 79' lang='lat' dir='ltr'>eliae</span> <span class='ocrx_word' id='word_1_138' title='bbox 408 2543 580 2612; x_wconf 86' lang='lat' dir='ltr'>Vicerium</span> <span class='ocrx_word' id='word_1_139' title='bbox 596 2543 782 2631; x_wconf 75' lang='lat' dir='ltr'>generalem</span> <span class='ocrx_word' id='word_1_140' title='bbox 804 2545 1073 2634; x_wconf 86' lang='lat' dir='ltr'>non-episcopum</span> <span class='ocrx_word' id='word_1_141' title='bbox 1098 2543 1285 2636; x_wconf 86' lang='lat' dir='ltr'>respiciunt.</span> <span class='ocrx_word' id='word_1_142' title='bbox 1310 2543 1449 2612; x_wconf 77' lang='lat' dir='ltr'>Alteram</span> 
     </span>
     <span class='ocr_line' id='line_1_20' title="bbox 314 2649 1451 2742; baseline -0.002 -24"><span class='ocrx_word' id='word_1_143' title='bbox 314 2650 485 2718; x_wconf 76' lang='lat' dir='ltr'>dumtaxat</span> <span class='ocrx_word' id='word_1_144' title='bbox 499 2672 540 2717; x_wconf 80' lang='lat' dir='ltr'>ex</span> <span class='ocrx_word' id='word_1_145' title='bbox 557 2649 683 2718; x_wconf 90' lang='lat' dir='ltr'>duobus</span> <span class='ocrx_word' id='word_1_146' title='bbox 697 2651 941 2740; x_wconf 86' lang='lat' dir='ltr'>posterioribus,</span> <span class='ocrx_word' id='word_1_147' title='bbox 958 2651 1080 2741; x_wconf 88' lang='lat' dir='ltr'>paucis,</span> <span class='ocrx_word' id='word_1_148' title='bbox 1097 2673 1172 2742; x_wconf 71' lang='lat' dir='ltr'>quae</span> <span class='ocrx_word' id='word_1_149' title='bbox 1197 2650 1293 2719; x_wconf 88' lang='lat' dir='ltr'>hodie</span> <span class='ocrx_word' id='word_1_150' title='bbox 1313 2650 1451 2742; x_wconf 84' lang='lat' dir='ltr'>applice-</span> 
     </span>
     <span class='ocr_line' id='line_1_21' title="bbox 315 2757 1151 2844; baseline -0.001 -18"><span class='ocrx_word' id='word_1_151' title='bbox 315 2760 437 2827; x_wconf 89' lang='lat' dir='ltr'>tionem</span> <span class='ocrx_word' id='word_1_152' title='bbox 452 2781 518 2838; x_wconf 84' lang='lat' dir='ltr'>non</span> <span class='ocrx_word' id='word_1_153' title='bbox 533 2757 665 2844; x_wconf 78' lang='lat' dir='ltr'>habent,</span> <span class='ocrx_word' id='word_1_154' title='bbox 681 2758 875 2844; x_wconf 79' lang='lat' dir='ltr'>immutatis,</span> <span class='ocrx_word' id='word_1_155' title='bbox 893 2759 1151 2827; x_wconf 79' lang='lat' dir='ltr'>transcribimus.</span> 
     </span>
    </p>
   </div>
   <div class='ocr_carea' id='block_1_7' title="bbox 312 2900 1499 4274">
    <p class='ocr_par' dir='ltr' id='par_1_8' title="bbox 312 2900 1499 4274">
     <span class='ocr_line' id='line_1_22' title="bbox 357 2900 1499 2992; baseline 0.008 -32"><span class='ocrx_word' id='word_1_156' title='bbox 357 2927 373 2960; x_wconf 69' lang='grc' dir='ltr'>«ι</span> <span class='ocrx_word' id='word_1_157' title='bbox 401 2902 456 2979; x_wconf 87' lang='grc' dir='ltr'>Ν.,</span> <span class='ocrx_word' id='word_1_158' title='bbox 473 2902 534 2967; x_wconf 88' lang='lat' dir='ltr'>Dei</span> <span class='ocrx_word' id='word_1_159' title='bbox 550 2908 581 2965; x_wconf 86' lang='lat' dir='ltr'>et</span> <span class='ocrx_word' id='word_1_160' title='bbox 599 2900 792 2981; x_wconf 69' lang='lat' dir='ltr'>apostolice</span> <span class='ocrx_word' id='word_1_161' title='bbox 814 2901 911 2966; x_wconf 74' lang='lat' dir='ltr'>Sedis</span> <span class='ocrx_word' id='word_1_162' title='bbox 932 2903 1043 2983; x_wconf 79' lang='lat' dir='ltr'>pratia</span> <span class='ocrx_word' id='word_1_163' title='bbox 1066 2901 1335 2984; x_wconf 69' lang='lat' dir='ltr'>archiepiscopus</span> <span class='ocrx_word' id='word_1_164' title='bbox 1354 2903 1396 2968; x_wconf 89' lang='lat' dir='ltr'>N.</span> <span class='ocrx_word' id='word_1_165' title='bbox 1419 2937 1449 2947; x_wconf 92' lang='lat'>-</span> <span class='ocrx_word' id='word_1_166' title='bbox 1498 2969 1499 2992; x_wconf 62' lang='lat'>,</span> 
     </span>
     <span class='ocr_line' id='line_1_23' title="bbox 318 3005 1499 3090; baseline -0.006 -15"><span class='ocrx_word' id='word_1_167' title='bbox 318 3010 403 3075; x_wconf 83' lang='lat' dir='ltr'>Cum</span> <span class='ocrx_word' id='word_1_168' title='bbox 417 3027 458 3071; x_wconf 78' lang='lat' dir='ltr'>er</span> <span class='ocrx_word' id='word_1_169' title='bbox 475 3006 651 3090; x_wconf 87' lang='lat' dir='ltr'>apostatica</span> <span class='ocrx_word' id='word_1_170' title='bbox 664 3025 739 3070; x_wconf 86' lang='lat' dir='ltr'>uoce</span> <span class='ocrx_word' id='word_1_171' title='bbox 758 3007 868 3071; x_wconf 82' lang='lat' dir='ltr'>deceat</span> <span class='ocrx_word' id='word_1_172' title='bbox 888 3008 965 3085; x_wconf 90' lang='lat' dir='ltr'>Nos,</span> <span class='ocrx_word' id='word_1_173' title='bbox 981 3016 1139 3090; x_wconf 83' lang='lat' dir='ltr'>tanquam</span> <span class='ocrx_word' id='word_1_174' title='bbox 1151 3009 1271 3089; x_wconf 86' lang='lat' dir='ltr'>positos</span> <span class='ocrx_word' id='word_1_175' title='bbox 1284 3027 1308 3070; x_wconf 87' lang='lat' dir='ltr'>a</span> <span class='ocrx_word' id='word_1_176' title='bbox 1327 3008 1450 3090; x_wconf 83' lang='lat' dir='ltr'>Spiritu</span> <span class='ocrx_word' id='word_1_177' title='bbox 1498 3005 1499 3068; x_wconf 89' lang='lat' dir='ltr'>l</span> 
     </span>
     <span class='ocr_line' id='line_1_24' title="bbox 315 3113 1448 3198; baseline -0.003 -19"><span class='ocrx_word' id='word_1_178' title='bbox 315 3117 437 3179; x_wconf 88' lang='lat' dir='ltr'>Sancto</span> <span class='ocrx_word' id='word_1_179' title='bbox 450 3131 561 3195; x_wconf 78' lang='lat' dir='ltr'>repere</span> <span class='ocrx_word' id='word_1_180' title='bbox 575 3113 740 3177; x_wconf 86' lang='lat' dir='ltr'>ecclesiam</span> <span class='ocrx_word' id='word_1_181' title='bbox 754 3123 913 3191; x_wconf 89' lang='lat' dir='ltr'>nostram,</span> <span class='ocrx_word' id='word_1_182' title='bbox 931 3116 1090 3196; x_wconf 75' lang='lat' dir='ltr'>sanquine</span> <span class='ocrx_word' id='word_1_183' title='bbox 1108 3113 1184 3178; x_wconf 83' lang='lat' dir='ltr'>Jcsu</span> <span class='ocrx_word' id='word_1_184' title='bbox 1201 3113 1327 3180; x_wconf 78' lang='lat' dir='ltr'>Christi</span> <span class='ocrx_word' id='word_1_185' title='bbox 1344 3116 1448 3198; x_wconf 78' lang='lat' dir='ltr'>acqui·</span> 
     </span>
     <span class='ocr_line' id='line_1_25' title="bbox 316 3222 1449 3303; baseline -0.001 -19"><span class='ocrx_word' id='word_1_186' title='bbox 316 3223 432 3295; x_wconf 85' lang='lat' dir='ltr'>sitam;</span> <span class='ocrx_word' id='word_1_187' title='bbox 453 3230 485 3284; x_wconf 89' lang='lat' dir='ltr'>et</span> <span class='ocrx_word' id='word_1_188' title='bbox 503 3229 676 3303; x_wconf 89' lang='lat' dir='ltr'>propterea</span> <span class='ocrx_word' id='word_1_189' title='bbox 697 3229 859 3303; x_wconf 81' lang='lat' dir='ltr'>quantum</span> <span class='ocrx_word' id='word_1_190' title='bbox 881 3224 914 3284; x_wconf 85' lang='lat' dir='ltr'>in</span> <span class='ocrx_word' id='word_1_191' title='bbox 938 3222 1038 3289; x_wconf 87' lang='lat' dir='ltr'>Nobis</span> <span class='ocrx_word' id='word_1_192' title='bbox 1059 3229 1106 3284; x_wconf 90' lang='lat' dir='ltr'>est</span> <span class='ocrx_word' id='word_1_193' title='bbox 1125 3238 1258 3298; x_wconf 88' lang='lat' dir='ltr'>curare,</span> <span class='ocrx_word' id='word_1_194' title='bbox 1281 3230 1321 3284; x_wconf 87' lang='lat' dir='ltr'>at</span> <span class='ocrx_word' id='word_1_195' title='bbox 1342 3229 1449 3284; x_wconf 77' lang='lat' dir='ltr'>cecum</span> 
     </span>
     <span class='ocr_line' id='line_1_26' title="bbox 315 3327 1449 3411; baseline -0.001 -18"><span class='ocrx_word' id='word_1_196' title='bbox 315 3327 559 3411; x_wconf 83' lang='lat' dir='ltr'>adimpleantur</span> <span class='ocrx_word' id='word_1_197' title='bbox 568 3346 611 3390; x_wconf 80' lang='lat' dir='ltr'>cn</span> <span class='ocrx_word' id='word_1_198' title='bbox 618 3328 711 3391; x_wconf 89' lang='lat' dir='ltr'>omni</span> <span class='ocrx_word' id='word_1_199' title='bbox 717 3337 825 3410; x_wconf 86' lang='lat' dir='ltr'>parte,</span> <span class='ocrx_word' id='word_1_200' title='bbox 836 3346 909 3410; x_wconf 73' lang='lat' dir='ltr'>qua</span> <span class='ocrx_word' id='word_1_201' title='bbox 920 3330 1082 3410; x_wconf 87' lang='lat' dir='ltr'>pertinent</span> <span class='ocrx_word' id='word_1_202' title='bbox 1090 3329 1138 3391; x_wconf 90' lang='lat' dir='ltr'>ad</span> <span class='ocrx_word' id='word_1_203' title='bbox 1145 3329 1294 3411; x_wconf 88' lang='lat' dir='ltr'>primum</span> <span class='ocrx_word' id='word_1_204' title='bbox 1307 3327 1449 3392; x_wconf 85' lang='lat' dir='ltr'>ordinem</span> 
     </span>
     <span class='ocr_line' id='line_1_27' title="bbox 315 3435 1450 3517; baseline -0.004 -17"><span class='ocrx_word' id='word_1_205' title='bbox 315 3435 567 3511; x_wconf 63' lang='lat' dir='ltr'>cenantium,</span> <span class='ocrx_word' id='word_1_206' title='bbox 591 3453 714 3500; x_wconf 88' lang='lat' dir='ltr'>necnon</span> <span class='ocrx_word' id='word_1_207' title='bbox 737 3436 785 3498; x_wconf 88' lang='lat' dir='ltr'>ad</span> <span class='ocrx_word' id='word_1_208' title='bbox 806 3435 999 3517; x_wconf 83' lang='lat' dir='ltr'>dipnitatem</span> <span class='ocrx_word' id='word_1_209' title='bbox 1025 3445 1171 3498; x_wconf 86' lang='lat' dir='ltr'>nostram</span> <span class='ocrx_word' id='word_1_210' title='bbox 1196 3442 1227 3498; x_wconf 86' lang='lat' dir='ltr'>et</span> <span class='ocrx_word' id='word_1_211' title='bbox 1251 3436 1450 3517; x_wconf 85' lang='lat' dir='ltr'>jurisdictio·</span> 
     </span>
     <span class='ocr_line' id='line_1_28' title="bbox 315 3541 1450 3625; baseline -0.003 -18"><span class='ocrx_word' id='word_1_212' title='bbox 315 3560 411 3623; x_wconf 86' lang='lat' dir='ltr'>nem;</span> <span class='ocrx_word' id='word_1_213' title='bbox 423 3541 619 3605; x_wconf 72' lang='lat' dir='ltr'>menedemos</span> <span class='ocrx_word' id='word_1_214' title='bbox 636 3544 856 3606; x_wconf 87' lang='lat' dir='ltr'>necessitatem</span> <span class='ocrx_word' id='word_1_215' title='bbox 876 3544 909 3605; x_wconf 90' lang='lat' dir='ltr'>in</span> <span class='ocrx_word' id='word_1_216' title='bbox 930 3561 997 3625; x_wconf 83' lang='lat' dir='ltr'>qua</span> <span class='ocrx_word' id='word_1_217' title='bbox 1015 3560 1141 3624; x_wconf 87' lang='lat' dir='ltr'>semper</span> <span class='ocrx_word' id='word_1_218' title='bbox 1158 3544 1327 3606; x_wconf 84' lang='lat' dir='ltr'>comtituti</span> <span class='ocrx_word' id='word_1_219' title='bbox 1344 3560 1450 3606; x_wconf 78' lang='lat' dir='ltr'>smnio</span> 
     </span>
     <span class='ocr_line' id='line_1_29' title="bbox 314 3648 1449 3734; baseline 0 -22"><span class='ocrx_word' id='word_1_220' title='bbox 314 3657 448 3734; x_wconf 86' lang='lat' dir='ltr'>propter</span> <span class='ocrx_word' id='word_1_221' title='bbox 468 3648 661 3731; x_wconf 86' lang='lat' dir='ltr'>multiplices</span> <span class='ocrx_word' id='word_1_222' title='bbox 680 3651 904 3731; x_wconf 85' lang='lat' dir='ltr'>occupationes</span> <span class='ocrx_word' id='word_1_223' title='bbox 924 3657 1062 3727; x_wconf 89' lang='lat' dir='ltr'>nostras,</span> <span class='ocrx_word' id='word_1_224' title='bbox 1082 3657 1113 3712; x_wconf 83' lang='lat' dir='ltr'>ei</span> <span class='ocrx_word' id='word_1_225' title='bbox 1130 3667 1246 3712; x_wconf 87' lang='lat' dir='ltr'>curam</span> <span class='ocrx_word' id='word_1_226' title='bbox 1265 3651 1449 3714; x_wconf 87' lang='lat' dir='ltr'>animarum</span> 
     </span>
     <span class='ocr_line' id='line_1_30' title="bbox 317 3755 1449 3840; baseline -0.004 -19"><span class='ocrx_word' id='word_1_227' title='bbox 317 3775 390 3840; x_wconf 78' lang='lat' dir='ltr'>ques</span> <span class='ocrx_word' id='word_1_228' title='bbox 404 3756 495 3820; x_wconf 82' lang='lat' dir='ltr'>nobis</span> <span class='ocrx_word' id='word_1_229' title='bbox 506 3755 657 3836; x_wconf 74' lang='lat' dir='ltr'>subjecte</span> <span class='ocrx_word' id='word_1_230' title='bbox 669 3765 745 3818; x_wconf 86' lang='lat' dir='ltr'>sunt</span> <span class='ocrx_word' id='word_1_231' title='bbox 753 3777 764 3832; x_wconf 94' lang='lat'>,·</span> <span class='ocrx_word' id='word_1_232' title='bbox 785 3773 871 3820; x_wconf 76' lang='lat' dir='ltr'>cure</span> <span class='ocrx_word' id='word_1_233' title='bbox 884 3757 984 3820; x_wconf 88' lang='lat' dir='ltr'>etiam</span> <span class='ocrx_word' id='word_1_234' title='bbox 1003 3755 1095 3820; x_wconf 80' lang='lat' dir='ltr'>nolis</span> <span class='ocrx_word' id='word_1_235' title='bbox 1105 3756 1172 3836; x_wconf 80' lang='lat' dir='ltr'>suit</span> <span class='ocrx_word' id='word_1_236' title='bbox 1185 3773 1326 3820; x_wconf 84' lang='lat' dir='ltr'>munera</span> <span class='ocrx_word' id='word_1_237' title='bbox 1346 3767 1449 3820; x_wconf 89' lang='lat' dir='ltr'>nostra</span> 
     </span>
     <span class='ocr_line' id='line_1_31' title="bbox 316 3863 1449 3946; baseline 0 -20"><span class='ocrx_word' id='word_1_238' title='bbox 316 3865 392 3927; x_wconf 80' lang='lat' dir='ltr'>alii&#39;s</span> <span class='ocrx_word' id='word_1_239' title='bbox 419 3864 600 3946; x_wconf 85' lang='lat' dir='ltr'>impartiri,</span> <span class='ocrx_word' id='word_1_240' title='bbox 628 3865 687 3944; x_wconf 85' lang='lat' dir='ltr'>qui</span> <span class='ocrx_word' id='word_1_241' title='bbox 707 3863 871 3940; x_wconf 80' lang='lat' dir='ltr'>moribus,</span> <span class='ocrx_word' id='word_1_242' title='bbox 895 3864 1046 3940; x_wconf 86' lang='lat' dir='ltr'>scicntia,</span> <span class='ocrx_word' id='word_1_243' title='bbox 1074 3872 1104 3926; x_wconf 87' lang='lat' dir='ltr'>et</span> <span class='ocrx_word' id='word_1_244' title='bbox 1129 3871 1223 3927; x_wconf 79' lang='lat' dir='ltr'>etate</span> <span class='ocrx_word' id='word_1_245' title='bbox 1245 3867 1369 3945; x_wconf 84' lang='lat' dir='ltr'>reperti</span> <span class='ocrx_word' id='word_1_246' title='bbox 1393 3866 1449 3927; x_wconf 89' lang='lat' dir='ltr'>sint</span> 
     </span>
     <span class='ocr_line' id='line_1_32' title="bbox 312 3969 1447 4060; baseline 0.001 -27"><span class='ocrx_word' id='word_1_247' title='bbox 312 3969 545 4055; x_wconf 79' lang='lat' dir='ltr'>probatissimi.</span> <span class='ocrx_word' id='word_1_248' title='bbox 568 3969 693 4033; x_wconf 83' lang='lat' dir='ltr'>Idcirco</span> <span class='ocrx_word' id='word_1_249' title='bbox 716 3970 952 4060; x_wconf 83' lang='lat' dir='ltr'>considerantes</span> <span class='ocrx_word' id='word_1_250' title='bbox 970 3969 1182 4052; x_wconf 83' lang='lat' dir='ltr'>probitatem,</span> <span class='ocrx_word' id='word_1_251' title='bbox 1207 3978 1447 4053; x_wconf 71' lang='lat' dir='ltr'>ememusque</span> 
     </span>
     <span class='ocr_line' id='line_1_33' title="bbox 315 4076 1443 4160; baseline -0.003 -18"><span class='ocrx_word' id='word_1_252' title='bbox 315 4080 484 4142; x_wconf 86' lang='lat' dir='ltr'>scientiam</span> <span class='ocrx_word' id='word_1_253' title='bbox 502 4077 630 4140; x_wconf 87' lang='lat' dir='ltr'>domini</span> <span class='ocrx_word' id='word_1_254' title='bbox 643 4076 699 4152; x_wconf 89' lang='lat' dir='ltr'>N.,</span> <span class='ocrx_word' id='word_1_255' title='bbox 720 4079 812 4158; x_wconf 85' lang='lat' dir='ltr'>juris</span> <span class='ocrx_word' id='word_1_256' title='bbox 829 4079 1000 4160; x_wconf 83' lang='lat' dir='ltr'>utriusque</span> <span class='ocrx_word' id='word_1_257' title='bbox 1015 4077 1166 4155; x_wconf 85' lang='lat' dir='ltr'>doctoris,</span> <span class='ocrx_word' id='word_1_258' title='bbox 1188 4086 1374 4142; x_wconf 78' lang='lat' dir='ltr'>reuocantes</span> <span class='ocrx_word' id='word_1_259' title='bbox 1392 4079 1443 4140; x_wconf 88' lang='lat' dir='ltr'>im·</span> 
     </span>
     <span class='ocr_line' id='line_1_34' title="bbox 314 4183 1441 4274; baseline 0 -26"><span class='ocrx_word' id='word_1_260' title='bbox 314 4186 432 4274; x_wconf 81' lang='lat' dir='ltr'>primis</span> <span class='ocrx_word' id='word_1_261' title='bbox 455 4202 689 4270; x_wconf 82' lang='lat' dir='ltr'>quemcumque</span> <span class='ocrx_word' id='word_1_262' title='bbox 711 4184 815 4247; x_wconf 88' lang='lat' dir='ltr'>alium</span> <span class='ocrx_word' id='word_1_263' title='bbox 850 4185 1016 4250; x_wconf 87' lang='lat' dir='ltr'>Vicariam</span> <span class='ocrx_word' id='word_1_264' title='bbox 1042 4192 1074 4248; x_wconf 88' lang='lat' dir='ltr'>et</span> <span class='ocrx_word' id='word_1_265' title='bbox 1096 4183 1273 4268; x_wconf 79' lang='lat' dir='ltr'>Officialem</span> <span class='ocrx_word' id='word_1_266' title='bbox 1295 4194 1441 4260; x_wconf 73' lang='lat' dir='ltr'>noeman</span> 
     </span>
    </p>
   </div>
   <div class='ocr_carea' id='block_1_8' title="bbox 0 0 1533 4984">
    <p class='ocr_par' dir='ltr' id='par_1_9' title="bbox 0 0 1533 4984">
     <span class='ocr_line' id='line_1_35' title="bbox 0 0 1533 4984; baseline 0 0"><span class='ocrx_word' id='word_1_267' title='bbox 0 0 1533 4984; x_wconf 95' lang='lat' dir='ltr'> </span> 
     </span>
    </p>
   </div>
  </div>
 </body>
</html>
