3050 4984
291 434 365 504 ’390
676 458 851 507 rnacrarus
873 459 912 504 nu
933 456 1067 505 runrmrs.

299 575 408 670 quoad
421 578 603 664 caldaria,
620 578 755 649 omniuo
768 586 894 648 certum
913 586 972 647 est.
991 577 1060 647 lrno
1077 576 1228 647 vitiosum
1244 577 1443 647 incoluisse
1510 592 1511 595 ’

290 695 331 752 ,ιι
346 685 462 753 merito
476 683 632 775 rejectum
653 684 742 755 bunc
756 681 1023 753 commiserando
1043 682 1180 774 jmtitiae
1199 682 1345 769 modum,
1362 684 1443 755 iuti-

298 792 366 860 cios
382 814 450 860 nou
464 792 563 861 imus.
582 792 706 861 Alvero
723 792 829 883 positu
850 790 997 879 generali
1014 792 1125 881 (prout
1145 790 1227 879 eret)
1244 790 1442 881 populorum

299 898 519 989 persuasione,
543 898 585 967 de
602 899 790 967 necessitate
814 896 1007 967 edhibeudm
1032 898 1067 965 in
1088 896 1192 966 causis
1217 897 1444 969 criminalibus

300 1013 449 1092 nume,
466 1004 647 1097 vituperari
662 1006 776 1097 nequit
790 1003 933 1073 Ecclesia
950 1002 1039 1095 quod
1059 1024 1128 1073 sese
1145 1002 1222 1073 huic
1239 1004 1445 1097 persuasioni

298 1112 603 1183 accommodaverit.
627 1110 847 1197 Quantumvis
872 1111 959 1180 euim
983 1110 1189 1203 imperfectus
1216 1109 1315 1179 fuerit
1335 1109 1445 1181 dictus

285 1240 390 1306 fusus,
413 1240 480 1289 non
495 1226 604 1287 tamen
620 1220 654 1288 in
673 1242 709 1287 se
729 1218 971 1311 peccaminosus
986 1226 1018 1287 et
1035 1216 1207 1287 intrinsece
1220 1218 1362 1310 injustus
1376 1242 1446 1289 un-

299 1348 398 1419 quam
421 1327 624 1419 probabitur.
647 1327 732 1397 Cum
753 1348 833 1417 ergo
860 1324 1013 1412 Ecclesia,
1039 1325 1066 1393 si
1088 1324 1129 1395 ab
1150 1347 1189 1395 eo
1209 1324 1358 1395 recedere
1380 1348 1445 1397 vo-

297 1433 423 1520 luisset,
461 1433 650 1503 sceudalum
689 1434 888 1523 ingessisset,
919 1439 951 1501 et
978 1430 1102 1503 favoris
1132 1452 1209 1521 erge
1242 1432 1446 1503 facinorosos

299 1540 486 1609 insimulata
506 1539 632 1626 luisset,
659 1540 836 1631 prudenter
858 1548 890 1608 et
912 1538 997 1607 licito
1016 1538 1085 1607 suis
1105 1538 1202 1609 ctiam
1225 1538 1446 1610 tribunalibus
1510 1578 1511 1585 ι

299 1670 371 1716 eam
385 1647 524 1715 formam
544 1645 676 1739 eptevit.
699 1646 862 1717 Corractis
881 1654 991 1715 autem
1013 1644 1106 1715 dictis
1128 1646 1324 1737 populorum
1340 1648 1446 1717 mori-

299 1754 374 1840 bus,
391 1776 458 1822 nou
471 1762 597 1824 tantum
618 1754 733 1825 lubens
747 1754 892 1823 Ecclesia
911 1761 1070 1822 torturum
1084 1752 1268 1845 dereliquit,
1290 1753 1347 1823 sed
1359 1755 1446 1847 quin

300 1860 433 1951 posthac
455 1883 584 1954 semper
609 1861 772 1953 rejectura
798 1862 839 1930 sit
866 1860 1006 1930 dubium
1028 1881 1095 1929 non
1119 1868 1179 1929 est.
1210 1860 1290 1929 lime
1312 1860 1341 1929 si
1366 1862 1447 1953 quis

299 1966 381 2035 velit
411 1967 567 2059 tantisper
596 1990 691 2059 aequa
717 1968 809 2036 lance
837 1966 1053 2059 perpendere,
1077 1966 1170 2035 facilc
1199 1966 1369 2037 concludet
1396 1977 1447 2039 tot

299 2081 445 2142 contorte
464 2074 498 2142 in
517 2073 738 2166 inquisitionis
757 2074 993 2143 institutionem
1012 2072 1075 2141 telo
1093 2072 1176 2143 nibil
1195 2072 1284 2143 eliud
1303 2096 1446 2164 arguere

299 2202 399 2272 quam
415 2181 580 2249 infensum
595 2182 630 2250 iu
650 2181 826 2251 Ecclesiam
849 2180 1039 2250 catholicam
1063 2179 1226 2272 ejusmodi
1244 2182 1444 2274 scriptorum

301 2288 469 2374 enimum3
495 2310 602 2380 nequo
623 2310 679 2359 eos
700 2287 889 2380 hujusmodi
914 2287 1125 2357 iustitutionis
1153 2286 1361 2380 injustitiam,
1385 2290 1445 2359 sed

299 2394 749 2489 suamlueulenterprodere.
1510 2456 1511 2463 ,

345 2499 404 2568 vl.
423 2502 490 2569 Nec
503 2499 681 2591 injustitie
694 2501 884 2570 irrsimuloei
895 2500 986 2570 dedet
1000 2502 1184 2593 Inquisitio,
1201 2502 1242 2570 od
1255 2501 1374 2571 mortis
1389 2516 1445 2571 at-

300 2629 366 2697 que
387 2606 489 2675 etiem
513 2607 599 2699 ipms
617 2631 755 2700 poermm
773 2608 932 2678 hereticis
951 2607 1126 2699 efflictum.
1144 2646 1186 2661 -
1208 2610 1256 2679 llo
1281 2612 1445 2702 stupendo

302 2711 530 2785 haereticorum
545 2737 694 2802 numero,
709 2738 792 2807 quos
807 2716 855 2807 (ut
870 2714 1051 2785 declamant
1065 2715 1246 2807 mcuobci)
1260 2718 1337 2807 igne
1350 2718 1445 2787 vivos

303 2819 474 2912 inquisitio
502 2822 714 2913 consumpsit,
745 2822 872 2892 fabulas
900 2823 1196 2914 praetermitdmus3
1226 2824 1446 2917 lectoremque
1510 2836 1511 2849 ¹

303 2927 477 3013 mouendo,
499 2936 537 2997 ut
554 2928 616 2997 hac
637 2929 672 2997 in
691 2951 727 2997 rc
748 2929 879 2998 nonnisi
898 2929 994 2999 certis
1013 2938 1110 3021 atque
1129 2929 1322 2998 authenticis
1342 2931 1445 3001 docu-

303 3032 420 3101 mentis
447 3032 547 3102 fidem
580 3034 744 3122 adhibeat,
776 3036 817 3103 ad
850 3034 1097 3127 expendendam
1134 3035 1333 3126 propositam
1359 3036 1445 3129 juris
1510 3032 1511 3041 ’

301 3139 514 3230 quaestionem
536 3142 737 3231 accedimus3
753 3165 836 3211 num
854 3142 974 3211 seilicet
992 3163 1094 3233 prave
1118 3140 1312 3213 estimando
1329 3143 1374 3211 sit
1392 3145 1446 3213 in·
1510 3206 1511 3213 ,

301 3244 485 3336 quisitionis
503 3246 661 3339 delegatae
683 3247 856 3335 institutio,
883 3248 926 3317 ob
947 3268 1076 3339 pmnm
1098 3247 1200 3337 iguis,
1221 3248 1446 3339 pertinacibus
1510 3272 1511 3277 ¹

302 3352 466 3420 haereticis
482 3353 651 3424 inflictam.
1510 3370 1511 3379 ³

345 3459 371 3527 l
383 3462 486 3528 Poeno
497 3461 613 3529 mortis
623 3460 660 3529 in
671 3462 851 3543 demtum,
865 3482 933 3530 non
943 3460 987 3531 ab
995 3460 1139 3531 Ecclesia
1148 3461 1310 3552 primum,
1325 3476 1357 3531 et
1369 3486 1447 3531 rum
1510 3478 1511 3491 ¹

303 3564 522 3656 inquictttonis
532 3565 714 3657 deleqata
699 3568 914 3649 suscitatione,
932 3567 989 3637 sed
997 3568 1207 3658 lonpcantco,
1220 3571 1511 3645 etosmlort'
1510 3572 1511 3585 ¹

297 3685 462 3763 potestate
474 3672 611 3742 inductu
625 3674 766 3766 suit.-
721 3676 851 3759 -Qui
871 3674 1137 3745 Justiuieneum
1126 3698 1181 3768 Jus
1199 3676 1329 3763 adierit,
1345 3700 1448 3799 repe-
1510 3646 1511 3763 l

303 3778 364 3848 riet
377 3778 412 3847 in
425 3801 464 3849 eo
478 3779 689 3871 dispositum,
703 3790 740 3850 ut
753 3782 876 3851 crimen
888 3782 1069 3851 bmrcseos
1061 3782 1289 3874 ruterpudlicu
1300 3784 1447 3854 ιιὶιιιιιια
1510 3756 1511 3831 i

302 3893 504 3956 numeretur.
523 3886 645 3977 (Vide'
637 3911 671 3956 ru
694 3888 824 3977 Codice,
847 3890 932 3958 libro
954 3892 984 3975 l,
1006 3889 1054 3958 lit.
1076 3893 1108 3977 5,
1127 3912 1149 3958 a
1167 3889 1238 3981 lege
1256 3894 1270 3959 l
1291 3892 1335 3961 ed
1352 3898 1445 3963 ltex-

302 3993 438 4079 clusive,
459 4000 493 4061 et
511 4016 532 4062 a
547 3993 619 4083 lege
643 3998 680 4062 ll
705 3995 747 4064 ad
775 3998 817 4065 22
842 3996 1025 4087 inclusive.)
1050 3996 1202 4088 Reperiet
1222 4006 1255 4066 et
1280 3998 1446 4070 decretam

301 4098 337 4166 in
351 4098 518 4169 hereticos
533 4100 649 4168 mortis
661 4124 790 4194 poenam
810 4128 818 4171 ι
833 4103 1028 4185 Μαηὲιήιιο,
1046 4102 1082 4171 in
1096 4103 1166 4173 leco
1177 4126 1316 4174 mmano
1329 4106 1445 4199 depcre
1510 4168 1511 4173 ,

302 4203 510 4298 deprehenso,
525 4219 626 4300 capet
638 4220 832 4302 amputator
849 4209 932 4303 (loeo
949 4210 1068 4301 citato,
1082 4209 1153 4303 lege
1171 4209 1223 4305 11)
1244 4214 1446 4286 :Manichaei
