3050 4984
279 411 342 475 tte
651 428 828 479 rnscrsrus
850 430 889 477 ue
911 430 1043 479 snurcus.

277 549 385 642 quoad
399 550 488 619 hunc
505 551 658 621 clericum
672 552 856 643 jurisdictio
872 554 1034 644 Episcopi.
1057 549 1153 621 Unde
1172 550 1213 619 ed
1232 550 1333 620 telem
1346 572 1423 620 ceu-

276 680 386 727 surem
410 660 642 728 attendendum
668 684 732 727 nou
760 670 827 747 est;
850 669 881 727 et
905 659 1009 750 judex
1032 659 1302 750 metropolitauus
1329 657 1423 727 debet

277 788 406 834 causam
427 766 651 858 appellationis
672 769 815 857 recipere
834 777 867 835 et
884 767 1056 854 dirimere,
1080 766 1212 857 perinde
1232 767 1316 835 acsi
1337 766 1424 834 dicte

277 897 412 943 censura
431 898 497 942 non
517 876 768 967 supervenisset.
787 877 859 966 lpse
874 898 953 943 vero
968 875 1115 961 clericus,
1134 876 1163 941 si
1184 876 1315 943 missam
1334 875 1424 942 cele-

277 982 348 1048 hret
370 989 440 1073 post
463 980 582 1049 dictam
603 1004 791 1067 censuram,
814 982 1085 1070 irregularitatem
1111 1004 1178 1050 non
1197 981 1344 1049 incurrit.
1373 980 1425 1049 Aa

279 1088 435 1155 cautelam
452 1096 558 1157 tamen
576 1089 656 1157 solet
670 1089 795 1156 absolvi
807 1111 827 1155 a
835 1088 945 1179 judice
958 1088 1000 1155 ed
1011 1110 1121 1178 quem.
1140 1089 1188 1155 lta
1202 1110 1320 1177 nempe
1333 1086 1426 1155 deci-

279 1217 352 1261 sum
367 1196 528 1285 reperitur
543 1194 575 1261 in
589 1196 691 1285 capite.
701 1194 969 1287 Adpraesentiam
984 1198 1052 1284 (ld,
1066 1193 1105 1262 de
1116 1192 1424 1285 Appellatianidus)‚

277 1302 329 1368 eui
353 1301 424 1369 haee
447 1302 577 1369 rubrica
597 1300 782 1391 praefigitur
807 1330 814 1369 :
837 1303 1171 1382 Eecommnnicatus‚
1189 1300 1351 1393 pendente
1372 1323 1428 1367 co-

277 1408 421 1498 pollione
441 1407 687 1499 appellationis,
714 1408 841 1476 absolui
856 1421 967 1499 potest
989 1408 1036 1476 ad
1052 1408 1236 1489 cantelam;
1257 1421 1289 1474 et
1311 1408 1341 1475 si
1365 1430 1427 1497 ap

273 1528 369 1605 paret
385 1537 460 1581 eum
476 1514 619 1605 lepitime
642 1517 833 1606 appellasse,
851 1539 915 1583 taon
930 1516 1076 1606 punitur
1092 1538 1156 1607 pro
1176 1514 1321 1605 eoquod
1338 1515 1429 1581 inte-

278 1617 343 1688 rim
356 1622 527 1691 celebravit
543 1620 665 1689 divina.
684 1622 720 1689 ln
740 1630 833 1691 textu
848 1644 924 1690 vero
940 1623 1012 1712 ipso
1034 1624 1083 1689 sic
1099 1622 1236 1690 hahetur
1255 1648 1262 1687 ι
1280 1620 1426 1690 Manda-

278 1751 350 1796 mas
377 1741 536 1818 quatenus
562 1727 759 1817 predictam
785 1728 1032 1817 presbyterum,
1062 1751 1126 1819 pro
1155 1750 1191 1796 eo
1217 1727 1325 1819 quod,
1349 1740 1429 1819 port

278 1835 647 1902 eucommanicationem
662 1848 776 1901 contra
793 1835 1047 1925 appellationem
1061 1838 1201 1926 factam,
1219 1835 1331 1903 divina
1345 1858 1429 1903 cart-

280 1942 374 2023 taait,
391 1941 577 2009 naillatenas
594 1942 761 2030 inquietes,
778 1941 835 2008 sed
846 1942 892 2009 ad
906 1964 980 2009 eum
1001 1955 1128 2010 statum
1145 1941 1279 2009 reducas
1298 1944 1426 2022 omnia,
1503 1981 1504 2036 ἕ

280 2050 316 2117 in
328 2070 391 2139 quo
405 2062 498 2115 eram
512 2060 656 2137 tempore
666 2047 899 2138 appellationis
913 2050 1047 2117 emisse.
1061 2049 1159 2136 (Vide
1174 2048 1428 2138 Schmelzgrue-

279 2157 349 2241 ber,
367 2155 401 2221 in
418 2154 466 2221 tit.
487 2157 541 2239 28,
560 2154 582 2221 l.
601 2158 619 2221 2
636 2156 778 2239 liceret,
795 2177 829 2220 n.
848 2156 918 2243 tt.)

323 2263 363 2329 ll.
380 2262 416 2328 Si
436 2282 513 2329 vero
528 2282 674 2328 censurae
692 2260 908 2328 fulminantur
924 2274 1002 2329 ante
1015 2262 1214 2352 interjectam
1232 2264 1427 2354 appellatio·
1503 2313 1505 2322 .

277 2393 363 2454 nem,
382 2370 423 2435 ab
440 2370 480 2436 iis
495 2370 639 2436 censuris
655 2390 720 2435 non
743 2368 840 2436 datur
862 2368 1035 2459 appellatio
1051 2369 1158 2460 quoad
1176 2370 1327 2437 effectum
1350 2394 1428 2437 sus-

275 2480 460 2570 pensivum,
478 2476 573 2543 datur
584 2484 692 2543 autem
708 2474 814 2567 quoad
831 2475 980 2543 effectum
996 2476 1234 2543 devolutivum.
1250 2476 1299 2543 lta
1312 2478 1426 2545 docto·

276 2608 329 2653 res
364 2584 571 2652 unanimiter.
605 2584 645 2649 llt
682 2590 806 2649 constat
844 2580 951 2672 quoad
986 2583 1356 2650 excommunicationem
1395 2592 1428 2651 et
1503 2651 1505 2674 Ι

277 2690 521 2781 suspensionem
549 2712 568 2755 a
596 2688 737 2774 divinis,
765 2712 806 2756 ex
831 2690 934 2779 capite
955 2691 987 2755 Is
1012 2690 1068 2756 cai
1095 2691 1162 2776 (20,
1191 2690 1230 2757 de
1254 2691 1427 2758 Sententia

279 2819 451 2877 excomm„
474 2798 507 2863 iu
526 2797 556 2883 6)
577 2822 584 2862 :
603 2794 711 2886 quoad
729 2794 950 2880 interdictum,
966 2818 1009 2862 ex
1028 2797 1132 2885 capite
1151 2795 1203 2863 Ad
1216 2798 1286 2864 laec
1302 2799 1370 2885 (37,
1387 2796 1428 2864 de

278 2902 583 2996 Appellationidus),
596 2903 709 2992 juncta
724 2902 843 2990 glossa,
861 2902 961 2969 verbo
979 2902 1203 2971 Interdictum.

322 3012 476 3079 Diximus
492 3012 527 3077 in
545 3010 606 3077 hoc
621 3032 697 3077 casu
714 3032 780 3077 uon
799 3009 871 3076 dari
885 3009 1133 3099 appellationem
1147 3010 1255 3100 quoad
1279 3010 1428 3101 effectum

278 3118 502 3209 suspensivum
519 3117 578 3183 :id
602 3124 661 3201 est,
679 3138 736 3205 per
752 3114 1002 3206 appellationem
1024 3125 1102 3183 tuuc
1123 3138 1329 3207 nequaquam
1352 3140 1428 3184 sus·
1503 3187 1504 3198 ¹

278 3226 378 3317 pendi
394 3224 544 3291 effectum
558 3244 716 3289 censurae.
735 3222 827 3289 Unde
843 3222 889 3288 sic
903 3224 1217 3307 excommunicatus,
1233 3244 1424 3313 suspensam,

280 3342 336 3400 aut
360 3330 564 3413 interdictus,
586 3329 799 3417 quantumvis
818 3327 962 3416 legitime
984 3329 1143 3419 appellet,
1165 3330 1275 3396 statim
1298 3339 1428 3397 tenetur

279 3464 298 3507 e
315 3439 434 3506 divinis
451 3434 575 3521 officiis,
598 3436 639 3502 ab
657 3436 807 3524 ingressu
831 3436 981 3502 Emlesiae
1002 3444 1033 3502 et
1053 3436 1181 3503 ceteris
1201 3437 1428 3527 spiritualibus
1503 3507 1505 3526 .

278 3546 454 3620 altstiuere;
475 3552 506 3609 et
521 3543 548 3608 si
569 3542 704 3609 clericus
723 3543 776 3627 sit,
802 3553 832 3609 et
856 3543 967 3609 divina
989 3544 1143 3633 mysteria
1163 3543 1314 3629 celebret,
1339 3545 1429 3610 irre-
1503 3591 1505 3634 ξ

279 3652 481 3741 galeritatem
505 3650 651 3715 incurrit.
680 3648 761 3715 Nam
786 3648 1008 3716 ecclesiastice
1030 3671 1177 3717 censurae
1201 3651 1428 3717 executionem

279 3756 446 3828 sententia
475 3776 583 3821 secum
615 3753 772 3838 trahunt,
801 3763 833 3820 et
860 3753 968 3820 statim
996 3776 1034 3821 ec
1063 3756 1138 3821 latae
1172 3764 1250 3822 sunt
1282 3758 1428 3824 animem

280 3869 393 3957 ligant.

323 3974 472 4041 Diximus
486 3970 557 4036 dari
572 3992 590 4036 e
606 3977 717 4035 eontra
734 3968 984 4060 appellationem
1006 3970 1134 4037 edictis
1153 3970 1301 4037 censuris
1318 3973 1428 4063 quoad
1503 3973 1505 3997 ¹

281 4083 425 4172 effectum
441 4076 687 4157 deuolutivum,·
700 4075 733 4141 id
747 4086 807 4161 est,
823 4078 980 4167 appellari
996 4099 1089 4168 posse
1103 4078 1144 4143 ad
1158 4078 1374 4167 superiorem,
1392 4090 1428 4146 ut
1503 4073 1505 4078 ’

281 4189 308 4255 is
320 4190 359 4255 de
372 4186 497 4279 justitie
507 4206 653 4251 censurat
667 4184 738 4251 tata
753 4195 941 4273 cognoscat3
953 4193 986 4253 et
999 4206 1058 4275 per
1065 4184 1163 4251 talem
1174 4184 1426 4277 appellationem
