<?xml version="1.0" encoding="UTF-8"?>
<!DOCTYPE html PUBLIC "-//W3C//DTD XHTML 1.0 Transitional//EN"
    "http://www.w3.org/TR/xhtml1/DTD/xhtml1-transitional.dtd">
<html xmlns="http://www.w3.org/1999/xhtml" xml:lang="en" lang="en">
 <head>
  <title>
</title>
<meta http-equiv="Content-Type" content="text/html;charset=utf-8" />
  <meta name='ocr-system' content='tesseract 3.04.00' />
  <meta name='ocr-capabilities' content='ocr_page ocr_carea ocr_par ocr_line ocrx_word'/>
</head>
<body>
  <div class='ocr_page' id='page_1' title='image "./tractatusdejudi00goog_0391.png"; bbox 0 0 3050 4984; ppageno 0'>
   <div class='ocr_carea' id='block_1_1' title="bbox 535 482 1223 549">
    <p class='ocr_par' dir='ltr' id='par_1_1' title="bbox 535 482 1223 549">
     <span class='ocr_line' id='line_1_1' title="bbox 535 482 1223 549; baseline 0.001 -1"><span class='ocrx_word' id='word_1_1' title='bbox 535 501 609 549; x_wconf 76' lang='lat' dir='ltr'><strong>rins</strong></span> <span class='ocrx_word' id='word_1_2' title='bbox 632 502 776 549; x_wconf 74' lang='lat' dir='ltr'><strong>secunus.</strong></span> <span class='ocrx_word' id='word_1_3' title='bbox 1163 482 1223 549; x_wconf 77' lang='lat'><strong>³83</strong></span> 
     </span>
    </p>
   </div>
   <div class='ocr_carea' id='block_1_2' title="bbox 83 620 1228 4350">
    <p class='ocr_par' dir='ltr' id='par_1_2' title="bbox 85 620 1227 1032">
     <span class='ocr_line' id='line_1_2' title="bbox 85 620 1224 717; baseline 0.002 -26"><span class='ocrx_word' id='word_1_4' title='bbox 85 642 155 691; x_wconf 84' lang='lat' dir='ltr'><strong>sese</strong></span> <span class='ocrx_word' id='word_1_5' title='bbox 168 620 355 693; x_wconf 83' lang='lat' dir='ltr'><strong>defendere.</strong></span> <span class='ocrx_word' id='word_1_6' title='bbox 382 624 491 717; x_wconf 82' lang='lat' dir='ltr'><strong>Atque</strong></span> <span class='ocrx_word' id='word_1_7' title='bbox 506 623 637 693; x_wconf 86' lang='lat' dir='ltr'><strong>&#39;iterum</strong></span> <span class='ocrx_word' id='word_1_8' title='bbox 652 622 745 691; x_wconf 84' lang='lat' dir='ltr'><strong>citeri</strong></span> <span class='ocrx_word' id='word_1_9' title='bbox 760 621 855 691; x_wconf 85' lang='lat' dir='ltr'><strong>debet</strong></span> <span class='ocrx_word' id='word_1_10' title='bbox 881 642 955 691; x_wconf 88' lang='lat' dir='ltr'><strong>reus</strong></span> <span class='ocrx_word' id='word_1_11' title='bbox 974 622 1015 691; x_wconf 88' lang='lat' dir='ltr'><strong>ed</strong></span> <span class='ocrx_word' id='word_1_12' title='bbox 1029 622 1224 693; x_wconf 83' lang='lat' dir='ltr'><strong>audiendam</strong></span> 
     </span>
     <span class='ocr_line' id='line_1_3' title="bbox 85 729 1227 823; baseline 0.002 -26"><span class='ocrx_word' id='word_1_13' title='bbox 85 731 289 799; x_wconf 79' lang='lat' dir='ltr'><strong>sententiam.</strong></span> <span class='ocrx_word' id='word_1_14' title='bbox 306 729 507 823; x_wconf 87' lang='lat' dir='ltr'><strong>Omissieque</strong></span> <span class='ocrx_word' id='word_1_15' title='bbox 526 730 687 822; x_wconf 87' lang='lat' dir='ltr'><strong>ejusmodi</strong></span> <span class='ocrx_word' id='word_1_16' title='bbox 702 729 922 816; x_wconf 72' lang='lat' dir='ltr'><strong>citationibus,</strong></span> <span class='ocrx_word' id='word_1_17' title='bbox 938 752 1105 821; x_wconf 74' lang='lat' dir='ltr'>processus</span> <span class='ocrx_word' id='word_1_18' title='bbox 1127 732 1227 799; x_wconf 86' lang='lat' dir='ltr'><strong>nulii-</strong></span> 
     </span>
     <span class='ocr_line' id='line_1_4' title="bbox 85 834 1225 927; baseline 0.004 -25"><span class='ocrx_word' id='word_1_19' title='bbox 85 843 149 903; x_wconf 84' lang='lat' dir='ltr'><strong>tatc</strong></span> <span class='ocrx_word' id='word_1_20' title='bbox 176 836 349 906; x_wconf 74' lang='lat' dir='ltr'><strong>laboraret.</strong></span> <span class='ocrx_word' id='word_1_21' title='bbox 381 837 478 927; x_wconf 86' lang='lat' dir='ltr'><strong>(Vide</strong></span> <span class='ocrx_word' id='word_1_22' title='bbox 502 836 714 921; x_wconf 66' lang='lat' dir='ltr'><strong>moenium,</strong></span> <span class='ocrx_word' id='word_1_23' title='bbox 738 834 773 903; x_wconf 93' lang='lat' dir='ltr'><strong>in</strong></span> <span class='ocrx_word' id='word_1_24' title='bbox 798 836 847 903; x_wconf 85' lang='lat' dir='ltr'><strong>tit.</strong></span> <span class='ocrx_word' id='word_1_25' title='bbox 879 838 910 921; x_wconf 89' lang='lat'><strong>7,</strong></span> <span class='ocrx_word' id='word_1_26' title='bbox 935 835 1011 904; x_wconf 87' lang='lat' dir='ltr'><strong>libri</strong></span> <span class='ocrx_word' id='word_1_27' title='bbox 1040 841 1058 903; x_wconf 78' lang='lat'>5</span> <span class='ocrx_word' id='word_1_28' title='bbox 1085 838 1225 925; x_wconf 85' lang='lat' dir='ltr'><strong>Decret,</strong></span> 
     </span>
     <span class='ocr_line' id='line_1_5' title="bbox 86 946 311 1032; baseline 0 -21"><span class='ocrx_word' id='word_1_29' title='bbox 86 951 203 1031; x_wconf 81' lang='lat' dir='ltr'><strong>quaest.</strong></span> <span class='ocrx_word' id='word_1_30' title='bbox 223 946 311 1032; x_wconf 84' lang='grc'><strong>188.)</strong></span> 
     </span>
    </p>

    <p class='ocr_par' dir='ltr' id='par_1_3' title="bbox 86 1048 1228 1355">
     <span class='ocr_line' id='line_1_6' title="bbox 128 1048 1228 1141; baseline 0.003 -25"><span class='ocrx_word' id='word_1_31' title='bbox 128 1053 164 1116; x_wconf 76' lang='lat'><strong>2·</strong></span> <span class='ocrx_word' id='word_1_32' title='bbox 178 1048 304 1118; x_wconf 73' lang='lat' dir='ltr'><strong>Pariter</strong></span> <span class='ocrx_word' id='word_1_33' title='bbox 317 1059 355 1119; x_wconf 87' lang='lat' dir='ltr'><strong>ut</strong></span> <span class='ocrx_word' id='word_1_34' title='bbox 379 1052 478 1141; x_wconf 83' lang='lat' dir='ltr'><strong>possit</strong></span> <span class='ocrx_word' id='word_1_35' title='bbox 502 1050 714 1119; x_wconf 73' lang='lat' dir='ltr'><strong>condemnari</strong></span> <span class='ocrx_word' id='word_1_36' title='bbox 730 1070 818 1134; x_wconf 84' lang='lat' dir='ltr'><strong>reus,</strong></span> <span class='ocrx_word' id='word_1_37' title='bbox 837 1049 1016 1139; x_wconf 78' lang='lat' dir='ltr'><strong>requiritur</strong></span> <span class='ocrx_word' id='word_1_38' title='bbox 1032 1049 1134 1140; x_wconf 84' lang='lat' dir='ltr'><strong>plena</strong></span> <span class='ocrx_word' id='word_1_39' title='bbox 1142 1073 1228 1141; x_wconf 83' lang='lat' dir='ltr'><strong>pro·</strong></span> 
     </span>
     <span class='ocr_line' id='line_1_7' title="bbox 86 1154 1228 1249; baseline 0.003 -25"><span class='ocrx_word' id='word_1_40' title='bbox 86 1156 195 1238; x_wconf 62' lang='lat' dir='ltr'><strong>batim</strong></span> <span class='ocrx_word' id='word_1_41' title='bbox 211 1180 315 1248; x_wconf 89' lang='lat' dir='ltr'><strong>neque</strong></span> <span class='ocrx_word' id='word_1_42' title='bbox 329 1156 437 1249; x_wconf 77' lang='lat' dir='ltr'><strong>quood</strong></span> <span class='ocrx_word' id='word_1_43' title='bbox 453 1158 514 1227; x_wconf 90' lang='lat' dir='ltr'><strong>hoc</strong></span> <span class='ocrx_word' id='word_1_44' title='bbox 523 1156 703 1249; x_wconf 88' lang='lat' dir='ltr'><strong>quidquam</strong></span> <span class='ocrx_word' id='word_1_45' title='bbox 716 1155 911 1247; x_wconf 79' lang='lat' dir='ltr'><strong>particulare</strong></span> <span class='ocrx_word' id='word_1_46' title='bbox 920 1154 1040 1225; x_wconf 83' lang='lat' dir='ltr'><strong>hebent</strong></span> <span class='ocrx_word' id='word_1_47' title='bbox 1050 1156 1228 1227; x_wconf 83' lang='lat' dir='ltr'><strong>tribunalia</strong></span> 
     </span>
     <span class='ocr_line' id='line_1_8' title="bbox 86 1263 929 1355; baseline -0.001 -24"><span class='ocrx_word' id='word_1_48' title='bbox 86 1264 189 1333; x_wconf 83' lang='lat' dir='ltr'><strong>sancti</strong></span> <span class='ocrx_word' id='word_1_49' title='bbox 205 1264 317 1333; x_wconf 88' lang='lat' dir='ltr'><strong>officii.</strong></span> <span class='ocrx_word' id='word_1_50' title='bbox 337 1265 434 1355; x_wconf 85' lang='lat' dir='ltr'><strong>(Vide</strong></span> <span class='ocrx_word' id='word_1_51' title='bbox 449 1265 661 1351; x_wconf 77' lang='lat' dir='ltr'><strong>leurenium,</strong></span> <span class='ocrx_word' id='word_1_52' title='bbox 677 1264 774 1349; x_wconf 90' lang='lat' dir='ltr'><strong>ibid.‚</strong></span> <span class='ocrx_word' id='word_1_53' title='bbox 789 1287 823 1355; x_wconf 88' lang='lat' dir='ltr'><strong>q.</strong></span> <span class='ocrx_word' id='word_1_54' title='bbox 840 1263 929 1352; x_wconf 80' lang='lat'><strong>189.)</strong></span> 
     </span>
    </p>

    <p class='ocr_par' dir='ltr' id='par_1_4' title="bbox 83 1368 1227 3172">
     <span class='ocr_line' id='line_1_9' title="bbox 132 1368 1227 1465; baseline 0.005 -30"><span class='ocrx_word' id='word_1_55' title='bbox 132 1396 151 1435; x_wconf 76' lang='lat' dir='ltr'><strong>c</strong></span> <span class='ocrx_word' id='word_1_56' title='bbox 168 1374 202 1437; x_wconf 76' lang='grc' dir='ltr'><strong>3ο</strong></span> <span class='ocrx_word' id='word_1_57' title='bbox 230 1372 360 1440; x_wconf 79' lang='lat' dir='ltr'><strong>Nemini</strong></span> <span class='ocrx_word' id='word_1_58' title='bbox 374 1380 560 1463; x_wconf 85' lang='lat' dir='ltr'><strong>potestesse</strong></span> <span class='ocrx_word' id='word_1_59' title='bbox 575 1370 713 1439; x_wconf 88' lang='lat' dir='ltr'><strong>dubium</strong></span> <span class='ocrx_word' id='word_1_60' title='bbox 729 1368 945 1456; x_wconf 86' lang='lat' dir='ltr'><strong>defensiones,</strong></span> <span class='ocrx_word' id='word_1_61' title='bbox 960 1372 1227 1465; x_wconf 87' lang='lat' dir='ltr'><strong>exceptionesque</strong></span> 
     </span>
     <span class='ocr_line' id='line_1_10' title="bbox 87 1474 1226 1569; baseline 0.002 -28"><span class='ocrx_word' id='word_1_62' title='bbox 87 1502 105 1541; x_wconf 74' lang='lat' dir='ltr'><strong>c</strong></span> <span class='ocrx_word' id='word_1_63' title='bbox 128 1475 306 1565; x_wconf 82' lang='lat' dir='ltr'><strong>legitimos,</strong></span> <span class='ocrx_word' id='word_1_64' title='bbox 321 1486 354 1545; x_wconf 88' lang='lat' dir='ltr'><strong>et</strong></span> <span class='ocrx_word' id='word_1_65' title='bbox 376 1488 509 1569; x_wconf 87' lang='lat' dir='ltr'><strong>tempus</strong></span> <span class='ocrx_word' id='word_1_66' title='bbox 522 1486 636 1567; x_wconf 88' lang='lat' dir='ltr'><strong>eptum</strong></span> <span class='ocrx_word' id='word_1_67' title='bbox 651 1475 694 1543; x_wconf 83' lang='lat' dir='ltr'><strong>ud</strong></span> <span class='ocrx_word' id='word_1_68' title='bbox 708 1474 781 1542; x_wconf 87' lang='lat' dir='ltr'><strong>illus</strong></span> <span class='ocrx_word' id='word_1_69' title='bbox 796 1474 981 1565; x_wconf 78' lang='lat' dir='ltr'><strong>probandas</strong></span> <span class='ocrx_word' id='word_1_70' title='bbox 994 1498 1062 1543; x_wconf 89' lang='lat' dir='ltr'><strong>esse</strong></span> <span class='ocrx_word' id='word_1_71' title='bbox 1078 1496 1134 1544; x_wconf 85' lang='lat' dir='ltr'><strong>reo</strong></span> <span class='ocrx_word' id='word_1_72' title='bbox 1149 1498 1226 1545; x_wconf 91' lang='lat' dir='ltr'><strong>con-</strong></span> 
     </span>
     <span class='ocr_line' id='line_1_11' title="bbox 89 1580 1226 1674; baseline 0.003 -28"><span class='ocrx_word' id='word_1_73' title='bbox 89 1608 106 1646; x_wconf 78' lang='lat' dir='ltr'><strong>c</strong></span> <span class='ocrx_word' id='word_1_74' title='bbox 128 1582 309 1651; x_wconf 84' lang='lat' dir='ltr'><strong>cedendum</strong></span> <span class='ocrx_word' id='word_1_75' title='bbox 323 1610 332 1661; x_wconf 86' lang='lat'><strong>;</strong></span> <span class='ocrx_word' id='word_1_76' title='bbox 347 1584 427 1674; x_wconf 89' lang='lat' dir='ltr'><strong>quia</strong></span> <span class='ocrx_word' id='word_1_77' title='bbox 438 1583 514 1673; x_wconf 87' lang='lat' dir='ltr'><strong>jure</strong></span> <span class='ocrx_word' id='word_1_78' title='bbox 525 1582 665 1649; x_wconf 84' lang='lat' dir='ltr'><strong>netureli</strong></span> <span class='ocrx_word' id='word_1_79' title='bbox 680 1580 815 1649; x_wconf 90' lang='lat' dir='ltr'><strong>debetur</strong></span> <span class='ocrx_word' id='word_1_80' title='bbox 832 1607 840 1647; x_wconf 79' lang='grc' dir='ltr'><strong>ι</strong></span> <span class='ocrx_word' id='word_1_81' title='bbox 856 1580 1066 1671; x_wconf 81' lang='lat' dir='ltr'><strong>colligiturex</strong></span> <span class='ocrx_word' id='word_1_82' title='bbox 1075 1581 1226 1650; x_wconf 87' lang='lat' dir='ltr'><strong>Clemen-</strong></span> 
     </span>
     <span class='ocr_line' id='line_1_12' title="bbox 88 1686 1226 1781; baseline 0.002 -26"><span class='ocrx_word' id='word_1_83' title='bbox 88 1716 106 1755; x_wconf 68' lang='grc' dir='ltr'><strong>ι(</strong></span> <span class='ocrx_word' id='word_1_84' title='bbox 129 1690 198 1757; x_wconf 88' lang='lat' dir='ltr'><strong>tine</strong></span> <span class='ocrx_word' id='word_1_85' title='bbox 211 1690 393 1759; x_wconf 83' lang='lat' dir='ltr'><strong>Pastorulis</strong></span> <span class='ocrx_word' id='word_1_86' title='bbox 418 1689 472 1781; x_wconf 84' lang='lat' dir='ltr'><strong>(de</strong></span> <span class='ocrx_word' id='word_1_87' title='bbox 486 1688 654 1757; x_wconf 81' lang='lat' dir='ltr'><strong><em>Sententia</em></strong></span> <span class='ocrx_word' id='word_1_88' title='bbox 679 1701 710 1756; x_wconf 81' lang='lat' dir='ltr'><strong>et</strong></span> <span class='ocrx_word' id='word_1_89' title='bbox 725 1711 761 1756; x_wconf 86' lang='lat' dir='ltr'><strong>re</strong></span> <span class='ocrx_word' id='word_1_90' title='bbox 780 1686 890 1779; x_wconf 74' lang='lat' dir='ltr'><strong>jud),</strong></span> <span class='ocrx_word' id='word_1_91' title='bbox 908 1688 1110 1757; x_wconf 87' lang='lat' dir='ltr'><strong>Clementiue</strong></span> <span class='ocrx_word' id='word_1_92' title='bbox 1131 1692 1226 1781; x_wconf 70' lang='lat' dir='ltr'><strong>Saepe</strong></span> 
     </span>
     <span class='ocr_line' id='line_1_13' title="bbox 88 1793 1221 1888; baseline 0.002 -27"><span class='ocrx_word' id='word_1_93' title='bbox 88 1823 106 1861; x_wconf 78' lang='grc' dir='ltr'>ι</span> <span class='ocrx_word' id='word_1_94' title='bbox 133 1796 185 1887; x_wconf 84' lang='lat' dir='ltr'><strong>(dc</strong></span> <span class='ocrx_word' id='word_1_95' title='bbox 200 1797 375 1865; x_wconf 81' lang='lat' dir='ltr'><strong>Verborum</strong></span> <span class='ocrx_word' id='word_1_96' title='bbox 389 1796 527 1888; x_wconf 62' lang='lat' dir='ltr'><strong>siqreifi),</strong></span> <span class='ocrx_word' id='word_1_97' title='bbox 544 1804 576 1862; x_wconf 87' lang='lat' dir='ltr'><strong>et</strong></span> <span class='ocrx_word' id='word_1_98' title='bbox 588 1796 660 1884; x_wconf 82' lang='lat' dir='ltr'><strong>lege</strong></span> <span class='ocrx_word' id='word_1_99' title='bbox 675 1796 718 1863; x_wconf 84' lang='lat' dir='ltr'><strong>Ut</strong></span> <span class='ocrx_word' id='word_1_100' title='bbox 730 1796 798 1863; x_wconf 82' lang='lat' dir='ltr'><strong>cim</strong></span> <span class='ocrx_word' id='word_1_101' title='bbox 811 1795 857 1885; x_wconf 69' lang='lat' dir='ltr'><strong>(ff.</strong></span> <span class='ocrx_word' id='word_1_102' title='bbox 873 1793 912 1863; x_wconf 84' lang='lat' dir='ltr'><strong>de</strong></span> <span class='ocrx_word' id='word_1_103' title='bbox 921 1796 1058 1863; x_wconf 79' lang='lat' dir='ltr'><strong>lustitia</strong></span> <span class='ocrx_word' id='word_1_104' title='bbox 1076 1808 1106 1863; x_wconf 89' lang='lat' dir='ltr'><strong>ct</strong></span> <span class='ocrx_word' id='word_1_105' title='bbox 1119 1798 1221 1885; x_wconf 75' lang='lat' dir='ltr'><strong>lure).</strong></span> 
     </span>
     <span class='ocr_line' id='line_1_14' title="bbox 87 1901 1225 1994; baseline 0.002 -25"><span class='ocrx_word' id='word_1_106' title='bbox 87 1931 106 1969; x_wconf 73' lang='lat' dir='ltr'><strong>a</strong></span> <span class='ocrx_word' id='word_1_107' title='bbox 129 1904 224 1987; x_wconf 81' lang='lat' dir='ltr'><strong>Quod</strong></span> <span class='ocrx_word' id='word_1_108' title='bbox 240 1903 320 1973; x_wconf 83' lang='lat' dir='ltr'><strong>adeo</strong></span> <span class='ocrx_word' id='word_1_109' title='bbox 335 1926 450 1972; x_wconf 88' lang='lat' dir='ltr'><strong>verum</strong></span> <span class='ocrx_word' id='word_1_110' title='bbox 465 1912 524 1986; x_wconf 84' lang='lat' dir='ltr'><strong>eet,</strong></span> <span class='ocrx_word' id='word_1_111' title='bbox 542 1910 579 1970; x_wconf 92' lang='lat' dir='ltr'><strong>ut</strong></span> <span class='ocrx_word' id='word_1_112' title='bbox 592 1924 647 1969; x_wconf 87' lang='lat' dir='ltr'><strong>reo</strong></span> <span class='ocrx_word' id='word_1_113' title='bbox 660 1924 727 1969; x_wconf 93' lang='lat' dir='ltr'><strong>non</strong></span> <span class='ocrx_word' id='word_1_114' title='bbox 741 1903 862 1992; x_wconf 85' lang='lat' dir='ltr'><strong>petenti</strong></span> <span class='ocrx_word' id='word_1_115' title='bbox 877 1901 1014 1971; x_wconf 86' lang='lat' dir='ltr'><strong>debeant</strong></span> <span class='ocrx_word' id='word_1_116' title='bbox 1031 1902 1225 1994; x_wconf 73' lang='lat' dir='ltr'><strong>supradicte</strong></span> 
     </span>
     <span class='ocr_line' id='line_1_15' title="bbox 88 2007 1225 2099; baseline 0.004 -25"><span class='ocrx_word' id='word_1_117' title='bbox 88 2036 106 2074; x_wconf 77' lang='lat' dir='ltr'><strong>c</strong></span> <span class='ocrx_word' id='word_1_118' title='bbox 129 2009 333 2079; x_wconf 85' lang='lat' dir='ltr'><strong>defensiones</strong></span> <span class='ocrx_word' id='word_1_119' title='bbox 346 2033 389 2079; x_wconf 82' lang='lat' dir='ltr'><strong>ex</strong></span> <span class='ocrx_word' id='word_1_120' title='bbox 403 2008 510 2078; x_wconf 91' lang='lat' dir='ltr'><strong>officio</strong></span> <span class='ocrx_word' id='word_1_121' title='bbox 520 2007 642 2099; x_wconf 85' lang='lat' dir='ltr'><strong>judicis</strong></span> <span class='ocrx_word' id='word_1_122' title='bbox 656 2007 830 2075; x_wconf 88' lang='lat' dir='ltr'><strong>concedi...</strong></span> <span class='ocrx_word' id='word_1_123' title='bbox 850 2008 933 2075; x_wconf 79' lang='lat' dir='ltr'><strong>Nem</strong></span> <span class='ocrx_word' id='word_1_124' title='bbox 945 2008 1049 2099; x_wconf 84' lang='lat' dir='ltr'><strong>judex</strong></span> <span class='ocrx_word' id='word_1_125' title='bbox 1063 2032 1103 2077; x_wconf 88' lang='lat' dir='ltr'><strong>ex</strong></span> <span class='ocrx_word' id='word_1_126' title='bbox 1120 2009 1225 2078; x_wconf 89' lang='lat' dir='ltr'><strong>officio</strong></span> 
     </span>
     <span class='ocr_line' id='line_1_16' title="bbox 88 2114 1225 2206; baseline 0.002 -23"><span class='ocrx_word' id='word_1_127' title='bbox 88 2146 106 2183; x_wconf 74' lang='grc' dir='ltr'><em>α</em></span> <span class='ocrx_word' id='word_1_128' title='bbox 130 2127 257 2188; x_wconf 84' lang='lat' dir='ltr'><strong>tenetur</strong></span> <span class='ocrx_word' id='word_1_129' title='bbox 271 2140 328 2187; x_wconf 87' lang='lat' dir='ltr'><strong>reo</strong></span> <span class='ocrx_word' id='word_1_130' title='bbox 342 2116 545 2187; x_wconf 83' lang='lat' dir='ltr'><strong>defensiones</strong></span> <span class='ocrx_word' id='word_1_131' title='bbox 560 2136 721 2206; x_wconf 74' lang='lat' dir='ltr'><strong>querere,</strong></span> <span class='ocrx_word' id='word_1_132' title='bbox 742 2114 881 2205; x_wconf 88' lang='lat' dir='ltr'><strong>eoquod</strong></span> <span class='ocrx_word' id='word_1_133' title='bbox 897 2124 1043 2184; x_wconf 79' lang='lat' dir='ltr'><strong>tenentur</strong></span> <span class='ocrx_word' id='word_1_134' title='bbox 1058 2117 1225 2185; x_wconf 88' lang='lat' dir='ltr'><strong>veritatem</strong></span> 
     </span>
     <span class='ocr_line' id='line_1_17' title="bbox 87 2221 1222 2315; baseline 0.003 -27"><span class='ocrx_word' id='word_1_135' title='bbox 87 2252 106 2288; x_wconf 77' lang='grc' dir='ltr'><strong>α</strong></span> <span class='ocrx_word' id='word_1_136' title='bbox 128 2225 345 2315; x_wconf 76' lang='lat' dir='ltr'><strong>investigarc5</strong></span> <span class='ocrx_word' id='word_1_137' title='bbox 360 2223 417 2291; x_wconf 82' lang='lat' dir='ltr'><strong>sed</strong></span> <span class='ocrx_word' id='word_1_138' title='bbox 431 2224 523 2291; x_wconf 87' lang='lat' dir='ltr'><strong>nulla</strong></span> <span class='ocrx_word' id='word_1_139' title='bbox 534 2223 602 2289; x_wconf 82' lang='lat' dir='ltr'><strong>alie</strong></span> <span class='ocrx_word' id='word_1_140' title='bbox 615 2222 670 2289; x_wconf 84' lang='lat' dir='ltr'><strong>vie</strong></span> <span class='ocrx_word' id='word_1_141' title='bbox 684 2221 794 2312; x_wconf 86' lang='lat' dir='ltr'><strong>aptior</strong></span> <span class='ocrx_word' id='word_1_142' title='bbox 807 2221 848 2289; x_wconf 83' lang='lat' dir='ltr'><strong>ed</strong></span> <span class='ocrx_word' id='word_1_143' title='bbox 866 2222 1035 2290; x_wconf 77' lang='lat' dir='ltr'><strong>veritatem</strong></span> <span class='ocrx_word' id='word_1_144' title='bbox 1050 2223 1222 2292; x_wconf 88' lang='lat' dir='ltr'><strong>enucleen-</strong></span> 
     </span>
     <span class='ocr_line' id='line_1_18' title="bbox 88 2327 1221 2422; baseline 0.004 -27"><span class='ocrx_word' id='word_1_145' title='bbox 88 2358 106 2395; x_wconf 69' lang='grc' dir='ltr'><strong>α</strong></span> <span class='ocrx_word' id='word_1_146' title='bbox 129 2332 206 2399; x_wconf 88' lang='lat' dir='ltr'><strong>dem</strong></span> <span class='ocrx_word' id='word_1_147' title='bbox 220 2354 288 2399; x_wconf 84' lang='lat' dir='ltr'><strong>esee</strong></span> <span class='ocrx_word' id='word_1_148' title='bbox 298 2339 403 2422; x_wconf 87' lang='lat' dir='ltr'><strong>potest</strong></span> <span class='ocrx_word' id='word_1_149' title='bbox 417 2351 517 2421; x_wconf 88' lang='lat' dir='ltr'><strong>quem</strong></span> <span class='ocrx_word' id='word_1_150' title='bbox 527 2328 689 2397; x_wconf 86' lang='lat' dir='ltr'><strong>concessio</strong></span> <span class='ocrx_word' id='word_1_151' title='bbox 698 2327 927 2396; x_wconf 81' lang='lat' dir='ltr'><strong>defensionum</strong></span> <span class='ocrx_word' id='word_1_152' title='bbox 938 2327 1012 2418; x_wconf 87' lang='lat' dir='ltr'><strong>jure</strong></span> <span class='ocrx_word' id='word_1_153' title='bbox 1023 2330 1221 2417; x_wconf 75' lang='lat' dir='ltr'><strong>debiturum,</strong></span> 
     </span>
     <span class='ocr_line' id='line_1_19' title="bbox 88 2437 1223 2530; baseline 0.002 -26"><span class='ocrx_word' id='word_1_154' title='bbox 88 2462 219 2529; x_wconf 78' lang='lat' dir='ltr'><strong>«ergo.</strong></span> <span class='ocrx_word' id='word_1_155' title='bbox 250 2464 267 2503; x_wconf 73' lang='lat' dir='ltr'><strong>s</strong></span> <span class='ocrx_word' id='word_1_156' title='bbox 298 2437 530 2530; x_wconf 83' lang='lat' dir='ltr'><strong>(Cestropelao,</strong></span> <span class='ocrx_word' id='word_1_157' title='bbox 548 2444 639 2527; x_wconf 86' lang='lat' dir='ltr'><strong>purte</strong></span> <span class='ocrx_word' id='word_1_158' title='bbox 667 2439 697 2520; x_wconf 84' lang='lat'><strong>1,</strong></span> <span class='ocrx_word' id='word_1_159' title='bbox 716 2444 854 2503; x_wconf 83' lang='lat' dir='ltr'><strong>tractatu</strong></span> <span class='ocrx_word' id='word_1_160' title='bbox 880 2440 912 2523; x_wconf 80' lang='lat'><strong>4,</strong></span> <span class='ocrx_word' id='word_1_161' title='bbox 930 2444 1049 2526; x_wconf 87' lang='lat' dir='ltr'><strong>puncto</strong></span> <span class='ocrx_word' id='word_1_162' title='bbox 1077 2438 1123 2527; x_wconf 82' lang='lat' dir='ltr'><strong>e.)</strong></span> <span class='ocrx_word' id='word_1_163' title='bbox 1143 2438 1223 2506; x_wconf 83' lang='lat' dir='ltr'><strong>Haec</strong></span> 
     </span>
     <span class='ocr_line' id='line_1_20' title="bbox 84 2542 1223 2638; baseline -0.002 -24"><span class='ocrx_word' id='word_1_164' title='bbox 84 2555 241 2638; x_wconf 84' lang='lat' dir='ltr'><strong>perpetue</strong></span> <span class='ocrx_word' id='word_1_165' title='bbox 264 2547 328 2614; x_wconf 85' lang='lat' dir='ltr'><strong>tuit</strong></span> <span class='ocrx_word' id='word_1_166' title='bbox 350 2554 447 2637; x_wconf 89' lang='lat' dir='ltr'><strong>etque</strong></span> <span class='ocrx_word' id='word_1_167' title='bbox 462 2544 627 2611; x_wconf 79' lang='lat' dir='ltr'><strong>unanimis</strong></span> <span class='ocrx_word' id='word_1_168' title='bbox 641 2542 812 2610; x_wconf 88' lang='lat' dir='ltr'><strong>doctorum</strong></span> <span class='ocrx_word' id='word_1_169' title='bbox 840 2544 1015 2630; x_wconf 85' lang='lat' dir='ltr'><strong>sententia3</strong></span> <span class='ocrx_word' id='word_1_170' title='bbox 1034 2544 1121 2612; x_wconf 90' lang='lat' dir='ltr'><strong>unde</strong></span> <span class='ocrx_word' id='word_1_171' title='bbox 1134 2547 1223 2636; x_wconf 94' lang='lat' dir='ltr'><strong>quod</strong></span> 
     </span>
     <span class='ocr_line' id='line_1_21' title="bbox 83 2651 1222 2742; baseline 0 -21"><span class='ocrx_word' id='word_1_172' title='bbox 83 2655 179 2721; x_wconf 86' lang='lat' dir='ltr'><strong>toties</strong></span> <span class='ocrx_word' id='word_1_173' title='bbox 190 2654 225 2720; x_wconf 92' lang='lat' dir='ltr'><strong>in</strong></span> <span class='ocrx_word' id='word_1_174' title='bbox 238 2653 490 2721; x_wconf 84' lang='lat' dir='ltr'><strong>acatholicorum</strong></span> <span class='ocrx_word' id='word_1_175' title='bbox 500 2652 631 2742; x_wconf 89' lang='lat' dir='ltr'><strong>scriptis</strong></span> <span class='ocrx_word' id='word_1_176' title='bbox 641 2660 842 2719; x_wconf 79' lang='lat' dir='ltr'><strong>recantatum</strong></span> <span class='ocrx_word' id='word_1_177' title='bbox 857 2651 1007 2736; x_wconf 87' lang='lat' dir='ltr'><strong>occurrit,</strong></span> <span class='ocrx_word' id='word_1_178' title='bbox 1022 2651 1108 2742; x_wconf 91' lang='lat' dir='ltr'><strong>epud</strong></span> <span class='ocrx_word' id='word_1_179' title='bbox 1122 2655 1222 2721; x_wconf 83' lang='lat' dir='ltr'><strong>sancti</strong></span> 
     </span>
     <span class='ocr_line' id='line_1_22' title="bbox 83 2755 1220 2843; baseline 0 -15"><span class='ocrx_word' id='word_1_180' title='bbox 83 2760 182 2828; x_wconf 90' lang='lat' dir='ltr'><strong>officii</strong></span> <span class='ocrx_word' id='word_1_181' title='bbox 197 2760 374 2828; x_wconf 84' lang='lat' dir='ltr'><strong>tribunatio</strong></span> <span class='ocrx_word' id='word_1_182' title='bbox 396 2781 463 2827; x_wconf 93' lang='lat' dir='ltr'><strong>non</strong></span> <span class='ocrx_word' id='word_1_183' title='bbox 485 2755 617 2827; x_wconf 86' lang='lat' dir='ltr'><strong>concedi</strong></span> <span class='ocrx_word' id='word_1_184' title='bbox 643 2779 700 2825; x_wconf 84' lang='lat' dir='ltr'><strong>reo</strong></span> <span class='ocrx_word' id='word_1_185' title='bbox 730 2779 799 2825; x_wconf 85' lang='lat' dir='ltr'><strong>sese</strong></span> <span class='ocrx_word' id='word_1_186' title='bbox 814 2755 1008 2825; x_wconf 85' lang='lat' dir='ltr'><strong>defendendi</strong></span> <span class='ocrx_word' id='word_1_187' title='bbox 1023 2758 1220 2843; x_wconf 80' lang='lat' dir='ltr'><strong>fucultatem,</strong></span> 
     </span>
     <span class='ocr_line' id='line_1_23' title="bbox 83 2863 1222 2959; baseline 0.002 -26"><span class='ocrx_word' id='word_1_188' title='bbox 83 2868 254 2957; x_wconf 79' lang='lat' dir='ltr'><strong>egregium</strong></span> <span class='ocrx_word' id='word_1_189' title='bbox 272 2866 475 2935; x_wconf 82' lang='lat' dir='ltr'><strong>mendacium</strong></span> <span class='ocrx_word' id='word_1_190' title='bbox 490 2874 583 2933; x_wconf 88' lang='lat' dir='ltr'><strong>estet</strong></span> <span class='ocrx_word' id='word_1_191' title='bbox 596 2885 685 2932; x_wconf 82' lang='lat' dir='ltr'><strong>mere</strong></span> <span class='ocrx_word' id='word_1_192' title='bbox 699 2863 873 2931; x_wconf 83' lang='lat' dir='ltr'><strong>calumnia.</strong></span> <span class='ocrx_word' id='word_1_193' title='bbox 893 2864 942 2931; x_wconf 86' lang='lat' dir='ltr'><strong>Ex</strong></span> <span class='ocrx_word' id='word_1_194' title='bbox 958 2872 1045 2933; x_wconf 90' lang='lat' dir='ltr'><strong>certo</strong></span> <span class='ocrx_word' id='word_1_195' title='bbox 1059 2865 1116 2935; x_wconf 90' lang='lat' dir='ltr'><strong>illo</strong></span> <span class='ocrx_word' id='word_1_196' title='bbox 1131 2869 1222 2959; x_wconf 91' lang='lat' dir='ltr'><strong>priu-</strong></span> 
     </span>
     <span class='ocr_line' id='line_1_24' title="bbox 84 2970 1223 3067; baseline 0.002 -23"><span class='ocrx_word' id='word_1_197' title='bbox 84 2974 169 3066; x_wconf 88' lang='lat' dir='ltr'><strong>cipio</strong></span> <span class='ocrx_word' id='word_1_198' title='bbox 184 2975 271 3067; x_wconf 92' lang='lat' dir='ltr'><strong>quod</strong></span> <span class='ocrx_word' id='word_1_199' title='bbox 293 2998 350 3043; x_wconf 90' lang='lat' dir='ltr'><strong>reo</strong></span> <span class='ocrx_word' id='word_1_200' title='bbox 372 2972 576 3041; x_wconf 84' lang='lat' dir='ltr'><strong>defensiones</strong></span> <span class='ocrx_word' id='word_1_201' title='bbox 587 2970 802 3039; x_wconf 76' lang='lat' dir='ltr'><strong>concedendae</strong></span> <span class='ocrx_word' id='word_1_202' title='bbox 830 2971 908 3058; x_wconf 87' lang='lat' dir='ltr'><strong>sint,</strong></span> <span class='ocrx_word' id='word_1_203' title='bbox 938 2973 984 3041; x_wconf 86' lang='lat' dir='ltr'><strong>sic</strong></span> <span class='ocrx_word' id='word_1_204' title='bbox 1009 2972 1138 3043; x_wconf 90' lang='lat' dir='ltr'><strong>deducit</strong></span> <span class='ocrx_word' id='word_1_205' title='bbox 1152 2976 1223 3046; x_wconf 89' lang='lat' dir='ltr'><strong>loco</strong></span> 
     </span>
     <span class='ocr_line' id='line_1_25' title="bbox 84 3081 502 3172; baseline -0.007 -22"><span class='ocrx_word' id='word_1_206' title='bbox 84 3081 181 3150; x_wconf 87' lang='lat' dir='ltr'><strong>citato</strong></span> <span class='ocrx_word' id='word_1_207' title='bbox 194 3082 350 3172; x_wconf 63' lang='lat' dir='ltr'><strong>praefatus</strong></span> <span class='ocrx_word' id='word_1_208' title='bbox 363 3088 477 3149; x_wconf 89' lang='lat' dir='ltr'><strong>euctor</strong></span> <span class='ocrx_word' id='word_1_209' title='bbox 494 3106 502 3147; x_wconf 76' lang='grc' dir='ltr'><strong><em>ε</em></strong></span> 
     </span>
    </p>

    <p class='ocr_par' dir='ltr' id='par_1_5' title="bbox 87 3184 1222 3685">
     <span class='ocr_line' id='line_1_26' title="bbox 131 3184 1222 3280; baseline 0.005 -25"><span class='ocrx_word' id='word_1_210' title='bbox 131 3214 149 3255; x_wconf 74' lang='lat' dir='ltr'><strong>c</strong></span> <span class='ocrx_word' id='word_1_211' title='bbox 166 3187 216 3255; x_wconf 82' lang='lat' dir='ltr'><strong>Ex</strong></span> <span class='ocrx_word' id='word_1_212' title='bbox 243 3188 294 3255; x_wconf 89' lang='lat' dir='ltr'><strong>his</strong></span> <span class='ocrx_word' id='word_1_213' title='bbox 309 3186 346 3255; x_wconf 80' lang='lat' dir='ltr'><strong>fit</strong></span> <span class='ocrx_word' id='word_1_214' title='bbox 360 3188 479 3279; x_wconf 92' lang='lat' dir='ltr'><strong>primo,</strong></span> <span class='ocrx_word' id='word_1_215' title='bbox 497 3184 734 3255; x_wconf 85' lang='lat' dir='ltr'><strong>concedendam</strong></span> <span class='ocrx_word' id='word_1_216' title='bbox 759 3206 828 3253; x_wconf 88' lang='lat' dir='ltr'><strong>esse</strong></span> <span class='ocrx_word' id='word_1_217' title='bbox 842 3185 1037 3255; x_wconf 87' lang='lat' dir='ltr'><strong>indiciorum</strong></span> <span class='ocrx_word' id='word_1_218' title='bbox 1058 3198 1090 3256; x_wconf 88' lang='lat' dir='ltr'><strong>ct</strong></span> <span class='ocrx_word' id='word_1_219' title='bbox 1104 3192 1222 3280; x_wconf 85' lang='lat' dir='ltr'><strong>probe·</strong></span> 
     </span>
     <span class='ocr_line' id='line_1_27' title="bbox 88 3291 1220 3387; baseline 0.006 -27"><span class='ocrx_word' id='word_1_220' title='bbox 88 3322 104 3360; x_wconf 75' lang='grc' dir='ltr'>ι</span> <span class='ocrx_word' id='word_1_221' title='bbox 127 3296 255 3363; x_wconf 90' lang='lat' dir='ltr'><strong>tionum</strong></span> <span class='ocrx_word' id='word_1_222' title='bbox 269 3294 513 3363; x_wconf 78' lang='lat' dir='ltr'><strong>adversantium</strong></span> <span class='ocrx_word' id='word_1_223' title='bbox 528 3292 654 3383; x_wconf 89' lang='lat' dir='ltr'><strong>copiem</strong></span> <span class='ocrx_word' id='word_1_224' title='bbox 719 3318 729 3377; x_wconf 89' lang='lat'>;</span> <span class='ocrx_word' id='word_1_225' title='bbox 746 3291 827 3359; x_wconf 81' lang='lat' dir='ltr'><strong>alies</strong></span> <span class='ocrx_word' id='word_1_226' title='bbox 851 3314 918 3361; x_wconf 91' lang='lat' dir='ltr'><strong>non</strong></span> <span class='ocrx_word' id='word_1_227' title='bbox 939 3293 1059 3361; x_wconf 76' lang='lat' dir='ltr'><strong>valebit</strong></span> <span class='ocrx_word' id='word_1_228' title='bbox 1074 3296 1172 3387; x_wconf 78' lang='lat' dir='ltr'><strong>(reus)</strong></span> <span class='ocrx_word' id='word_1_229' title='bbox 1186 3322 1220 3367; x_wconf 87' lang='lat' dir='ltr'><strong>se</strong></span> 
     </span>
     <span class='ocr_line' id='line_1_28' title="bbox 87 3397 1220 3492; baseline 0.005 -25"><span class='ocrx_word' id='word_1_230' title='bbox 87 3401 313 3486; x_wconf 73' lang='lat' dir='ltr'><strong>«defendere,</strong></span> <span class='ocrx_word' id='word_1_231' title='bbox 339 3424 416 3469; x_wconf 90' lang='lat' dir='ltr'><strong>cum</strong></span> <span class='ocrx_word' id='word_1_232' title='bbox 436 3400 598 3491; x_wconf 73' lang='lat' dir='ltr'><strong>precipue</strong></span> <span class='ocrx_word' id='word_1_233' title='bbox 620 3397 767 3465; x_wconf 84' lang='lat' dir='ltr'><strong>defensio</strong></span> <span class='ocrx_word' id='word_1_234' title='bbox 795 3398 946 3466; x_wconf 85' lang='lat' dir='ltr'><strong>consistat</strong></span> <span class='ocrx_word' id='word_1_235' title='bbox 975 3400 1011 3467; x_wconf 94' lang='lat' dir='ltr'><strong>in</strong></span> <span class='ocrx_word' id='word_1_236' title='bbox 1041 3404 1220 3492; x_wconf 75' lang='lat' dir='ltr'><strong>purgandis</strong></span> 
     </span>
     <span class='ocr_line' id='line_1_29' title="bbox 87 3503 1221 3595; baseline 0.003 -20"><span class='ocrx_word' id='word_1_237' title='bbox 87 3534 104 3575; x_wconf 74' lang='lat' dir='ltr'><strong>c</strong></span> <span class='ocrx_word' id='word_1_238' title='bbox 126 3510 299 3581; x_wconf 74' lang='lat' dir='ltr'><strong>contrariis</strong></span> <span class='ocrx_word' id='word_1_239' title='bbox 312 3506 456 3590; x_wconf 83' lang='lat' dir='ltr'><strong>indiciis,</strong></span> <span class='ocrx_word' id='word_1_240' title='bbox 477 3515 510 3573; x_wconf 89' lang='lat' dir='ltr'><strong>et</strong></span> <span class='ocrx_word' id='word_1_241' title='bbox 523 3503 779 3595; x_wconf 85' lang='lat' dir='ltr'><strong>depositionibus</strong></span> <span class='ocrx_word' id='word_1_242' title='bbox 792 3508 1031 3574; x_wconf 86' lang='lat' dir='ltr'><strong>contrariorum</strong></span> <span class='ocrx_word' id='word_1_243' title='bbox 1047 3508 1221 3578; x_wconf 82' lang='lat' dir='ltr'><strong>infirmen-</strong></span> 
     </span>
     <span class='ocr_line' id='line_1_30' title="bbox 88 3616 190 3685; baseline 0.02 -3"><span class='ocrx_word' id='word_1_244' title='bbox 88 3644 104 3682; x_wconf 74' lang='grc' dir='ltr'>ι</span> <span class='ocrx_word' id='word_1_245' title='bbox 126 3616 190 3685; x_wconf 89' lang='lat' dir='ltr'><strong>dis.</strong></span> 
     </span>
    </p>

    <p class='ocr_par' dir='ltr' id='par_1_6' title="bbox 87 3718 1220 4350">
     <span class='ocr_line' id='line_1_31' title="bbox 130 3718 1219 3812; baseline -0.013 -23"><span class='ocrx_word' id='word_1_246' title='bbox 130 3750 149 3789; x_wconf 75' lang='lat' dir='ltr'><strong>c</strong></span> <span class='ocrx_word' id='word_1_247' title='bbox 160 3722 311 3791; x_wconf 86' lang='lat' dir='ltr'><strong>Secundo</strong></span> <span class='ocrx_word' id='word_1_248' title='bbox 327 3725 375 3810; x_wconf 86' lang='lat' dir='ltr'><strong>fit,</strong></span> <span class='ocrx_word' id='word_1_249' title='bbox 392 3742 447 3789; x_wconf 88' lang='lat' dir='ltr'><strong>reo</strong></span> <span class='ocrx_word' id='word_1_250' title='bbox 467 3718 613 3787; x_wconf 80' lang='lat' dir='ltr'><strong>dandum</strong></span> <span class='ocrx_word' id='word_1_251' title='bbox 638 3739 707 3785; x_wconf 87' lang='lat' dir='ltr'><strong>esse</strong></span> <span class='ocrx_word' id='word_1_252' title='bbox 721 3718 957 3787; x_wconf 83' lang='lat' dir='ltr'><strong>advocatum...</strong></span> <span class='ocrx_word' id='word_1_253' title='bbox 974 3720 1086 3812; x_wconf 89' lang='lat' dir='ltr'><strong>Neque</strong></span> <span class='ocrx_word' id='word_1_254' title='bbox 1100 3721 1219 3793; x_wconf 83' lang='lat' dir='ltr'><strong>adver.</strong></span> 
     </span>
     <span class='ocr_line' id='line_1_32' title="bbox 87 3823 1219 3920; baseline 0.003 -23"><span class='ocrx_word' id='word_1_255' title='bbox 87 3858 104 3897; x_wconf 73' lang='lat' dir='ltr'><strong>u</strong></span> <span class='ocrx_word' id='word_1_256' title='bbox 125 3854 183 3901; x_wconf 82' lang='lat' dir='ltr'><strong>eus</strong></span> <span class='ocrx_word' id='word_1_257' title='bbox 198 3831 269 3899; x_wconf 82' lang='lat' dir='ltr'><strong>hcec</strong></span> <span class='ocrx_word' id='word_1_258' title='bbox 281 3832 386 3899; x_wconf 80' lang='lat' dir='ltr'><strong>obstet</strong></span> <span class='ocrx_word' id='word_1_259' title='bbox 395 3838 493 3920; x_wconf 88' lang='lat' dir='ltr'><strong>ceput</strong></span> <span class='ocrx_word' id='word_1_260' title='bbox 506 3826 604 3894; x_wconf 85' lang='lat' dir='ltr'><strong>finale</strong></span> <span class='ocrx_word' id='word_1_261' title='bbox 618 3823 657 3893; x_wconf 85' lang='lat' dir='ltr'><strong>de</strong></span> <span class='ocrx_word' id='word_1_262' title='bbox 671 3826 849 3907; x_wconf 72' lang='lat' dir='ltr'><strong>Hercticis,</strong></span> <span class='ocrx_word' id='word_1_263' title='bbox 868 3827 903 3893; x_wconf 90' lang='lat' dir='ltr'><strong>in</strong></span> <span class='ocrx_word' id='word_1_264' title='bbox 917 3830 934 3893; x_wconf 82' lang='grc'>6</span> <span class='ocrx_word' id='word_1_265' title='bbox 939 3876 949 3911; x_wconf 89' lang='grc'><em>,</em></span> <span class='ocrx_word' id='word_1_266' title='bbox 965 3827 1022 3895; x_wconf 91' lang='lat' dir='ltr'><strong>ubi</strong></span> <span class='ocrx_word' id='word_1_267' title='bbox 1033 3831 1219 3900; x_wconf 80' lang='lat' dir='ltr'><strong>conceditur</strong></span> 
     </span>
     <span class='ocr_line' id='line_1_33' title="bbox 87 3932 1220 4030; baseline 0.003 -26"><span class='ocrx_word' id='word_1_268' title='bbox 87 3965 104 4004; x_wconf 74' lang='grc' dir='ltr'>ι</span> <span class='ocrx_word' id='word_1_269' title='bbox 125 3938 386 4030; x_wconf 85' lang='lat' dir='ltr'><strong>inquisitoribus,</strong></span> <span class='ocrx_word' id='word_1_270' title='bbox 413 3945 449 4005; x_wconf 91' lang='lat' dir='ltr'><strong>ut</strong></span> <span class='ocrx_word' id='word_1_271' title='bbox 462 3936 498 4002; x_wconf 92' lang='lat' dir='ltr'><strong>in</strong></span> <span class='ocrx_word' id='word_1_272' title='bbox 522 3932 630 4001; x_wconf 86' lang='lat' dir='ltr'><strong>causis</strong></span> <span class='ocrx_word' id='word_1_273' title='bbox 646 3932 720 3999; x_wconf 83' lang='lat' dir='ltr'><strong>fidei</strong></span> <span class='ocrx_word' id='word_1_274' title='bbox 743 3934 865 4023; x_wconf 84' lang='lat' dir='ltr'><strong>ubsque</strong></span> <span class='ocrx_word' id='word_1_275' title='bbox 878 3933 1108 4003; x_wconf 81' lang='lat' dir='ltr'><strong>advocatorum</strong></span> <span class='ocrx_word' id='word_1_276' title='bbox 1124 3948 1155 4005; x_wconf 87' lang='lat' dir='ltr'><strong>et</strong></span> <span class='ocrx_word' id='word_1_277' title='bbox 1164 3938 1220 4029; x_wconf 86' lang='lat' dir='ltr'><strong>ju·</strong></span> 
     </span>
     <span class='ocr_line' id='line_1_34' title="bbox 87 4038 1216 4133; baseline 0.005 -26"><span class='ocrx_word' id='word_1_278' title='bbox 87 4066 104 4107; x_wconf 73' lang='grc' dir='ltr'><strong>α</strong></span> <span class='ocrx_word' id='word_1_279' title='bbox 125 4042 285 4109; x_wconf 91' lang='lat' dir='ltr'><strong>diciorum</strong></span> <span class='ocrx_word' id='word_1_280' title='bbox 301 4040 435 4131; x_wconf 84' lang='lat' dir='ltr'><strong>strepitu</strong></span> <span class='ocrx_word' id='word_1_281' title='bbox 460 4050 491 4106; x_wconf 90' lang='lat' dir='ltr'><strong>et</strong></span> <span class='ocrx_word' id='word_1_282' title='bbox 514 4041 622 4129; x_wconf 82' lang='lat' dir='ltr'><strong>figure</strong></span> <span class='ocrx_word' id='word_1_283' title='bbox 650 4038 824 4128; x_wconf 89' lang='lat' dir='ltr'><strong>procedere</strong></span> <span class='ocrx_word' id='word_1_284' title='bbox 848 4040 972 4130; x_wconf 87' lang='lat' dir='ltr'><strong>possint</strong></span> <span class='ocrx_word' id='word_1_285' title='bbox 989 4066 995 4106; x_wconf 95' lang='lat'><strong>:</strong></span> <span class='ocrx_word' id='word_1_286' title='bbox 1014 4042 1091 4131; x_wconf 90' lang='lat' dir='ltr'><strong>quie</strong></span> <span class='ocrx_word' id='word_1_287' title='bbox 1105 4064 1216 4133; x_wconf 87' lang='lat' dir='ltr'><strong>proce-</strong></span> 
     </span>
     <span class='ocr_line' id='line_1_35' title="bbox 88 4144 1218 4239; baseline 0.006 -26"><span class='ocrx_word' id='word_1_288' title='bbox 88 4176 104 4213; x_wconf 73' lang='grc' dir='ltr'>ι</span> <span class='ocrx_word' id='word_1_289' title='bbox 125 4150 202 4216; x_wconf 83' lang='lat' dir='ltr'><strong>dere</strong></span> <span class='ocrx_word' id='word_1_290' title='bbox 217 4155 353 4239; x_wconf 74' lang='lat' dir='ltr'><strong>poseium</strong></span> <span class='ocrx_word' id='word_1_291' title='bbox 366 4147 488 4237; x_wconf 85' lang='lat' dir='ltr'><strong>absque</strong></span> <span class='ocrx_word' id='word_1_292' title='bbox 501 4146 677 4230; x_wconf 82' lang='lat' dir='ltr'><strong>advocatis,</strong></span> <span class='ocrx_word' id='word_1_293' title='bbox 695 4144 773 4211; x_wconf 92' lang='lat' dir='ltr'><strong>dum</strong></span> <span class='ocrx_word' id='word_1_294' title='bbox 789 4145 921 4214; x_wconf 88' lang='lat' dir='ltr'><strong>illorum</strong></span> <span class='ocrx_word' id='word_1_295' title='bbox 931 4145 1072 4214; x_wconf 91' lang='lat' dir='ltr'><strong>officium</strong></span> <span class='ocrx_word' id='word_1_296' title='bbox 1088 4170 1153 4216; x_wconf 91' lang='lat' dir='ltr'><strong>non</strong></span> <span class='ocrx_word' id='word_1_297' title='bbox 1167 4174 1218 4221; x_wconf 91' lang='lat' dir='ltr'><strong>re·</strong></span> 
     </span>
     <span class='ocr_line' id='line_1_36' title="bbox 89 4253 1218 4350; baseline 0.004 -29"><span class='ocrx_word' id='word_1_298' title='bbox 89 4282 105 4321; x_wconf 85' lang='grc' dir='ltr'>ι</span> <span class='ocrx_word' id='word_1_299' title='bbox 126 4265 259 4350; x_wconf 85' lang='lat' dir='ltr'><strong>putetur</strong></span> <span class='ocrx_word' id='word_1_300' title='bbox 271 4254 504 4323; x_wconf 82' lang='lat' dir='ltr'><strong>defensionirei</strong></span> <span class='ocrx_word' id='word_1_301' title='bbox 518 4254 753 4339; x_wconf 74' lang='lat' dir='ltr'><strong>necessarium,</strong></span> <span class='ocrx_word' id='word_1_302' title='bbox 770 4274 872 4345; x_wconf 89' lang='lat' dir='ltr'><strong>eeque</strong></span> <span class='ocrx_word' id='word_1_303' title='bbox 881 4253 920 4320; x_wconf 90' lang='lat' dir='ltr'><strong>de</strong></span> <span class='ocrx_word' id='word_1_304' title='bbox 934 4276 1031 4321; x_wconf 85' lang='lat' dir='ltr'><strong>cause</strong></span> <span class='ocrx_word' id='word_1_305' title='bbox 1043 4278 1108 4323; x_wconf 89' lang='lat' dir='ltr'><strong>nou</strong></span> <span class='ocrx_word' id='word_1_306' title='bbox 1121 4257 1218 4331; x_wconf 85' lang='lat' dir='ltr'><strong>detur</strong></span> 
     </span>
    </p>
   </div>
   <div class='ocr_carea' id='block_1_3' title="bbox 0 0 1530 4984">
    <p class='ocr_par' dir='ltr' id='par_1_7' title="bbox 0 0 1530 4984">
     <span class='ocr_line' id='line_1_37' title="bbox 0 0 1530 4984; baseline 0 0"><span class='ocrx_word' id='word_1_307' title='bbox 0 0 1530 4984; x_wconf 95' lang='lat' dir='ltr'><strong> </strong></span> 
     </span>
    </p>
   </div>
  </div>
 </body>
</html>
