3050 4984
649 498 826 550 matuatus
848 501 887 549 DE
908 500 1041 549 mutella.

799 740 889 831 ev.

302 908 438 969 Quomodo
458 910 578 963 iaciendo
600 912 633 961 stt
651 910 784 976 judicialia
805 909 981 1039 depuntiatio,
1000 924 1047 961 seu
1067 908 1160 974 quihus
1179 906 1383 960 solemnitatibus

739 990 830 1041 vestiri
860 990 946 1041 ebeat.

314 1152 339 1219 l.
357 1154 432 1223 Non
446 1152 626 1242 requiritur
641 1150 865 1221 denuntiantis
876 1151 1056 1242 inscriptio,
1074 1174 1143 1243 quo
1151 1173 1233 1219 onus
1246 1149 1414 1242 injudicio

265 1258 432 1351 prodendi
447 1271 606 1341 assumat,
623 1280 680 1327 nec
697 1280 718 1326 o
738 1258 873 1348 fortiori
892 1280 958 1350 quo
980 1257 1027 1327 od
1042 1280 1179 1350 poenom
1199 1258 1329 1326 talionis
1350 1278 1416 1326 sere

270 1379 422 1457 erponot.
434 1366 536 1434 -Ita
550 1372 659 1433 teuent
673 1363 821 1434 doctores
834 1366 1062 1451 communiter,
1079 1374 1111 1433 et
1124 1365 1273 1457 sequitur
1286 1388 1328 1433 ex
1344 1365 1416 1457 ipsa

271 1470 524 1541 denuntiationis
544 1470 742 1541 definitione.
760 1472 800 1540 ln
818 1472 879 1541 hoc
900 1472 987 1540 euim
1008 1471 1050 1539 ab
1068 1472 1270 1541 accusatione
1293 1470 1412 1559 differt,

271 1577 358 1670 quod
373 1586 540 1647 accusator
554 1578 713 1670 probandi
730 1601 815 1647 onus
829 1579 890 1646 sibi
907 1587 1063 1666 assumat,
1076 1600 1230 1647 nouvero
1240 1578 1415 1647 denuntia-

271 1694 332 1754 tor.
349 1685 443 1768 Quod
458 1694 566 1753 tamen
582 1707 647 1754 non
664 1685 801 1777 impedit
814 1686 897 1777 quin
911 1695 1057 1754 teneatur
1071 1685 1267 1754 denuntians
1280 1686 1321 1753 ad
1334 1707 1416 1777 sup-

269 1792 443 1883 peditanda
449 1791 555 1883 judici
566 1792 606 1861 ad
620 1793 825 1885 probandum
836 1792 989 1862 delictum
1004 1792 1122 1878 medie,
1134 1815 1209 1885 quae
1219 1790 1414 1862 sufficientia

269 1899 447 1991 prudentor
471 1900 625 1969 aestimari
648 1901 798 1993 possint:
820 1900 966 1991 alioquin
990 1901 1085 1969 debet
1102 1900 1219 1991 judex,
1248 1909 1285 1968 ut
1313 1921 1414 1991 supra

269 2007 425 2093 vidimus,
442 2008 718 2077 denuntiationem
735 2009 866 2100 rejicere
884 2036 891 2076 :
910 2008 966 2077 sod
978 2008 1068 2077 aliud
1083 2008 1228 2100 estquod
1239 2006 1414 2076 denuntia-

268 2122 321 2182 tor
342 2123 490 2182 teneatur
508 2113 610 2204 judici
630 2116 835 2207 probationes
857 2114 1015 2201 indicare,
1039 2136 1121 2206 quas
1136 2115 1191 2183 ille
1213 2115 1414 2183 sufficientes

268 2220 452 2305 existimet;
467 2220 555 2288 aliud
564 2221 652 2313 quod
666 2229 813 2291 teneatur
821 2222 855 2289 in
869 2242 1022 2313 processu
1036 2222 1413 2313 ipsoactorispersonam

268 2346 393 2417 gerere,
410 2335 442 2395 et
457 2326 609 2396 delictum
622 2326 849 2397 denuntiatum
862 2328 1011 2419 probare.

311 2435 352 2502 Π.
367 2435 448 2503 Aliae
462 2456 573 2503 omncs
587 2434 807 2504 solemnitates
825 2435 861 2503 in
881 2436 1087 2505 accusatione
1105 2436 1281 2527 requisitor,
1300 2436 1413 2505 debent

216 2555 220 2564 “
266 2553 296 2611 et
308 2541 344 2609 in
356 2540 605 2610 denuntiatione
618 2541 792 2611 observari.
804 2541 892 2609 -ld
906 2544 1004 2611 etiam
1018 2542 1163 2612 docmres
1176 2552 1330 2635 tanquam
1339 2565 1412 2613 cer-

264 2656 335 2717 tum
348 2646 480 2735 habeut,
490 2656 527 2716 ut
539 2647 642 2717 videri
652 2658 755 2740 potest
766 2650 800 2717 iu
812 2670 925 2718 eornm
938 2650 1179 2720 commentariis
1189 2650 1224 2717 in
1236 2650 1366 2717 titulum
1378 2653 1408 2732 1,

265 2755 343 2823 libri
367 2759 383 2821 5
407 2755 642 2843 Decretalium3
665 2763 697 2824 et
717 2756 844 2825 addunt
866 2757 915 2825 ito
937 2758 1102 2827 obsooori
1123 2758 1247 2826 intuto
1272 2756 1409 2825 mundo.

268 2861 500 2953 (Reiffenstuel,
515 2863 549 2929 iu
566 2862 698 2932 titulum
711 2863 860 2951 citatum,
874 2886 910 2931 n.
930 2865 1000 2954 et.)

309 2969 394 3037 Hinc
414 2972 445 3036 1·
467 2969 647 3061 requiritur
670 2979 705 3039 ut
724 2970 927 3039 denuntiatio
950 2974 1007 3039 liat
1027 2994 1085 3063 per
1105 2970 1273 3049 libellum
1291 2971 1323 3038 id
1348 2978 1409 3057 cst,

264 3085 301 3146 ut
318 3076 353 3144 in
373 3074 499 3168 seriptis
517 3075 684 3164 oiieratur,
702 3077 754 3146 vel
775 3086 927 3147 oretenus
948 3101 968 3145 a
986 3078 1213 3147 denuntiatura
1232 3079 1409 3171 proposita,

263 3183 376 3252 saltam
401 3206 460 3276 per
479 3186 660 3254 actuarium
680 3185 732 3253 vel
751 3184 915 3255 notarium
935 3185 1102 3276 publicum
1125 3186 1298 3273 scribatur,
1319 3192 1352 3252 et
1375 3185 1411 3253 iu

263 3300 335 3361 acta
347 3290 526 3383 redigatur.

309 3404 342 3468 2⁰
366 3400 409 3470 Ut
432 3400 636 3491 exprimatur
662 3421 782 3468 nomen
807 3398 941 3490 judicis,
972 3398 1193 3468 denuntiantis
1219 3406 1252 3469 et
1280 3399 1412 3468 denun-

264 3508 345 3577 tiati.

310 3619 343 3683 3ι
355 3614 400 3683 Ut
416 3613 535 3706 puriter
551 3613 754 3705 exprimatur
769 3613 877 3684 delicti
890 3615 1028 3707 qualitas
1043 3636 1102 3683 seu
1114 3618 1248 3707 specics.

308 3731 341 3793 ιι
355 3727 437 3794 Item
453 3722 595 3814 exprimi
610 3721 705 3791 debet
719 3722 811 3791 loeus
823 3723 860 3791 in
873 3745 938 3814 quo
953 3731 1119 3815 patratum
1132 3731 1192 3791 est.

309 3838 340 3901 5⁰
354 3832 420 3903 Nec
435 3852 502 3899 non
517 3837 658 3919 tempus,
676 3828 818 3897 indicato
832 3830 945 3899 saltem
959 3851 1046 3898 anuo
1056 3836 1089 3899 et
1105 3852 1225 3900 meuse.
1515 3901 1516 3904 ,

310 3967 327 4009 n
346 3940 388 4009 Et
405 3937 537 4031 quidem
557 3935 627 4003 haec
650 3936 760 4004 omnia
784 3944 861 4005 sunt
881 3936 922 4005 de
944 3936 1050 4007 forma
1071 3936 1288 4025 substantiali,
1311 3944 1344 4005 et
1364 3937 1411 4007 ita
1515 3931 1516 3934 '

265 4074 282 4114 u
305 4046 495 4131 necesaria,
516 4052 553 4112 ut
571 4043 599 4110 si
617 4041 741 4135 aliquid
763 4043 880 4113 horum
901 4044 1116 4132 omitteretur,
1137 4068 1307 4136 processus
1326 4056 1410 4113 esset

266 4182 282 4219 ι
307 4153 428 4241 nullus,
445 4160 476 4220 et
488 4172 563 4219 reus
575 4149 805 4238 absolvendus,
819 4152 879 4220 etsi
891 4150 1166 4242 nemoquidpiam'
1181 4160 1369 4243 opponeret.
1387 4177 1405 4217 o
1514 4189 1515 4248 3

265 4257 498 4356 (Reiffenstuel,
516 4258 549 4325 in
566 4258 615 4326 tit.
636 4260 668 4345 1,
685 4257 760 4326 libri
776 4260 947 4345 illiceret,
965 4282 1001 4327 n.
1016 4259 1085 4347 tt.)
