3050 4984
297 496 358 561 266
669 515 843 561 rrnerrrus
867 516 906 562 on
927 516 1062 563 cantans.

295 658 410 718 ananus
431 636 534 726 iniqui
555 636 677 727 judicis
700 636 741 726 (si
763 637 846 705 forte
871 636 968 705 talem
992 635 1141 727 deputari
1166 635 1300 726 accidat)
1325 635 1424 727 oppri-

296 742 415 811 menda
427 742 584 811 uadatus.
602 743 684 812 Cum
703 744 791 811 eninr
808 742 869 810 hac
883 744 1029 813 clausula
1047 766 1215 835 uunquam
1230 753 1426 813 removeatur
1485 751 1490 798 ἱ

292 850 342 937 (ut
355 846 511 939 diximus)
525 849 702 940 appellatio·
715 848 827 941 quood
843 850 991 939 effectam
1009 848 1247 928 denotationem,
1264 870 1364 915 sunm
1375 870 1425 937 op
1486 856 1490 941 ξ

293 956 409 1046 pressis
424 964 569 1024 remanet
584 954 747 1024 sufficiens
763 964 921 1041 tutamen,
939 962 1052 1023 eontra
1070 952 1227 1045 qualibet
1240 951 1303 1019 sibi
1317 951 1426 1041 injusta
1486 958 1490 1009 ¹.

293 1062 381 1130 illata
397 1062 601 1151 gravamina.

337 1169 479 1252 Quusno
497 1174 562 1238 12².
582 1208 625 1222 —
641 1173 689 1239 An
707 1171 804 1239 detur
824 1171 1014 1263 appellatio,
1036 1168 1169 1262 quondo
1184 1190 1286 1237 corcso
1304 1188 1365 1259 ope
1372 1167 1427 1257 ju·

294 1276 437 1345 rumenti
457 1277 563 1347 deciso
583 1282 652 1347 est?
674 1318 718 1331 -
738 1277 1012 1367 Distinguendum
1033 1286 1083 1346 ast
1104 1278 1189 1345 inter
1210 1275 1426 1367 juramentum
1486 1347 1490 1358 ¹

293 1386 544 1477 suppletorium,
561 1386 646 1477 quod
668 1408 784 1477 nempe
800 1385 903 1477 judex
920 1387 954 1455 in
976 1386 1239 1478 supplementum
1259 1380 1427 1451 deficientis
1487 1377 1492 1406 ¹

293 1493 492 1583 probationis
513 1493 606 1561 alteri
626 1494 769 1584 partium
788 1493 1004 1563 emittendum
1029 1492 1195 1584 precipit,
1216 1498 1247 1559 et
1266 1490 1427 1581 juramen·
1492 1485 1493 1496 ’

293 1608 361 1668 lum
375 1599 569 1669 decisoriam
582 1600 669 1691 quod
683 1622 748 1669 nna
764 1623 839 1692 pars
851 1600 945 1669 alteri
960 1600 1075 1669 defert.

340 1710 370 1772 1ο
387 1706 423 1775 Si
440 1706 624 1776 adhibitum
644 1707 684 1775 sit
702 1706 926 1798 juramentum
943 1708 1195 1799 suppletorium,
1216 1706 1313 1775 datur
1327 1728 1345 1771 a
1359 1725 1428 1771 sen-

294 1812 392 1882 tentia
404 1814 586 1905 appellatio.

338 1923 371 1987 2⁰
396 1920 431 1988 Si
451 1942 529 1990 vero
542 1921 717 1991 intervenit
729 1923 952 2013 juramentum
972 1921 1181 2006 decisorium,
1198 1918 1361 2011 appellare
1380 1938 1430 1985 na·

293 2026 365 2117 quit
387 2028 443 2117 qui
456 2028 678 2118 juramentum
698 2029 826 2116 detulit,
843 2030 926 2097 bene
947 2050 1025 2097 vero
1044 2050 1120 2120 pars
1137 2027 1190 2095 cui
1208 2026 1351 2095 delatum
1374 2031 1427 2090 est.

293 2132 373 2213 Qua
388 2134 462 2203 vide
477 2134 611 2225 probata
624 2137 712 2228 apud
731 2136 1023 2225 Schmalzgrueber
1042 2136 1086 2225 (in
1105 2136 1151 2202 tit.
1173 2137 1228 2219 20,
1244 2132 1320 2201 libri
1338 2136 1356 2200 2
1372 2133 1431 2200 De-

294 2259 387 2335 eret,
405 2274 438 2319 n.
458 2255 525 2341 33.)

338 2359 426 2428 Noto
451 2364 480 2427 l.
503 2359 639 2440 Quando
663 2361 738 2452 quis
760 2360 880 2428 electus
901 2357 1011 2427 est-ad
1033 2357 1178 2426 officium
1202 2358 1431 2427 beneficiumva

294 2473 349 2532 aut
366 2464 555 2553 dignitatem
576 2466 731 2557 aliquam,
750 2490 816 2534 rron
837 2466 933 2534 datur
951 2465 1123 2556 appellatio
1141 2464 1183 2532 ad
1204 2464 1354 2534 effectum
1374 2464 1433 2531 im·

295 2571 444 2659 pediendi
471 2574 694 2641 executionem
724 2573 883 2664 ejusmodi
911 2573 1095 2657 electionis,
1127 2572 1299 2663 quamvis,
1332 2582 1432 2640 secuta

294 2678 494 2766 executione,
521 2682 621 2771 possit
645 2680 780 2770 quilibet
800 2680 940 2747 crimina
960 2679 1064 2747 aliave
1086 2678 1318 2769 impedimenta
1340 2678 1431 2746 electo

294 2782 495 2874 objiciendo,
522 2786 623 2877 ipsius
646 2786 942 2855 exauctorationem
967 2784 1144 2876 injudicio
1166 2794 1291 2875 petere,
1316 2783 1432 2853 attalia

295 2888 447 2959 instantia
461 2892 568 2962 audiri
584 2894 707 2962 debeat.

339 3000 370 3064 2.
399 2997 538 3078 Quando
561 2999 596 3068 in
618 3000 740 3091 judicio
766 3000 979 3092 possessorio,
1006 3000 1100 3067 alteri
1124 3001 1267 3091 partium
1287 2999 1433 3068 asseritur

295 3103 464 3173 ordinario
478 3106 526 3174 rei
540 3106 692 3196 litigiosa
707 3106 879 3197 possessio,
900 3106 941 3174 ab
958 3107 1019 3175 hac
1032 3106 1192 3174 sententia
1209 3105 1363 3196 appellari
1377 3126 1432 3195 po-

296 3218 355 3279 test
374 3236 380 3275 :
398 3234 489 3281 secus
504 3215 532 3281 si
547 3214 751 3282 adscribatur
766 3213 937 3281 dumtaxat
950 3214 1109 3304 possessio
1128 3226 1368 3282 momentanee.

341 3321 521 3390 aviaria
541 3320 698 3411 generali,
722 3320 860 3405 noterio,
879 3320 994 3389 nuntio
1016 3321 1130 3406 curiae,
1152 3320 1265 3389 aliisve
1288 3318 1432 3388 officiali-

294 3429 367 3514 bus,
385 3430 426 3497 ob
445 3430 527 3498 male
546 3439 675 3518 gestum
696 3428 841 3497 officium
854 3451 874 3496 a
888 3428 998 3520 judice
1018 3428 1255 3516 condemnatis,
1273 3450 1339 3497 non
1360 3448 1433 3495 cou-

295 3533 420 3604 ceditur
447 3536 618 3627 appellatio
640 3536 681 3604 ad
706 3534 855 3603 effectum
882 3536 1122 3626 suspensivum.
1149 3536 1231 3617 Qua
1258 3536 1320 3603 tria
1342 3532 1435 3623 bujus

298 3652 383 3711 natea
412 3642 536 3733 capita,
564 3642 704 3733 reperies
735 3642 982 3731 probationibus
1004 3641 1133 3710 firmata
1159 3642 1248 3732 apud
1272 3640 1435 3710 laudatum

298 3747 588 3838 Scbmalzgrueber
607 3748 652 3839 (in
670 3749 718 3817 tit.
739 3752 795 3833 28,
811 3748 833 3815 l.
852 3752 871 3814 2
887 3748 1064 3839 Decret.,§
1081 3748 1124 3838 3).

816 3953 917 4045 arv.

347 4113 366 4157 rt
381 4107 536 4170 quibusnam
546 4105 678 4169 judicibus
692 4107 816 4171 appellari
829 4112 950 4170 nequeat,
961 4107 996 4156 ob
1011 4107 1092 4169 ipsam
1103 4105 1222 4169 judicum
1236 4107 1391 4169 qualitatem.
1492 4121 1493 4168 t

347 4270 371 4337 l.
391 4270 514 4359 Reputo
529 4268 688 4360 penerolis
699 4281 756 4351 cst,
774 4292 795 4336 e
809 4268 950 4363 quolibet
960 4266 1087 4359 judice,
1106 4267 1166 4359 qui
1178 4269 1372 4338 sactentiom
1387 4277 1435 4335 tu·
