3050 4984
529 544 604 591 rxns
631 544 776 590 suranna.
1155 525 1215 587 tat

129 690 147 727 ιι
163 668 196 731 3⁰
211 663 455 754 Appellationes
470 684 638 755 nunquam
651 665 862 755 recipiantur,
878 661 1006 754 nisiper
1017 662 1150 753 publica
1161 663 1220 731 do-

83 796 98 833 «
123 780 288 858 cumenta,
317 794 392 863 quaa
409 772 538 839 realiter
562 771 768 855 exibeantur,
785 771 876 861 prins
891 769 1081 857 constiterit,
1108 770 1222 863 appel-

84 904 100 942 ι
125 878 314 946 lationema
338 879 495 947 sententia
516 877 697 965 definitiva,
713 878 766 947 vel
785 877 922 945 habente
946 877 1014 944 vim
1030 876 1220 964 definitivas,

84 1010 100 1049 ι
125 992 184 1052 aut
209 1007 229 1052 a
254 986 444 1074 gravamine
465 985 552 1077 quod
573 1008 632 1077 per
652 984 854 1053 definitivam
869 984 1061 1052 sententiam
1076 986 1221 1075 reparari

85 1118 101 1155 ιι
127 1112 193 1159 non
209 1092 321 1183 possit,
339 1092 374 1160 in
390 1092 517 1160 casibus
542 1115 562 1160 a
585 1092 659 1183 jure
685 1114 751 1160 nou
767 1089 952 1182 prohibitis,
969 1112 1028 1181 per
1042 1090 1222 1181 legitimam

85 1226 102 1263 ιι
126 1218 312 1289 personam,
328 1205 360 1267 et
373 1198 460 1266 intra
473 1198 581 1266 debita
593 1207 738 1290 tempora
750 1198 850 1266 luisse
859 1196 1082 1289 interpositam
1096 1219 1133 1264 ac
1145 1220 1222 1288 pro-

85 1332 101 1369 ι
127 1314 310 1397 sequutum

127 1434 147 1478 ιι
172 1416 207 1480 4⁰
222 1412 301 1499 Nec,
323 1412 405 1481 dum
425 1434 522 1481 cansa
542 1434 650 1482 coram
672 1412 885 1481 inferioribus
900 1412 1065 1506 jndicibus
1090 1412 1222 1505 pendet,

86 1547 102 1586 ιι
127 1530 202 1588 ante
215 1519 415 1589 definitivam
428 1521 632 1606 sententiam,
647 1520 697 1588 vel
713 1520 780 1589 vim
793 1520 972 1588 definitivae
987 1520 1171 1607 habentem,
1186 1520 1226 1588 de

87 1628 317 1715 «gravamine
340 1626 431 1697 illato
455 1628 638 1719 superiores
663 1648 856 1716 cognoscere
881 1626 1021 1713 valeant,
1049 1628 1121 1696 licet
1144 1629 1225 1696 citra

87 1770 104 1807 ι
127 1742 358 1835 prejudicium
372 1764 488 1811 cursus
499 1765 671 1813 causarum
688 1766 721 1811 se
737 1740 770 1810 id
794 1743 898 1811 lacere
914 1752 1149 1829 contestentur;
1168 1766 1227 1811 uec

88 1877 104 1915 ι
128 1850 170 1917 ad
187 1851 274 1919 hune
289 1850 440 1919 effectum
453 1850 547 1918 liceat
563 1852 609 1926 eis
625 1850 785 1937 inhibere,
801 1860 857 1918 aut
870 1848 1061 1942 simpliciter
1073 1850 1227 1918 mandare

88 1986 104 2021 ι
128 1966 166 2025 ut
180 1958 258 2049 ipsis
274 1958 366 2049 copia
381 1978 550 2049 processus
567 1958 814 2044 transmittatur,
826 1957 923 2025 etiam
939 1958 1091 2049 expensis
1112 1958 1228 2050 appel-

89 2092 105 2129 a
129 2064 241 2132 laniis.

133 2198 151 2235 ιι
169 2175 201 2237 5⁰
208 2171 419 2240 inhibitiones
428 2181 500 2263 post
508 2172 773 2263 appellationem,
788 2172 870 2240 sicut
883 2171 1106 2261 praemittitur,
1115 2195 1228 2265 recep-

89 2305 106 2343 ι
130 2288 211 2365 tam,
224 2302 290 2348 non
305 2278 533 2364 concedantur,
547 2280 695 2347 nisi'cum
705 2280 915 2371 inscriptione
929 2280 1049 2348 tenoris
1061 2282 1229 2349 sententiae

90 2412 106 2449 ι
129 2394 188 2453 aut
203 2384 320 2453 decreti
336 2385 506 2472 definitivi,
523 2394 579 2452 aut
594 2386 665 2453 vim
681 2386 862 2453 definitiva
883 2385 1045 2472 habentis,
1067 2387 1119 2455 vel
1134 2385 1229 2455 dam-

91 2518 106 2557 ι
130 2514 211 2559 num
227 2514 286 2583 per
300 2492 501 2560 definitivam
517 2492 725 2583 irreparabile
738 2492 934 2561 continentis
950 2521 957 2561 :
972 2493 1229 2562 aliasiubibitio-

91 2626 107 2663 ιι
131 2622 203 2684 nes,
218 2607 250 2666 et
265 2620 444 2690 processus,
462 2608 492 2666 et
510 2598 585 2667 inde
600 2608 736 2690 sequuta
750 2621 981 2691 quascumque,
997 2600 1063 2667 sint
1074 2601 1145 2691 ipso
1156 2600 1229 2691 jure

92 2730 108 2769 ι
131 2704 236 2793 nulla,
252 2706 361 2796 eisque
376 2706 509 2797 impune
526 2728 591 2773 nou
607 2726 720 2797 parere
734 2705 840 2773 liceat.

136 2838 154 2879 ι
176 2815 210 2878 6⁰
230 2811 265 2879 Si
288 2812 454 2904 appellans
470 2820 604 2899 asserat,
622 2813 789 2881 sententiae
804 2821 863 2880 aut
875 2812 1102 2905 appellationis
1117 2836 1231 2882 exem-

92 2948 109 2982 ι
130 2919 236 3011 plum,
251 2918 346 3010 culpa
359 2918 481 3011 judicis
494 2944 513 2988 a
528 2943 606 3011 quo,
621 2918 672 2988 vel
685 2920 831 3005 actuarii,
846 2918 958 2988 baberi
971 2943 1037 2989 non
1048 2944 1152 3012 posse,
1164 2944 1229 2990 non

93 3052 108 3091 ι
131 3026 205 3094 ideo
232 3027 417 3117 recipienda
442 3026 503 3094 erit
525 3026 710 3118 appellatio,
739 3038 796 3095 aut
819 3027 928 3117 aliqua
943 3028 1098 3096 inhibitio
1113 3051 1230 3098 conce-

94 3159 110 3197 ι
132 3132 255 3212 denda;
273 3133 328 3200 sed
354 3133 400 3199 eis
426 3142 554 3201 tantum
570 3132 610 3200 ad
628 3156 709 3225 ‹puos
722 3134 863 3225 pertinet
879 3134 1008 3224 injungi
1024 3138 1154 3226 poterit,
1179 3147 1227 3223 ut,

93 3264 108 3304 ι
132 3239 238 3308 soluta
264 3239 425 3328 condigna
454 3239 611 3326 mercede,
638 3249 786 3309 actorum
802 3242 989 3332 exemplum
1007 3242 1230 3313 authenticum

95 3372 110 3409 ιι
133 3346 308 3437 appellanti
323 3346 408 3414 intra
421 3347 556 3414 brevem
571 3346 712 3438 aliquem
723 3357 959 3438 competentem
970 3350 1147 3417 terminum
1163 3359 1230 3417 tra·

95 3479 111 3517 ιι
134 3453 240 3521 datur.
252 3453 371 3521 Caveat
385 3462 491 3521 tamen
503 3454 606 3544 judex
621 3478 640 3521 a
655 3477 732 3545 quo,
748 3477 801 3540 ne,
815 3454 842 3521 si
856 3477 932 3523 vere
944 3457 1140 3546 appellatum
1156 3458 1230 3526 lue-

96 3585 112 3622 ι
130 3562 172 3627 rit
185 3562 220 3628 in
236 3580 312 3628 casu
327 3560 524 3651 appellahili,
541 3561 672 3627 interim
686 3562 808 3653 aliquid
825 3561 861 3627 in
873 3562 1103 3653 prejudicium
1115 3566 1229 3655 appel-

96 3692 112 3730 ι
134 3667 230 3737 lautis
245 3676 396 3754 attentet,
412 3676 456 3753 et,
472 3668 498 3733 si
515 3690 572 3758 per
583 3676 690 3735 actum
705 3668 873 3757 publicum
887 3678 944 3737 aut
954 3692 1012 3761 por
1026 3672 1157 3739 testium
1171 3673 1230 3740 de-

97 3798 113 3837 ι
134 3777 325 3866 positionem
333 3776 523 3861 constiterit,
541 3784 611 3843 acta
621 3776 775 3864 denegari
785 3776 973 3867 appellanti,
989 3787 1064 3846 tunc
1079 3779 1230 3848 mandato

97 3904 113 3944 ιι
133 3882 282 3951 tradendi
297 3892 366 3950 acta
381 3883 481 3974 possit
494 3882 596 3973 judex
613 3882 839 3973 appellationis
858 3883 1010 3974 adjicere,
1038 3908 1078 3952 ne
1098 3887 1229 3956 interim

97 4012 114 4051 ι
134 3990 255 4081 aliquid
266 3990 344 4059 novi
360 3998 471 4057 contra
484 3989 698 4082 appellantem
712 3998 897 4057 attentetur.

140 4122 156 4159 ι
184 4100 217 4161 7⁰
240 4098 292 4165 Ab
318 4096 505 4166 executione
532 4097 734 4165 decretorum
766 4099 847 4164 sacri
874 4098 1005 4166 concilii
1034 4098 1229 4188 Tridentini,

99 4226 116 4264 ιι
137 4214 189 4270 ant
205 4204 396 4272 visitationis
410 4203 607 4294 apostolicae,
623 4203 882 4293 appellationesa
895 4204 1153 4296 Metropolitanis
1166 4231 1232 4278 non

100 4332 118 4369 ιι
136 4308 347 4401 recipientem
366 4332 436 4396 nec,
463 4311 491 4377 si
516 4310 677 4400 Episcopi,
706 4312 827 4379 virtute
844 4311 992 4401 ejusdem
1006 4314 1090 4381 sacri
1105 4316 1233 4384 concilii
