3050 4984
543 515 617 568 runs
644 516 789 569 smenon.
1171 500 1232 567 129

98 662 114 701 ι
135 633 238 708 cnlier
262 662 304 710 ne
328 640 492 711 mllieitait
519 643 551 711 la
581 643 769 735 penteone,
793 640 942 709 dernient
968 640 1139 711 domeurer
1169 644 1234 711 im-

99 769 114 807 «
138 747 279 835 punis...
303 746 385 817 Maio
404 749 484 841 qu'il
510 748 612 817 lallait
634 747 674 817 de
701 748 768 816 uela
788 757 820 817 et
845 748 885 817 de
900 747 1236 819 desinteressementd

99 873 116 910 a
137 871 188 917 css
203 860 420 940 accuseteurs,
445 853 609 945 lorsqu'ils
629 854 792 921 u’avaient
806 856 901 944 pesa
926 853 958 921 la
983 855 1164 945 repressiou
1191 855 1237 923 du

100 957 239 1025 «crime
262 981 308 1027 un
332 960 449 1028 inuret
471 959 662 1051 personnel!
680 960 826 1029 Pom-on
847 981 1005 1051 supposes
1031 960 1113 1052 qu'il
1137 984 1160 1053 y
1182 966 1238 1030 adt

99 1088 115 1125 a
137 1062 219 1131 dans
241 1064 274 1133 la
300 1066 493 1158 republique
523 1090 569 1135 un
584 1066 692 1157 grand
725 1067 863 1136 nombre
888 1066 928 1134 de
956 1090 1133 1159 personnae
1148 1091 1237 1137 assez

100 1194 115 1231 α
133 1168 295 1239 devonees
310 1178 329 1239 a
342 1172 482 1241 l'intdrdt
501 1172 624 1264 public,
641 1194 729 1241 assez
744 1170 961 1242 iusouciantes
975 1172 1016 1240 de
1032 1173 1103 1241 leur
1118 1196 1237 1265 propre

99 1276 266 1365 «interfit,
296 1301 380 1370 pour
407 1301 555 1349 assumor
583 1280 739 1347 l’enorme
762 1278 896 1347 lardeau
920 1278 1020 1348 d'une
1038 1282 1236 1367 accusation,

99 1406 220 1474 «pour
249 1408 284 1453 se
308 1385 446 1476 charges
472 1386 571 1454 d'une
598 1385 719 1475 longua
748 1396 780 1454 et
807 1384 936 1476 penible
968 1387 1174 1473 instruction,
1206 1394 1238 1455 et

100 1512 221 1581 «pour
244 1493 409 1583 s’exposer
434 1493 705 1562 volontairement
734 1514 800 1559 aux
826 1492 925 1560 suites
952 1494 1125 1561 one'reuses
1139 1494 1238 1562 d’une

99 1622 116 1659 a
136 1619 237 1685 grave
263 1598 522 1689 responsabilite‚
551 1621 627 1667 sans
642 1609 735 1667 autre
762 1599 822 1665 hut
844 1619 908 1689 que
922 1597 1062 1667 l’amour
1078 1598 1123 1666 du
1138 1598 1238 1667 bien‘t

100 1703 274 1773 «Eusuite
288 1706 499 1774 l'aocusateur
522 1706 683 1775 cumulait
700 1727 764 1772 une
791 1704 888 1795 triple
919 1704 1062 1773 fonction
1094 1733 1101 1773 :
1130 1706 1154 1774 il
1178 1707 1238 1777 de-

99 1812 270 1897 anoncait
298 1813 462 1892 lacrimo,
492 1814 513 1879 il
539 1814 616 1881 etait
634 1812 754 1902 charge
781 1812 970 1879 d'instruire
994 1812 1027 1879 la
1046 1814 1237 1903 procedure,

99 1942 114 1979 ι
135 1916 228 1983 enfin
252 1918 276 1985 il
296 1918 458 1985 wutenait
479 1918 686 1987 l’aocusation
703 1916 823 1985 devant
837 1917 883 1985 les
895 1918 991 2008 juges
1013 1945 1020 1985 :
1044 1920 1067 1986 il
1083 1920 1159 1987 etnit
1173 1925 1193 1989 d
1207 1922 1239 1989 la

98 2024 197 2091 «lois
223 2023 405 2114 pisignam,
417 2025 496 2114 juge
519 2023 748 2092 d’instruction
774 2035 806 2091 et
834 2024 999 2093 ministere
1013 2025 1134 2115 public.
1151 2027 1239 2097 Getta

98 2131 276 2200 «reunion
304 2131 560 2219 d’attributions,
590 2154 655 2222 que
692 2140 798 2199 tontes
832 2132 880 2199 les
908 2132 968 2199 lois
995 2141 1053 2200 ont
1078 2136 1236 2226 soporem,
1297 2134 1299 2139 ’

96 2263 112 2299 ιι
132 2239 223 2305 avait
236 2237 277 2305 de
292 2259 410 2327 graves
424 2239 711 2307 inconveniente...
741 2238 794 2306 Un
810 2247 903 2307 autre
925 2238 1058 2307 resultat
1072 2241 1117 2309 du
1133 2244 1238 2312 meme

97 2371 112 2406 a
134 2347 277 2436 systeme
291 2346 367 2413 etnit
381 2345 422 2412 de
448 2345 616 2413 n'amener
637 2345 703 2413 ala
720 2347 814 2413 harre
830 2345 887 2411 des
910 2345 1089 2415 tribunaux
1105 2372 1168 2439 que
1182 2350 1239 2418 des

96 2453 255 2543 «parties
278 2453 421 2520 animem
447 2453 535 2519 l'une
562 2462 673 2520 contre
688 2453 817 2538 l'autre,
840 2438 876 2519 ¹et
902 2454 960 2543 qui
989 2476 1023 2521 se
1052 2454 1237 2527 livraientd

95 2585 111 2622 a
133 2583 201 2629 une
224 2560 306 2628 lutte
321 2561 496 2629 ardente...
528 2560 657 2628 N'est-il
684 2582 741 2651 pas
757 2560 889 2628 evident
902 2561 1025 2651 qu'une
1053 2563 1127 2631 telle
1142 2586 1237 2654 orga-

95 2667 278 2734 «nisation
301 2665 472 2756 judiciairc
501 2688 541 2734 ue
571 2668 746 2735 renuissait
773 2689 831 2757 pas
861 2676 967 2735 tontes
990 2668 1036 2736 les
1055 2668 1237 2739 conditione

94 2773 234 2840 «d'une
257 2774 365 2841 bonne
387 2773 520 2863 justice!
551 2799 568 2839 r
601 2773 725 2862 (Traia
750 2773 790 2841 de
816 2774 1031 2843 tootmction
1059 2778 1236 2847 criminelle

91 2901 147 2967 par
168 2879 309 2947 Faustin
337 2880 443 2963 Helie,
464 2880 547 2947 livre
568 2884 599 2965 1,
615 2880 709 2970 chap.
739 2884 771 2966 3,
799 2902 832 2947 u.
858 2884 933 2967 108,
958 2882 1048 2949 selon
1072 2884 1173 2953 l'edit.
1195 2886 1235 2954 de

91 2985 274 3073 Bruxelles,
293 2987 404 3075 1845.)

131 3095 274 3163 Possunt
300 3104 409 3162 eutem
445 3094 537 3181 vitia,
568 3118 642 3186 quae
673 3095 850 3165 exclusiva
880 3099 1087 3167 accusatorie
1116 3100 1231 3169 forme

90 3202 342 3293 exprobrantur,
369 3200 411 3269 ad
437 3200 559 3291 duplex
576 3202 637 3269 hoc
651 3213 748 3292 caput
763 3203 877 3271 reduci
894 3232 901 3270 :
923 3207 955 3270 1⁰
971 3204 1117 3295 plurima
1131 3209 1233 3277 relin-

19 3383 20 3388 .
89 3311 159 3396 quit
175 3308 339 3399 impunita
352 3308 508 3386 criminin
528 3312 563 3375 2⁰
574 3307 649 3376 odia
662 3310 764 3376 nutrit
777 3310 863 3377 inter
877 3311 1017 3379 accusati
1032 3322 1064 3379 et
1077 3336 1231 3384 accusau-

19 3427 20 3432 ’
88 3416 127 3482 tis
137 3415 298 3483 iamssim.
1058 3492 1062 3501 ,

127 3523 257 3591 Primo.
276 3523 370 3603 Quod
395 3523 465 3593 sola
491 3531 617 3615 peteme
642 3523 854 3593 accusationis
870 3526 925 3593 via
940 3526 1101 3617 impunita
1123 3551 1230 3599 rema·

87 3640 185 3699 neant
210 3630 328 3699 delicta
356 3630 510 3722 plurima,
540 3640 587 3699 est
616 3631 717 3699 veluti
749 3640 945 3723 spontaneus
976 3642 1008 3699 et
1024 3638 1230 3705 necessarius

85 3737 173 3806 illius
186 3738 303 3806 lormae
325 3737 492 3829 judicialis
517 3736 660 3806 effectus.
679 3738 765 3820 Nam
781 3740 808 3805 si
828 3760 887 3830 per
900 3742 1135 3810 accusationem
1153 3766 1230 3834 pro-

86 3845 231 3931 cedetur,
258 3843 424 3934 cogendus
446 3853 495 3911 est
514 3854 681 3913 aecusator
708 3854 745 3913 ut
760 3867 844 3914 onus
871 3847 1031 3936 probandi
1059 3850 1226 3941 suscipiat,

84 3962 114 4019 et
129 3974 262 4044 poenam
278 3952 534 4038 calumniatoris,
552 3952 581 4019 si
605 3952 686 4019 falso
701 3960 734 4021 et
747 3952 906 4022 malitiose
931 3976 1095 4024 accusasse
1111 3956 1226 4050 depre-

19 4063 20 4100 ³
85 4059 261 4147 hendatur,
278 4058 392 4127 subeat
409 4082 417 4123 ε
435 4060 582 4151 alioquin
597 4058 805 4149 pullulabunt
828 4060 1092 4150 calumniatores,
1116 4088 1174 4133 uec
1193 4069 1228 4135 in

84 4178 153 4237 tuto
176 4169 243 4237 erit
265 4169 427 4237 bonorum
455 4168 524 4237 vita
546 4177 578 4236 et
600 4167 697 4238 fama.
716 4169 824 4257 Atque
842 4168 887 4235 itu
900 4190 1015 4237 revera
1028 4171 1193 4243 decretum
1209 4199 1228 4245 a

82 4276 154 4365 jure
168 4276 333 4361 Romano,
349 4286 381 4343 et
394 4276 436 4343 ab
452 4277 523 4367 ipsa
539 4275 680 4343 Ecclesia
693 4282 859 4343 servatum
872 4277 1066 4367 reperimus.
1086 4278 1227 4353 Aliunde

246 4400 278 4445 u.
1047 4392 1066 4451 9
