3050 4984
276 430 315 495 86
650 448 826 496 emesenus
849 448 888 495 nn
908 447 1045 496 runicus.

276 572 420 640 ederat.
450 597 466 639 a
499 570 653 664 (Lessius,
680 570 720 639 de
743 575 823 639 ture
848 583 880 644 et
905 571 1055 655 Iustitia,
1084 571 1143 642 tit.
1170 575 1203 661 2,
1230 577 1328 665 eaput
1358 579 1416 662 29,

273 703 307 748 n.
329 681 418 769 114.)

315 790 348 853 4⁰
364 786 586 856 Confirmatur
600 809 642 855 ex
654 785 728 878 jure
742 785 894 856 Romano
912 786 993 877 (tege
1009 787 1039 872 1,
1057 784 1091 854 ff.
1109 785 1149 854 de
1167 787 1303 879 Queat.)
1321 813 1330 854 ι
1350 789 1421 871 Qui

273 895 483 986 quaestionem
507 893 681 962 habiturus
707 906 772 975 est,
802 917 866 961 uon
891 892 983 962 debet
1009 892 1191 984 specialiter
1214 893 1420 985 interrepere

271 1024 316 1069 au
334 999 434 1069 Titius
456 999 671 1069 homicidium
689 999 888 1093 [saevituri
905 1000 1201 1092 potestatumque
1226 1000 1263 1070 id
1280 1003 1417 1091 secuit·

271 1109 414 1177 alterum
428 1109 513 1176 euim
528 1109 634 1198 muqis
645 1109 857 1199 suppetente,
877 1130 980 1199 quam
992 1107 1187 1200 requirentes
1201 1121 1258 1176 est.

318 1215 457 1307 Objt'eies
476 1219 520 1284 1⁰.
542 1215 689 1284 [lenones
709 1215 750 1282 ed
771 1237 958 1305 processum
979 1215 1222 1307 inquisitorium
1241 1217 1420 1308 requirunt

270 1323 428 1417 previam
444 1321 583 1408 famam,
602 1321 654 1390 vel
673 1320 789 1390 saltem
803 1321 933 1390 indicia.
957 1320 1166 1412 Respondso,
1184 1322 1258 1391 illos
1277 1345 1420 1393 oenones

269 1453 366 1521 agere
387 1428 427 1497 de
450 1428 659 1521 inquisitione
680 1427 832 1522 speciali,
855 1452 921 1521 que
940 1450 1058 1520 nempe
1078 1429 1256 1520 inquiritur
1277 1452 1320 1498 en
1342 1431 1420 1500 talis

269 1561 408 1630 persone
423 1537 652 1624 determinata,
670 1536 764 1606 verbi
777 1537 900 1626 gretia,
917 1537 1040 1622 Titius,
1057 1537 1118 1606 tale
1133 1536 1286 1607 delictum
1302 1545 1420 1628 patre-

269 1647 370 1726 verit;
392 1667 459 1714 non
479 1653 588 1713 eutem
610 1643 650 1713 de
669 1643 879 1735 inquisitione
898 1644 1045 1735 qeuuoli
1062 1666 1127 1736 qua
1146 1667 1264 1736 nempe
1286 1651 1419 1714 tantum

270 1753 431 1845 quaeritur
445 1753 480 1820 in
496 1774 626 1842 genere,
643 1752 717 1843 quis
733 1750 859 1820 feeerit.

316 1860 455 1952 Objieies
469 1863 514 1929 2⁰.
531 1860 638 1928 Etiam
652 1859 813 1949 generalis
827 1859 899 1928 haee
911 1858 1122 1950 interrogatio
1137 1860 1209 1952 quis
1221 1861 1344 1950 suerit,
1361 1883 1420 1930 oe-

269 1969 432 2051 eesionem
448 1967 570 2060 praebet
590 1967 713 2036 occulte
734 1967 850 2036 delicta
868 1966 1051 2055 revelandi;
1068 1990 1147 2058 ergo
1165 1968 1279 2059 iniqua
1293 1978 1353 2037 est.
1371 2009 1419 2022 —

269 2073 480 2166 Respondeo,
498 2072 539 2141 ed
555 2072 747 2165 praedictam
769 2072 1056 2162 interrogationem
1077 2072 1262 2163 generalem
1278 2095 1343 2140 non
1367 2083 1419 2141 te-
1482 2099 1487 2112 ·

271 2191 390 2249 nentur
411 2202 470 2249 nee
489 2179 607 2248 debent
627 2179 748 2248 subditi
769 2179 914 2248 revelare
935 2181 1078 2248 eoeultos
1093 2178 1336 2272 delinquentes,
1358 2180 1419 2250 sed

270 2310 325 2356 ees
346 2285 519 2355 dumtaxat
541 2286 598 2378 qui
620 2285 707 2354 fama
727 2285 858 2378 publiea
878 2287 1092 2377 perhibentur
1113 2285 1266 2355 delictum
1288 2286 1328 2355 de
1349 2310 1419 2379 qno

269 2395 380 2485 agitur
399 2401 609 2487 perpetrasse.
630 2393 666 2462 Si
681 2416 758 2462 vero
774 2415 816 2461 ex
836 2393 1021 2484 ignorantia
1035 2393 1232 2486 quandoque
1249 2396 1420 2486 contingat

270 2511 307 2570 ut
322 2501 457 2588 subditi,
472 2502 533 2570 hoo
548 2501 646 2570 modo
660 2501 863 2589 interrogati,
880 2501 1044 2570 oecultum
1059 2503 1157 2570 etiam
1171 2502 1318 2571 criminis
1332 2525 1418 2572 aue-

271 2619 375 2679 torem
402 2609 627 2695 manifestent,
651 2607 684 2676 id
709 2609 817 2676 evenit
840 2631 898 2700 per
920 2608 1089 2698 accidens,
1115 2633 1175 2679 nee
1198 2619 1330 2702 propter
1354 2612 1419 2680 tale

271 2715 517 2786 incommodum
541 2715 636 2784 debet
658 2715 763 2784 omitti
784 2715 958 2806 inquisitio
981 2725 1148 2808 tantopere
1174 2717 1260 2786 bono
1285 2716 1418 2810 publiea

272 2823 463 2892 necessaria.

321 2957 338 2996 a
360 2929 471 3022 Neque
490 2929 594 3020 judex
617 2929 864 3022 inquisitionem
885 2929 1007 2998 faciens
1027 2937 1154 3000 tenetur
1173 2930 1336 3002 instruere
1357 2956 1419 3002 ru-

277 3067 294 3105 «
316 3033 440 3125 diores,
458 3061 498 3110 ne
512 3047 678 3107 auctorem
693 3036 862 3126 detegant,
878 3038 906 3105 si
919 3037 1002 3106 forte
1016 3037 1108 3106 nulla
1124 3038 1261 3107 infamis
1278 3039 1417 3130 laboret,

277 3175 294 3212 e
317 3147 351 3215 id
372 3146 460 3215 enim
475 3145 624 3215 redderet
642 3166 718 3212 eum
734 3151 920 3235 suspectum
935 3145 1150 3236 corruptelas,
1167 3146 1221 3216 vel
1242 3147 1367 3216 favoris
1382 3152 1419 3220 in

278 3254 570 3323 «criminosum...
600 3251 695 3334 Quod
718 3251 745 3318 si
774 3250 918 3319 occultus
941 3260 1054 3320 auctor
1081 3251 1271 3343 detegetur,
1297 3257 1421 3346 peterit

278 3391 295 3428 e
318 3369 430 3430 eontra
443 3382 518 3429 eum
534 3359 717 3452 procedere.
737 3383 753 3424 s
773 3357 1286 3450 (Lessius,detureet1ustitio,
1306 3362 1365 3432 lib.
1383 3369 1418 3453 2,

274 3495 301 3540 o.
326 3474 381 3557 29,
404 3492 438 3536 n.
464 3466 552 3558 115.)
577 3466 670 3549 Quod
693 3473 802 3533 tamen
822 3465 981 3555 restringe
1001 3465 1042 3533 ad
1063 3488 1175 3536 casum
1198 3467 1421 3561 inquisitionis

275 3578 408 3658 miste,
437 3573 568 3668 quande
594 3595 709 3666 nempe
734 3573 898 3642 notorium
924 3582 973 3641 est
1001 3572 1156 3644 delictum
1183 3583 1215 3643 et
1241 3577 1421 3668 inquiritur

275 3684 446 3754 dummxat
469 3682 509 3750 de
533 3703 687 3772 persona3
713 3702 791 3748 nem
815 3679 850 3747 in
872 3678 1084 3772 inquisitione
1107 3683 1271 3772 generali,
1295 3685 1323 3753 si
1346 3708 1421 3756 eam

276 3792 423 3885 superior
447 3788 529 3859 velit
547 3787 756 3879 judicialiter
784 3786 975 3876 instituere,
1003 3787 1097 3856 debet
1120 3789 1268 3859 subditos
1293 3791 1334 3861 de
1358 3773 1423 3864 hoe

275 3919 496 3992 praemonere,
513 3904 549 3964 ut
568 3916 667 3986 supra
684 3892 934 3982 adnotavimus,
954 3914 1059 3986 neque
1073 3902 1152 3965 tune
1166 3897 1289 3967 favoris
1301 3898 1336 3967 in
1356 3901 1424 3969 eri·

276 4008 418 4075 minosos
433 4010 600 4094 suspectus
616 3998 778 4069 redditur.

324 4113 464 4205 Objieies
481 4113 526 4178 3⁰.
542 4108 590 4194 Si,
608 4106 697 4176 nullu
710 4105 913 4199 praesedente
927 4106 1075 4196 infamia,
1092 4110 1194 4201 possit
1202 4110 1305 4202 judex
1319 4135 1425 4204 gene·

279 4219 387 4296 taliter
410 4215 558 4296 subditos
580 4215 781 4313 interrogare
802 4214 875 4313 quis
894 4214 1026 4310 feeerit,
1051 4215 1120 4322 ipse
1142 4217 1289 4297 occutus
1312 4219 1427 4302 aetati
