3050 4984
267 422 306 488 78
645 443 821 490 raacrarns
843 446 882 490 nr
904 443 1035 492 marcus.

266 589 283 627 u
306 562 383 632 dere
407 563 521 649 dehet,
546 570 579 630 et
597 570 678 631 tune
700 565 835 655 recipiat
861 573 969 650 testea
985 587 1069 656 quos
1089 564 1145 632 itte
1168 562 1326 655 producet
1347 563 1409 656 qui

267 695 284 735 a
306 669 494 760 impetravit
505 668 763 761 inquisitionem.
782 672 876 740 Tunc
887 673 916 741 si
929 672 985 741 ille
994 678 1128 762 negaret
1135 670 1306 739 infamiam
1317 693 1407 762 prae-

265 803 281 842 a
305 775 448 862 cessisse,
479 785 649 866 cognoscet
675 778 785 868 primo
809 779 912 870 judex
942 787 1058 846 utrum
1086 778 1130 846 sit
1154 777 1344 865 infamatus,
1373 791 1405 846 et

264 891 416 973 «postea
442 881 592 972 procedet
617 905 715 975 super
742 885 783 951 iis
809 907 884 975 quaa
910 885 1101 952 denuntiata
1119 892 1196 952 sunt
1214 910 1221 950 ε
1240 882 1322 950 alias
1338 905 1404 951 non

265 1015 282 1056 a
305 988 469 1081 procedat,
487 988 551 1056 nisi
564 989 672 1079 primo
687 1000 810 1058 constet
825 989 913 1082 quod
937 991 979 1058 sit
1005 990 1196 1058 infamatus.
1212 988 1253 1056 Et
1275 989 1302 1056 si
1316 997 1407 1057 actor
1512 984 1513 993 ’

265 1123 281 1161 «
306 1096 419 1187 probet
441 1095 536 1162 illum
565 1117 633 1163 esse
649 1095 860 1182 infamatum,
887 1119 962 1164 rens
978 1104 1082 1186 potest
1106 1096 1244 1186 probare
1259 1093 1347 1186 quod
1364 1095 1407 1162 sit

265 1230 282 1268 a
305 1203 400 1270 bonae
414 1201 526 1286 famas,
551 1224 626 1268 cnm
641 1203 750 1292 potius
765 1204 807 1270 sit
827 1203 1044 1293 privilegium
1069 1203 1164 1271 bonae
1188 1203 1287 1269 famae
1302 1223 1404 1293 quam
1512 1224 1513 1227 ¹

265 1334 282 1373 «
306 1308 463 1376 infamiae.
481 1306 517 1374 Si
531 1328 609 1374 vero
630 1307 755 1374 crimen
776 1309 944 1398 probetur,
963 1308 1130 1398 puniatur.
1148 1308 1185 1377 Si
1200 1317 1310 1375 antem
1336 1329 1404 1374 nou
1512 1388 1513 1395 ἵ

179 1444 180 1454 ¹
263 1441 280 1479 u
305 1414 467 1506 probavit,
492 1412 605 1504 puniri
619 1412 715 1481 debet
736 1413 794 1505 qui
809 1413 998 1505 impetravit
1013 1415 1270 1506 inquisitionem.
1294 1413 1336 1482 Et
1360 1415 1406 1480 ita

265 1548 281 1586 a
307 1521 397 1588 idem
412 1515 460 1586 est
474 1527 636 1610 quantum
650 1519 691 1585 ad
707 1541 854 1610 poeunm,
872 1519 1003 1610 quando
1018 1518 1204 1611 proceditur
1216 1518 1258 1586 ad
1273 1519 1406 1610 petitio-

262 1653 281 1693 «
302 1650 380 1694 nem
396 1625 534 1714 alicujus
545 1625 771 1715 prosequentis
793 1625 1055 1716 inquisitionem,
1072 1626 1156 1693 sicut
1178 1623 1309 1715 quaudo
1324 1646 1406 1716 pro-

264 1760 281 1800 u
304 1731 430 1800 ceditur
446 1753 503 1820 per
516 1729 660 1798 officium
668 1729 799 1821 judicis,
814 1732 856 1798 ad
869 1730 993 1799 famam
1006 1732 1059 1799 vel
1072 1733 1264 1799 clamorem.
1275 1731 1403 1798 Etcum

264 1869 281 1906 u
305 1839 490 1930 proceditur
504 1838 544 1905 ad
561 1838 841 1907 denuntiationem
864 1837 1002 1928 alicujus
1016 1839 1241 1930 prosequentis
1263 1840 1403 1931 inquisi-
1512 1872 1513 1891 .

264 1973 281 2012 u
305 1948 440 2032 tionem,
453 1968 518 2012 nou
531 1946 628 2013 credo
641 1945 859 2014 necessariam
873 1968 942 2014 esse
954 1947 1216 2015 admonitionem
1228 1974 1236 2033 ;
1251 1949 1404 2038 quianon
1512 1972 1513 1975 ¹

265 2079 281 2118 s
304 2052 414 2140 agitur
430 2049 475 2118 nd
485 2051 730 2142 poenitentiam,
761 2073 826 2143 quo
849 2075 925 2120 casn
952 2055 1130 2122 necessaria
1149 2063 1198 2122 est
1222 2054 1405 2122 admonitio

264 2186 280 2224 u
303 2157 484 2227 secundum
494 2159 635 2226 formam
644 2158 828 2248 Evangelii.
841 2158 905 2227 Sed
919 2161 954 2227 in
964 2160 1126 2250 praedictis
1137 2160 1405 2229 duobuscasibus

263 2293 280 2332 u
305 2267 432 2357 (nempe
452 2264 622 2333 homicidii
635 2278 665 2334 et
676 2266 849 2357 simonie),
865 2268 975 2357 agitur
988 2268 1029 2336 ad
1046 2291 1191 2358 poenam,
1208 2279 1245 2336 ut
1259 2270 1402 2360 pradic-

262 2400 279 2441 α
302 2383 375 2443 tum
390 2386 447 2441 est.
463 2373 503 2439 Et
517 2371 612 2439 aliter
626 2373 788 2441 formatur
803 2375 915 2465 petitio
930 2373 1187 2444 denuntiationis
1202 2399 1278 2443 cum
1294 2377 1405 2464 agitur

262 2509 280 2548 u
302 2481 343 2549 ad
353 2501 504 2571 paenam,
527 2487 559 2547 et
573 2480 668 2546 aliter
681 2502 759 2547 cum
776 2481 988 2550 denuntiatur
1001 2481 1048 2550 od
1058 2484 1311 2574 poeniteatiom;
1326 2485 1403 2574 quia

263 2615 280 2656 u
304 2597 381 2657 tuuc
395 2589 504 2676 agitur
515 2585 556 2651 ad
571 2587 799 2676 poeniteutiam
807 2588 1043 2678 peragendam,
1058 2591 1175 2659 nonad
1190 2612 1323 2680 poenam
1336 2594 1403 2657 inr-
1512 2632 1513 2635 =

262 2722 279 2762 a
302 2693 487 2788 ponendam
497 2690 595 2760 officii
609 2692 659 2760 vel
668 2692 828 2761 beneficii.
844 2721 862 2760 n
880 2696 1018 2786 (Glossa,
1036 2701 1070 2765 in
1086 2720 1158 2789 cap.
1178 2698 1330 2780 Qualiter
1344 2701 1402 2781 tt,

259 2806 307 2870 tit.
328 2807 359 2888 1,
377 2800 435 2868 lib.
455 2804 472 2866 5
489 2800 629 2885 Decret,
645 2801 686 2867 ad
698 2802 799 2868 verba
812 2805 863 2869 An
876 2803 1134 2896 inpuirendum.)

302 2910 349 2976 Ibi
374 2907 516 2999 profecto
541 2908 614 2974 tuce
630 2907 812 2975 meridiana
834 2910 952 2977 clarius
967 2910 1180 3000 distinguitur
1200 2913 1405 2982 denuntiatio
1512 2952 1513 2957 κ

259 3015 305 3084 ud
323 3034 494 3106 poenama
522 3013 769 3080 denuntiatione
786 3013 833 3081 od
847 3017 1083 3105 paenitentiam
1092 3043 1106 3102 ,·
1129 3027 1161 3087 et
1176 3042 1345 3110 processus
1359 3043 1402 3088 ex

259 3121 503 3191 denuntiatione
519 3120 559 3185 ad
577 3141 723 3209 prauam,
738 3142 806 3187 non
822 3122 863 3189 ad
878 3123 969 3189 cmm
982 3123 1252 3208 denuntiationis,
1268 3128 1324 3195 sed
1340 3149 1404 3194 ex-

258 3250 366 3322 presse
388 3225 433 3294 od
446 3225 536 3293 ciam
560 3226 782 3316 inquisitionis
797 3228 938 3296 refertur
955 3252 963 3294 ι
983 3231 1051 3298 imo
1075 3233 1166 3299 vium
1181 3233 1404 3324 inquisitionis

259 3346 327 3405 tam
343 3333 462 3402 habere
476 3333 585 3400 locum
600 3332 732 3417 dicitur,
762 3356 839 3401 cum
859 3335 962 3424 judex
990 3337 1135 3426 procedit
1155 3339 1197 3406 ad
1211 3342 1401 3408 instantiam

260 3443 397 3532 alicujus
410 3441 632 3506 denuntiantis
653 3440 699 3506 od
706 3461 858 3529 poenum,
884 3465 986 3533 quarn
1002 3465 1078 3511 cnm
1095 3445 1240 3534 procedit
1251 3470 1293 3514 ex
1309 3470 1404 3515 mero

257 3575 317 3620 suo
332 3548 449 3634 officio,
474 3549 602 3614 nemine
629 3549 748 3615 scilicet
777 3560 946 3617 accusante
972 3563 1029 3619 aut
1056 3552 1280 3622 denuntiante.
1311 3555 1403 3644 Ergo

258 3678 373 3728 revera
394 3650 481 3744 apud
511 3661 635 3720 veteres
657 3655 741 3743 juris
764 3657 846 3722 sacri
872 3658 1075 3748 interpretes,
1100 3659 1320 3750 inquisitionis
1346 3663 1404 3730 viu
1512 3654 1513 3663 ¹

260 3767 426 3836 dicebatur
440 3770 471 3829 et
484 3762 725 3848 intelligebatur
733 3784 823 3853 mque
837 3777 867 3831 et
882 3767 985 3832 nmul
993 3788 1162 3856 processus
1177 3770 1405 3859 inquisitorius

261 3895 303 3943 ex
319 3893 410 3939 mero
422 3867 540 3959 judicis
550 3866 669 3955 officio,
687 3879 718 3936 et
731 3892 900 3959 processus
915 3873 1139 3964 inquisitorius
1153 3877 1196 3943 ad
1211 3877 1402 3948 instantiam

260 3979 398 4069 alicujus
413 3975 648 4060 denuntiantis,
666 3975 764 4043 modo
780 3978 986 4048 denuntiaret
1000 3979 1047 4049 ud
1054 4004 1202 4073 poenum,
1216 4003 1273 4052 seu
1289 3987 1403 4076 puhli-

261 4110 333 4155 cam
349 4083 457 4152 delicti
473 4081 654 4150 vindictam
671 4083 893 4154 obtinendam.

306 4191 427 4258 Atvero
440 4187 603 4254 subsecuti
629 4183 813 4256 tractatistaa
836 4193 1004 4261 notionem
1028 4194 1111 4264 hanc
1126 4197 1166 4264 de
1179 4198 1235 4264 cia
1259 4199 1403 4292 inquisi-
