3050 4984
557 454 631 499 esus
652 423 796 498 secunus.
1177 428 1235 492 481

100 571 256 639 lacteum
273 593 333 658 per
353 574 419 642 Nos
442 576 648 640 constitutum
674 573 747 652 (vel,
772 575 855 636 citra
877 580 984 636 tomen
1005 573 1240 636 revocationem

99 683 244 746 aliorum
273 682 475 748 Vitariorum
497 690 693 758 nostrorum,
711 699 772 764 per
788 698 847 744 nos
865 680 949 743 alins
969 679 1240 760 constitutorum),

96 791 277 872 prefatum
302 791 344 858 N.
368 791 592 854 emistituimus
609 797 642 852 et
657 806 805 852 creamus
833 787 998 853 Vitorium
1018 795 1166 851 nostrum
1188 805 1242 868 pe·

98 897 245 960 noralem
266 899 302 961 in
319 899 462 975 ecclesia,
477 899 607 962 civitate
621 907 652 960 et
664 895 785 960 diocesi
795 903 918 973 nostra,
942 904 1008 959 tam
1030 896 1064 958 in
1085 903 1244 977 temporo-

99 1003 188 1067 libus
205 1022 307 1086 quam
326 1007 361 1067 in
382 1004 631 1086 spiritualibus:
647 1003 759 1068 dantes
778 1013 808 1068 et
827 1003 1029 1068 concedentes
1051 1001 1155 1066 eidem
1176 1001 1242 1084 ple-

98 1129 181 1174 nam
205 1120 236 1175 et
253 1112 389 1176 liberam
404 1119 593 1194 potestatem
614 1120 646 1175 et
667 1111 862 1176 mandatum
884 1109 1022 1192 speciale
1025 1159 1084 1172 .....
1109 1111 1240 1191 (Castora

97 1218 236 1282 describi
257 1225 390 1298 possunt
414 1224 450 1282 ut
474 1221 508 1284 in
531 1220 670 1284 formula
696 1219 910 1302 deputationis
937 1217 1052 1283 Vioarii
1080 1216 1241 1297 generalis

98 1325 256 1408 Episcopi,
271 1344 346 1390 eum
365 1327 425 1390 hoc
443 1327 614 1408 additione)
630 1347 637 1388 :
652 1344 768 1390 causas
782 1325 966 1390 criminales
984 1335 1015 1390 et
1032 1324 1151 1401 civiles,
1172 1341 1241 1386 ma-

97 1431 302 1496 trimoniales
327 1440 358 1496 et
380 1433 593 1513 beruficiales,
617 1444 649 1497 et
669 1451 890 1517 quascumque
915 1425 1006 1496 alias'
1022 1441 1091 1495 tam
1116 1431 1239 1514 primi-

94 1539 189 1622 pales
217 1558 320 1622 quam
343 1540 518 1604 incidentes
543 1549 574 1603 et
595 1558 656 1622 per
680 1539 930 1624 appellationem
954 1538 1121 1603 devolutas
1148 1545 1179 1600 et
1205 1538 1239 1600 in

93 1655 266 1729 posterum
288 1647 514 1728 devolvendae,
540 1656 571 1712 et
592 1667 666 1732 qua
691 1648 739 1711 ad
758 1648 880 1712 dictam
902 1657 1049 1711 nostram
1075 1645 1239 1710 ecclesiam

91 1755 304 1836 pertinebunt
324 1756 364 1820 de
379 1757 457 1838 jure
476 1757 530 1820 vel
546 1755 786 1835 consuetudine,
802 1755 962 1820 audiendi
974 1763 1005 1818 et
1028 1753 1066 1817 dc
1086 1756 1164 1837 ipsis
1187 1771 1238 1816 co-

97 1862 295 1942 preessent&
313 1871 477 1928 eleutero
497 1867 609 1928 onmia
627 1883 700 1946 quoe
715 1872 793 1957 sunt
814 1863 1003 1945 episcopalis
1024 1871 1055 1926 et
1078 1861 1238 1943 arcbiepi-

95 1969 237 2051 scopalis
244 1970 482 2050 jurisdictionis
496 1971 667 2036 exercendi
677 1978 709 2035 et
722 1969 923 2034 terminandi
925 2015 935 2033 .
952 1993 966 2028 o

633 2167 706 2237 vll.

342 2334 447 2382 rom
468 2335 685 2383 osemsttoms
707 2335 823 2382 Vlfflss
845 2335 989 2384 tonsum.

143 2491 232 2568 «n,
253 2492 313 2556 Dei
335 2500 366 2555 et
385 2492 575 2574 Apostolicce
595 2491 691 2556 Sedis
713 2493 824 2573 pratia
845 2491 1024 2573 Episcopus
1046 2490 1101 2567 N.,
1124 2488 1237 2551 dilecto

96 2597 169 2666 N...
190 2634 229 2645 -
249 2599 406 2664 Omnibus
426 2606 544 2662 nostra
559 2599 801 2681 jurisdictionis
823 2599 973 2681 subjectis
992 2616 1057 2682 pro
1077 2591 1235 2660 adminis-

97 2708 237 2770 tratione
255 2708 395 2789 justitie
412 2707 584 2790 providere
602 2709 774 2789 cupientes,
800 2716 831 2770 et
848 2725 888 2770 ne
903 2726 965 2790 pro
987 2707 1082 2770 rebus
1102 2705 1235 2783 levibns,

93 2817 277 2896 presertim
291 2815 326 2876 in
344 2814 502 2892 civilibus,
517 2823 611 2878 etctm
625 2815 732 2878 iocum
753 2815 910 2878 domicilii
928 2815 997 2880 lites
1011 2815 1168 2876 sustinere
1183 2830 1234 2874 co·

95 2929 242 3001 paritur:
264 2922 316 2998 Te,
333 2922 372 2985 de
394 2922 486 3002 cujus
498 2920 661 3003 probitate
680 2929 712 2984 et
727 2920 902 2984 idoneitate
921 2919 1104 3005 plurimum
1119 2921 1153 2981 in
1169 2920 1234 2983 Do-

95 3030 187 3092 mino
204 3029 405 3107 confidimus,
422 3031 457 3091 in
471 3037 619 3091 nostrum
636 3029 797 3092 uicarium
814 3029 999 3108 fornum,
1020 3028 1067 3090 nd
1087 3026 1235 3110 benepla-

93 3139 196 3198 citum
215 3143 374 3214 nostrum,
397 3135 459 3198 loci
479 3135 520 3202 N.
540 3145 659 3200 nostra
675 3134 817 3198 dioecesis
829 3137 981 3216 facimus,
998 3135 1232 3210 eonstlmimus,

96 3242 290 3325 deputamus
314 3264 323 3303 :
349 3242 462 3306 dantes
491 3242 560 3306 Tibi
578 3242 770 3322 facilitatem
797 3261 912 3306 causas
935 3243 1043 3306 ciuiles
1066 3261 1167 3324 usque
1190 3241 1237 3304 ad

93 3367 261 3413 summam
272 3359 473 3413 scutatorum
489 3397 537 3426 ...,
552 3359 583 3413 et
596 3368 661 3413 non
675 3350 775 3428 ultra,
795 3350 961 3428 audiendi,
981 3351 1191 3432 copnoscendi
1203 3358 1234 3412 et

94 3457 296 3521 terminandi
299 3475 313 3536 ;
334 3459 368 3520 in
391 3455 614 3520 cn'minalibus
637 3475 713 3520 oero
733 3457 867 3534 leuibus,
891 3466 981 3521 testes
1007 3457 1230 3534 examinandi,

85 3583 277 3649 processum
296 3565 545 3645 informationem
564 3564 763 3643 conficiendi,
784 3574 815 3627 et
829 3565 876 3628 ad
892 3573 1039 3629 nostrum
1067 3565 1232 3630 Vicarium

90 3673 278 3754 peneralem
292 3671 534 3736 transmittendi
535 3689 550 3751 ;
563 3670 694 3754 aliaque
714 3673 845 3752 nepotia
865 3671 912 3734 od
923 3673 1188 3754 jurisdictionem
1202 3681 1232 3736 et

91 3781 242 3846 tribunal
257 3780 435 3863 episcopale
452 3779 631 3860 spectantia
649 3777 818 3857 audiendi,
843 3787 873 3842 et
895 3789 1007 3861 postea
1031 3781 1123 3844 nobis
1146 3781 1229 3862 refe·

90 3890 189 3955 rendi
192 3908 205 3970 ;
218 3897 249 3953 el
267 3889 336 3952 alia
354 3888 499 3968 faciendi
517 3905 590 3969 pua
608 3889 727 3950 vicarii
739 3887 871 3966 foranei
891 3888 970 3952 dicti
988 3888 1050 3952 loci
1062 3878 1139 3972 pro
1152 3899 1229 3953 tem·

86 4015 169 4082 pore
190 3998 298 4077 [acere
327 4013 534 4072 consueuere;
558 4013 633 4059 cum
652 3995 802 4060 omnibus
819 3996 1005 4077 notioribus,
1030 3997 1180 4061 oneribus
1200 4007 1231 4063 et

91 4104 317 4169 emolumentis
334 4103 436 4166 solitis
454 4110 486 4165 et
505 4103 661 4165 consuetis
678 4103 896 4168 :mandantes
920 4104 1068 4168 omnibus
1088 4103 1135 4166 od
1150 4123 1231 4186 qnos

90 4220 224 4297 spectat,
239 4219 276 4275 ut
294 4210 334 4274 Te
343 4212 378 4272 in
392 4211 490 4272 talem
499 4221 737 4292 recopnoscant,
753 4211 885 4294 tibique
898 4213 1048 4276 obediant
1057 4212 1117 4276 sub
1129 4215 1232 4296 poenis

258 4340 289 4384 ιι.
1041 4325 1072 4384 31
