3050 4984
561 376 581 411 Ι

321 495 382 557 338
675 512 851 559 susurrus
877 512 916 559 ur
939 513 1073 559 ruurcns.

316 644 425 703 nostre
451 634 560 719 thesis,
588 632 694 725 quood
720 657 792 703 sem
820 643 961 725 purtem,
982 656 1047 727 quo
1068 633 1237 725 Episcopis
1251 632 1454 702 vindiosmus

318 738 629 832 estre-judicinlium
657 741 907 831 suspensionum
934 741 1119 811 facultatem
1146 739 1194 809 ad
1220 740 1453 832 beneplacitum

317 872 375 917 ssu
390 849 510 939 absque
522 848 676 939 temporis
683 848 890 938 praefixione.
907 847 991 917 Nsm
1006 846 1219 917 Lusionensis
1233 847 1383 915 Antistes
1397 847 1453 915 hoc

318 956 414 1025 modo
429 954 621 1046 parociam,
639 953 679 1023 dc
694 976 759 1044 quo
773 954 807 1021 in
821 976 917 1022 csuss
932 954 1055 1043 agitur,
1071 954 1301 1045 suspenderut3
1317 962 1351 1023 et
1371 954 1452 1021 nihi-

316 1062 458 1130 lominus
486 1062 588 1152 ipsius
613 1061 805 1129 sententiam
828 1060 1158 1151 SscrsCongregutio
1171 1060 1313 1129 Consilii
1326 1060 1454 1131 firmam

316 1168 490 1237 declaravit
509 1168 565 1261 (1).

359 1276 543 1345 Psorosrrro
559 1274 614 1343 V·.
628 1314 672 1329 -
690 1276 823 1346 Certum
835 1298 902 1343 non
914 1287 971 1357 est,
987 1298 1080 1367 posse
1093 1276 1295 1366 Episcopum
1306 1276 1454 1367 eriasu-

200 1398 205 1417 ·
315 1396 408 1453 mata
433 1383 627 1453 conscientia
649 1381 842 1475 suspendere
863 1406 885 1449 a
912 1382 1073 1473 beneficio,
1103 1395 1134 1451 et
1155 1382 1290 1472 privare
1317 1382 1456 1473 bmefio'i

310 1490 473 1583 [ructibus
483 1529 528 1543 -
543 1488 711 1557 remissive
722 1488 763 1557 sd
781 1497 878 1579 ceput
893 1512 1042 1581 sequens.

360 1598 543 1667 Psoeosnro
558 1596 630 1665 VP.
647 1633 692 1649 -
706 1598 853 1665 Potestas
867 1594 1024 1688 Episcopi
1035 1618 1205 1664 ascensum
1218 1595 1264 1662 ad
1277 1618 1388 1664 sacros
1400 1618 1454 1663 or-

314 1702 404 1765 dines
418 1719 459 1764 ec
473 1700 653 1781 informata
678 1700 872 1764 corneientio
888 1700 1112 1779 interdicendi,
1133 1699 1346 1782 intellipendo
1360 1702 1453 1764 ctiam

315 1817 361 1873 est
375 1808 414 1871 de
428 1806 540 1870 ordine
553 1806 724 1888 superiori,
741 1806 877 1871 relative
890 1808 937 1871 ad
945 1826 1020 1871 eum
1039 1810 1098 1890 qui
1109 1808 1258 1871 ordinem
1269 1808 1456 1889 inferiorem

313 1920 391 1998 jam
404 1914 541 1997 recepit;
556 1914 648 1977 verbi
660 1914 783 1994 pratia,
811 1914 851 1978 de
877 1914 1055 1978 diaconatu
1078 1923 1111 1979 et
1127 1914 1360 1997 presbyteratu
1374 1915 1454 1979 relo-

314 2024 378 2085 tioc
391 2022 438 2085 ad
449 2020 695 2098 subdiaconum,
709 2027 741 2084 et
754 2020 794 2084 de
803 2022 1031 2104 presbyteratu
1053 2022 1188 2087 relative
1201 2023 1249 2086 ad
1270 2021 1454 2087 diaconurn

315 2168 358 2181 -
374 2128 409 2196 ld
425 2128 496 2195 lusu
511 2126 626 2217 probat
639 2126 815 2217 Fsgnanus
832 2129 877 2217 (in
892 2138 991 2219 ceput
1004 2132 1059 2198 Ec
1075 2142 1196 2212 tenore,
1217 2128 1258 2197 dc
1273 2130 1387 2221 Temp.
1405 2152 1456 2197 or-

315 2236 397 2317 din,
414 2256 448 2303 n.
478 2234 545 2323 13),
562 2232 625 2319 his,
641 2234 726 2303 inter
740 2234 833 2321 alias,
848 2234 984 2303 innixus
1005 2235 1187 2305 rationibus
1205 2262 1214 2302 ε
1234 2239 1267 2300 1⁰
1282 2236 1455 2305 concilium

315 2338 543 2407 Tridentinurn
571 2339 649 2429 (cap.
684 2344 714 2425 l,
732 2362 812 2407 sess.
845 2344 897 2424 il,
924 2338 965 2409 de
987 2342 1070 2430 lies.)
1087 2340 1258 2431 Episcopis
1273 2338 1456 2407 facultatem
1508 2333 1509 2404 l

314 2446 460 2513 tribuens
475 2443 689 2513 interdicendi
703 2466 745 2511 ex
762 2443 939 2512 informato
953 2446 1149 2513 conscientia
1163 2466 1336 2513 ncensunr
1351 2444 1394 2513 sd
1408 2466 1456 2511 ss-
1508 2415 1509 2470 ¹

315 2574 387 2621 cros
400 2551 542 2635 ordines,
555 2551 660 2619 utitur
674 2550 817 2619 lormuls
831 2574 920 2643 quas,
936 2574 978 2620 ex
992 2574 1089 2620 sensu
1101 2552 1199 2620 obvio
1214 2561 1245 2619 et
1259 2552 1455 2641 grammati·
1507 2621 1508 2630 ,

315 2658 387 2744 cali,
404 2679 517 2725 omnes
540 2656 670 2725 ordines
685 2680 795 2725 sacros
809 2657 1055 2749 comprehendit
1083 2685 1091 2725 ι
1119 2658 1197 2728 dicit
1222 2659 1327 2743 enim,
1351 2660 1383 2725 ei
1405 2660 1457 2726 ceri

316 2786 461 2832 neonus
476 2762 522 2831 ad
534 2786 643 2831 sacros
665 2763 794 2832 ordines
809 2787 831 2831 a
845 2786 903 2832 suo
921 2765 1117 2833 Prolata...
1131 2765 1233 2833 etiarn
1245 2764 1455 2856 entra-judi·

316 2872 443 2941 cialiter
454 2870 557 2961 [uerit
572 2869 762 2938 interdictus
838 2898 855 2937 u
871 2883 994 2941 etcum
1009 2874 1110 2941 verba
1124 2874 1192 2942 sint
1206 2875 1284 2941 satis
1298 2874 1389 2941 claro
1405 2874 1455 2961 (ait
1506 2909 1507 2974 t

317 2976 1453 3071 acitetussuetor)‚nonadmittuntinterpretationemnequevolunta·
1506 2991 1507 3066 ζ

321 3114 337 3150 u
359 3084 640 3175 lisconJectursm.
659 3108 675 3147 s
692 3087 725 3150 2⁰
742 3085 851 3153 Potest
865 3085 1229 3176 Episcopusabordiuis
1238 3086 1307 3176 jem
1318 3086 1454 3176 suscepti
1506 3077 1508 3136 l

318 3192 470 3261 exercitio
485 3191 638 3259 clericum
656 3212 698 3258 ex
715 3188 889 3259 iniormuts
913 3192 1108 3260 conscientia
1122 3195 1333 3284 suspendere,
1349 3203 1388 3261 ut
1402 3216 1454 3260 su·
1505 3199 1506 3244 t

318 3318 377 3387 pru
391 3295 564 3387 probatum
578 3304 643 3383 est;
667 3322 683 3361 o
711 3317 791 3383 ergo
806 3295 909 3365 multo
935 3297 1039 3387 magis
1063 3299 1151 3389 (sunt
1174 3298 1274 3367 verbs
1296 3298 1453 3387 Fsgnsui)

322 3428 338 3467 n
363 3402 479 3494 poterii
493 3401 684 3469 interdicere
699 3402 808 3469 eidem
825 3413 987 3493 promoto,
1003 3426 1044 3471 ne
1055 3404 1096 3471 ad
1109 3404 1190 3472 ulios
1203 3402 1337 3473 ordines
1351 3426 1454 3475 sacros
1504 3493 1505 3496 Ἴ

323 3534 340 3575 a
362 3508 527 3593 asceudat;
546 3507 623 3599 quis
637 3507 767 3577 facilius
782 3510 959 3599 impeditur
985 3510 1240 3600 promovendus,
1256 3533 1361 3601 quum
1376 3512 1455 3602 deji·
1504 3507 1505 3600 l

323 3643 339 3682 s
363 3616 446 3685 citur
459 3623 642 3706 promotus.
661 3642 677 3679 s

364 3724 546 3792 Psorosrrro
563 3720 648 3790 Vltr.
666 3760 710 3775 -
727 3726 764 3789 lu
776 3723 920 3813 serendis
934 3726 1101 3793 sententiis
1116 3748 1156 3793 ec
1168 3726 1353 3815 informata
1379 3748 1456 3795 eon·

349 3968 382 4031 (t)
397 3964 483 4015 Nolim
497 3968 595 4025 umen,
609 3962 694 4027 quossi
708 3963 892 4030 suspensiones
906 3967 933 4015 in
943 3968 1103 4029 mutuum,
1117 3967 1243 4017 lectorem
1257 3966 1341 4019 fidere
1355 3967 1456 4018 conclu

318 4048 385 4097 iloni
400 4058 473 4107 mess,
481 4056 556 4107 posse
566 4043 667 4095 scilicet
680 4058 723 4095 ess
736 4059 769 4095 ex
781 4045 918 4097 intormsu
929 4040 1091 4097 couscientia
1100 4046 1270 4111 pronuntiari.
1282 4048 1349 4099 Nem
1361 4052 1458 4098 contre

318 4129 386 4177 rium
405 4131 526 4189 tunquam
542 4130 642 4175 certum
660 4126 746 4176 Romus
762 4141 778 4176 s
788 4126 855 4191 juris
865 4126 932 4177 sscri
942 4127 1033 4191 peritis
1042 4127 1145 4189 haberi,
1155 4126 1220 4177 mihi
1234 4126 1361 4179 dixerunt
1372 4140 1456 4179 eumin

317 4205 445 4257 nonnulli.
470 4202 576 4254 lltsdso
588 4205 714 4269 suspicor,
727 4206 915 4257 mercritsteru
935 4208 962 4258 in
976 4206 1025 4258 hec
1041 4220 1079 4269 re,
1095 4222 1127 4257 ex
1148 4206 1457 4270 ignoretudocumentis,

318 4301 371 4339 nou
387 4287 463 4336 brisso
476 4284 537 4337 saus
549 4289 703 4337 uncorum.
