3050 4984
290 528 351 589 tto
662 542 837 587 'inficiatus
861 542 897 585 na
920 541 1051 585 artuicus.

291 694 307 729 ιι
331 661 852 749 senatusconsultis‚Prudentium
862 657 1429 753 responsis,constitutionibusPrin-

289 800 306 837 ι
328 770 449 862 cipum)
466 792 559 838 suum
569 768 769 838 nativitatem
782 768 949 837 adscribit.
967 768 1128 838 Praetoria
1142 773 1203 854 est,
1219 788 1296 857 qum
1307 772 1429 855 praeter

288 908 306 944 ι
328 879 539 947 intentionem
551 876 636 967 juris
659 876 778 963 civilis,
795 898 837 943 ex
850 875 1053 966 benignitate
1079 873 1242 965 praetoris,
1259 872 1293 939 in
1314 871 1427 940 orbem
1518 864 1519 939 ζ

288 1013 305 1051 ι
328 983 521 1053 litterarium
536 991 585 1052 est
599 984 739 1052 invecta.

333 1120 350 1157 ιι
362 1093 509 1183 Utraque
523 1089 743 1159 subdividitur
757 1089 792 1157 iu
807 1088 927 1159 realem
942 1095 975 1158 et
989 1086 1203 1181 personalem.
1221 1084 1329 1156 Realis
1344 1085 1430 1154 dici-

288 1226 305 1265 «
328 1207 393 1283 tur,
409 1218 484 1288 qua
500 1194 605 1264 oritur
621 1218 664 1263 ex
677 1196 752 1286 jure
769 1195 805 1261 in
818 1216 866 1280 re,
883 1216 949 1286 quo
965 1216 1082 1287 nempe
1096 1216 1149 1261 res
1163 1193 1234 1284 ipsa
1249 1192 1344 1261 nobis
1360 1192 1429 1260 im·
1518 1252 1519 1257 ,

289 1330 306 1369 ι
329 1300 705 1371 mediatesubordinatur
716 1302 750 1368 in
759 1300 876 1370 ordine
890 1300 1081 1393 adaliquam
1091 1299 1334 1391 dispositionem
1344 1298 1432 1367 circa
1518 1298 1519 1349 ἶ

288 1435 305 1474 ι
328 1409 418 1478 illam
443 1407 669 1476 exeroendam.
686 1406 883 1477 Subsecatur
903 1408 938 1474 in
961 1404 1177 1475 universalem
1200 1412 1233 1473 et
1255 1400 1431 1494 particula-

289 1542 307 1581 ι
329 1537 410 1583 rem.
432 1513 627 1582 Universalis
651 1522 699 1581 est
713 1536 789 1605 quae
805 1513 911 1583 oritur
927 1536 968 1584 ex
984 1513 1058 1605 jure
1072 1511 1214 1605 quodem
1237 1509 1429 1593 universali,

289 1650 306 1687 ι
329 1621 559 1711 complectente
572 1619 733 1689 nimirum
747 1620 823 1711 jura
837 1622 941 1690 activa
956 1630 988 1690 ot
1003 1620 1148 1712 passiva3
1169 1618 1284 1689 ethaeo
1299 1628 1360 1706 est,
1378 1618 1431 1687 vel

289 1757 306 1794 ι
325 1726 441 1819 petitio
454 1726 656 1797 hereditatis
668 1726 802 1813 directa,
814 1736 870 1797 aut
882 1728 958 1796 fidei
974 1728 1254 1797 commissionaria
1263 1753 1272 1814 ;
1289 1726 1431 1817 velqae-

287 1863 304 1899 ι
328 1834 397 1903 reia
410 1834 585 1926 inofficiosi
599 1835 794 1904 testamenti.
809 1836 1037 1917 Particularis,
1054 1835 1107 1905 vel
1121 1834 1289 1903 descendit
1303 1856 1343 1903 ex
1355 1832 1432 1924 jure
1518 1832 1519 1837 ’

290 1970 307 2008 ι
330 1964 440 2011 rerum
455 1939 708 2033 incorporalium
733 1941 786 2010 vel
810 1942 1039 2033 corporalium.
1065 1942 1160 2011 Prior
1175 1940 1433 2010 continetactio·
1518 1954 1519 2037 ζ

290 2076 308 2115 ι
331 2072 405 2117 nem
420 2048 704 2141 hypothecariam,
728 2070 795 2140 qua
810 2070 879 2117 rem
894 2049 1025 2140 pignori
1040 2070 1160 2117 nexam
1176 2046 1403 2141 persequimur
1422 2072 1430 2112 ι

290 2182 308 2221 ιι
331 2156 490 2224 actionem
504 2155 744 2245 confessoriam,
761 2176 828 2247 qua
843 2155 1032 2225 servitutem
1042 2154 1089 2223 rei
1098 2162 1219 2224 nostrae
1232 2153 1407 2222 asserimus
1422 2179 1430 2218 :
1518 2148 1519 2153 ’

291 2290 308 2327 ι
330 2261 488 2330 actionem
516 2262 736 2352 nepatoriam,
760 2284 827 2353 qua
852 2284 1010 2351 negamus
1029 2260 1122 2331 alteri
1141 2262 1328 2330 servitutem
1345 2260 1381 2327 in
1398 2281 1434 2329 re

290 2398 307 2437 ι
331 2381 441 2442 nostra
455 2381 649 2464 competere.
667 2374 833 2443 Posterior
843 2375 949 2443 oritur
964 2374 1016 2443 vel
1031 2397 1073 2444 ex
1089 2374 1235 2443 dominio
1252 2374 1361 2465 pleno,
1380 2374 1433 2442 vel

291 2480 441 2547 «minus
466 2478 562 2569 pleno
588 2503 654 2548 :ex
671 2481 732 2549 hoc
759 2480 886 2573 (nempe
911 2481 1018 2548 minas
1039 2481 1149 2572 pleno)
1177 2480 1325 2572 provenit
1349 2481 1434 2549 actio

291 2615 308 2652 ι
332 2586 639 2677 emphyteuticaria,
656 2586 709 2654 vel
722 2586 811 2655 utilis
822 2588 868 2655 rei
879 2586 1069 2675 vindicatio,
1078 2611 1144 2679 qua
1153 2610 1235 2674 rem,
1245 2587 1341 2678 cujus
1352 2586 1434 2655 utile

293 2722 309 2759 ιι
332 2692 516 2761 dominium
531 2692 700 2778 habemus,
716 2716 736 2761 a
751 2716 957 2786 quocumque
972 2716 1155 2785 possessore
1177 2694 1365 2785 repetimus.
1386 2694 1432 2762 11-
1518 2712 1519 2715 ’

293 2828 309 2865 ι
333 2799 389 2867 lud
408 2798 605 2889 (dominium
613 2799 762 2890 plenam)
778 2800 973 2892 quandoque
985 2809 1033 2869 est
1043 2802 1161 2892 'pictam
1176 2810 1434 2891 tantumquan·
1518 2864 1519 2869 ,

293 2934 309 2970 ιι
334 2906 439 2997 doque
450 2928 565 2972 verum
585 2914 644 2973 est.
662 2906 699 2974 Si
713 2908 827 2975 fiotum
843 2916 982 2994 tantum,
998 2908 1156 2999 triplicem
1171 2907 1320 2999 producit
1333 2908 1435 2975 actio·
1518 2932 1519 2935 ¹

293 3039 311 3077 ι
335 3034 410 3079 nem
428 3038 435 3078 :
451 3010 678 3101 pellicientem
693 3036 823 3106 nempe,
842 3036 907 3105 qua
923 3036 986 3100 res,
1009 3014 1096 3083 bona
1117 3012 1179 3083 [ide
1193 3020 1225 3081 et
1236 3013 1324 3104 justo
1338 3012 1435 3081 titulo
1518 3006 1519 3009 ¹

295 3145 312 3183 ι
334 3127 475 3208 accepta,
487 3119 645 3208 repetitur
658 3119 699 3187 ab
715 3120 899 3211 eoquijure
911 3119 1091 3190 infirmiore
1103 3119 1251 3189 eamdem
1265 3119 1432 3211 possidet:
1518 3118 1519 3193 Ξ

294 3252 311 3289 ι
334 3224 561 3306 rescissoriam,
579 3247 644 3317 qua
666 3228 706 3313 is,
722 3225 816 3317 cujus
832 3249 883 3295 res
898 3229 939 3295 ab
954 3227 1055 3296 altero
1074 3248 1151 3296 vere
1174 3250 1237 3296 usu
1265 3236 1358 3318 capta
1372 3236 1433 3315 est,
1518 3248 1519 3303 t

296 3360 313 3398 ιι
334 3331 429 3422 justis
441 3330 481 3399 de
496 3332 603 3400 causis
613 3333 752 3401 intendit
761 3335 984 3403 adversarium
998 3356 1063 3403 nou
1077 3335 1272 3426 usucepisse,
1291 3356 1367 3403 cum
1385 3342 1433 3403 ta·
1518 3352 1519 3357 ’

296 3483 313 3520 «
339 3460 411 3506 men
420 3440 604 3530 usuceperit
617 3466 625 3506 z
645 3440 857 3523 Pauliacum,
870 3464 935 3531 qua
946 3441 1132 3529 creditores,
1145 3444 1179 3509 in
1191 3465 1332 3534 quorum
1342 3442 1435 3511 frau-
1518 3436 1519 3505 l

297 3572 315 3608 ιι
336 3545 411 3614 dem
424 3545 550 3614 debitor
563 3567 615 3614 res
623 3570 699 3615 suas
710 3548 875 3635 alienavit,
887 3548 1043 3618 adversus
1050 3572 1248 3640 possessores
1256 3550 1435 3640 experiun·
1518 3540 1519 3635 ]

295 3679 312 3717 ι
337 3661 400 3721 tur.
418 3650 455 3719 Si
468 3651 651 3721 dominium
663 3654 839 3734 silueram,
856 3663 1009 3746 operatur
1021 3657 1070 3723 rei
1080 3654 1346 3739 vindicationem,
1366 3681 1434 3749 qua
1518 3654 1519 3681 ¹

297 3786 315 3826 ι
338 3781 407 3828 rem
422 3752 566 3827 nostram
581 3762 780 3851 oorporulem
796 3762 837 3829 ab
850 3762 922 3853 ejus
937 3785 1118 3853 possessore
1134 3765 1323 3856 repetimus.

343 3893 360 3933 ι
375 3866 468 3935 Actio
479 3866 660 3957 personalis
671 3868 860 3959 dispertitur
872 3870 1050 3957 trifariam3
1064 3880 1155 3962 pute,
1167 3872 1203 3940 in
1215 3872 1374 3943 actionem
1389 3874 1436 3943 rei
1518 3906 1519 3969 ι

296 4000 313 4039 ι
337 3973 600 4066 persecutoriam,
628 3975 789 4065 poenalem
813 3986 844 4043 et
868 3977 1017 4045 mixtam.
1036 3979 1131 4046 Actio
1151 3980 1200 4047 rei
1211 3981 1435 4071 persecutoria
1518 3982 1519 4073 ᾗ

297 4108 314 4145 ι
337 4080 468 4165 dicitur,
484 4101 551 4171 qua
566 4081 793 4171 persequimur
808 4081 841 4149 id
856 4082 943 4173 quod
955 4106 997 4151 ex
1011 4085 1207 4175 patrimonio
1220 4086 1314 4155 nobis
1329 4086 1432 4155 abest.

297 4214 315 4252 ιι
337 4188 803 4279 Actiopoenalisnuncnpatur,
816 4212 882 4281 qua
896 4191 1130 4284 poenamalege
1144 4194 1351 4263 constitutam
1360 4217 1436 4287 per-
1518 4212 1519 4281 l

298 4320 316 4360 ιι
339 4297 516 4389 sequimur.
535 4295 630 4363 Actio
644 4297 751 4363 miata
775 4306 921 4385 vocatur,
949 4319 1014 4388 qua
1037 4302 1153 4391 partim
1178 4300 1210 4367 id
1232 4300 1318 4393 quod
1341 4300 1436 4370 nobis
