3050 4984
552 472 626 519 rins
650 472 795 519 smenon.
1177 454 1238 517 stt

92 592 256 683 exceptio,
271 588 419 661 criminis
432 616 549 686 nempe
565 594 739 681 hereseos,
759 615 911 685 proquo,
927 592 1001 661 licet
1020 592 1156 680 occulto,
1180 617 1238 685 po·

91 706 180 767 terat
194 698 329 767 clericus
351 699 491 791 judicari
511 710 544 768 et
558 699 726 792 suspendi.
744 699 853 767 Tertia
873 700 952 767 item
979 699 1109 767 extabat
1123 721 1240 790 excep-

93 806 141 873 tio
157 806 326 895 religiosos
351 806 526 898 respiciens
555 834 562 875 :
590 806 627 875 hi
655 828 785 897 nempe,
816 805 845 872 si
872 804 1054 873 oPraelatis
1081 806 1149 873 suis
1163 828 1241 873 nos-

93 920 249 982 cerentur
271 914 418 981 criminis
443 914 502 1000 rei,
519 915 578 983 etsi
605 913 731 981 crimen
746 911 908 981 occultum
925 911 1020 999 foret,
1038 920 1186 1003 poterant
1200 914 1241 981 eb

93 1020 214 1089 iisdem
229 1020 377 1091 Praelstis
390 1043 525 1089 escensu
537 1020 577 1089 od
591 1018 722 1088 ordines
738 1018 899 1087 interdici.
917 1017 956 1086 ld
970 1041 1123 1110 expresse
1134 1021 1240 1087 senci-

94 1128 145 1195 vit
172 1127 293 1196 Lucius
319 1129 375 1215 111,
403 1128 454 1196 his
478 1128 612 1197 verbis:
639 1125 691 1195 Ad
714 1149 811 1194 aures
825 1138 953 1193 nostras
964 1125 1123 1217 pervenit,
1153 1125 1242 1217 quod

93 1236 243 1317 reliqiosi
262 1236 399 1319 quidam
413 1236 461 1300 ad
480 1236 663 1319 superiores
686 1233 873 1299 desiderunt
888 1234 1017 1298 ordines
1035 1237 1241 1317 promoneri;

94 1342 155 1405 sed
166 1342 303 1407 Preelati
326 1362 439 1409 eornm
466 1343 634 1407 desideriis
655 1341 890 1406 contradicent.
917 1342 992 1406 Tne
1016 1343 1117 1424 iqitur
1139 1360 1240 1424 ques·

96 1449 180 1512 tionr'
194 1449 302 1515 talioer
316 1450 546 1534 respondemus
565 1449 678 1532 :quod
689 1449 852 1513 honestius
868 1458 901 1512 et
911 1450 1013 1513 tutius
1026 1456 1073 1512 est
1090 1449 1240 1530 subjectis

95 1556 240 1620 deditam
260 1559 444 1641 prepositis
465 1556 683 1621 obedientiam
710 1555 925 1638 impendendo
947 1557 981 1619 in
1007 1556 1157 1637 inferiori
1176 1558 1239 1619 mi-

94 1664 228 1727 nisterio
242 1663 415 1743 deservire,
432 1682 534 1747 quarn
543 1682 618 1727 cum
627 1664 883 1747 praepositorum
893 1662 1060 1741 scandalo,
1075 1664 1240 1745 qraduurn

95 1777 247 1851 appetere
272 1770 468 1853 diqnitotem
484 1791 495 1835 :
520 1790 578 1835 nec
594 1772 689 1835 estin
704 1769 872 1853 saepen
885 1769 1103 1851 subjectorum
1116 1770 1240 1834 deside-

94 1876 185 1939 rinm
198 1878 434 1958 confovendum
458 1898 469 1941 :
493 1880 650 1961 qnoniam
665 1897 730 1943 esse
742 1885 858 1960 potest,
874 1876 965 1958 quod
978 1876 1112 1940 Prrelati
1127 1895 1239 1941 eornm

95 1984 401 2048 commissaserreta
419 1987 577 2065 noverint,
603 2004 644 2049 en
666 1986 783 2068 quibus
801 1991 925 2047 constat
947 1984 1003 2060 eis,
1033 1983 1123 2066 qnod
1147 1985 1239 2047 sulca

95 2092 291 2155 conscientia
304 2101 465 2175 nequeant
478 2092 652 2156 sublimari
672 2112 683 2154 .·
709 2092 789 2173 quia
813 2109 878 2153 non
892 2092 927 2152 in
938 2089 1136 2154 srtbtimitate
1158 2110 1236 2172 qra-

95 2195 211 2275 dunm,
230 2198 289 2263 sed
308 2202 343 2263 in
361 2199 579 2282 amplitudine
605 2200 776 2264 charitatis
799 2198 982 2279 acquiritur
1007 2215 1145 2278 reqnurn
1166 2200 1237 2263 Dei.

94 2304 145 2393 (C.
163 2304 215 2373 Ad
227 2329 322 2375 aures
337 2312 368 2393 5,
387 2308 435 2374 tit.
456 2310 510 2393 ti,
527 2306 606 2375 libri
624 2311 638 2373 t
657 2305 799 2396 Decret.)

138 2412 233 2481 Hunc
248 2413 397 2482 ultimum
414 2413 606 2483 decretalem
634 2411 675 2481 ed
695 2414 781 2482 solos
804 2412 969 2501 regulares
997 2411 1097 2479 fuisse
1111 2414 1239 2481 restric-

94 2526 174 2607 tam,
198 2528 229 2589 et
256 2529 365 2590 textus
391 2522 460 2613 ipse
485 2520 692 2589 menifestum
710 2520 798 2605 iecit,
827 2527 858 2587 et
885 2528 970 2588 tenet
996 2542 1070 2588 cum
1086 2519 1241 2609 Fegneno

94 2627 299 2695 communior
325 2629 449 2719 (contre
474 2628 606 2720 pancos)
622 2627 792 2696 doctorum
809 2626 978 2693 sententie.
1004 2625 1109 2717 ipsius
1131 2634 1238 2695 eutem

94 2734 266 2801 decretalis
288 2734 387 2803 verba
402 2735 573 2827 usurpavit
590 2733 782 2803 Tridentino
807 2731 953 2823 synodus
980 2732 1016 2800 in
1040 2732 1238 2803 conficiendo

96 2863 156 2909 suo
180 2841 308 2909 decreto
335 2844 419 2910 Gom
444 2841 622 2921 honntius,
641 2849 737 2932 atque
752 2840 798 2907 sic
811 2838 853 2908 ed
868 2838 1040 2907 soecrrlnres
1055 2842 1153 2909 etiem
1168 2863 1237 2909 enm

95 2947 252 3017 extendit.

138 3052 191 3121 Ex
218 3053 338 3144 quihus
353 3052 500 3122 adductis
515 3054 730 3143 documentis,
756 3054 848 3123 focile
863 3054 1028 3144 colligitur
1042 3054 1206 3124 inductam
1222 3079 1241 3122 a

96 3158 291 3228 Tridentino
305 3159 429 3249 synodo
446 3158 664 3251 disciplinam,
685 3160 785 3229 fuisse
805 3182 920 3231 revere
934 3182 1066 3247 novum,
1082 3170 1113 3229 et
1128 3159 1240 3229 decre-

98 3265 216 3333 talibus
229 3268 285 3333 En
300 3277 408 3333 tenore
420 3273 451 3332 et
479 3266 658 3349 Qnsesitnrn
674 3266 915 3357 derogetivem3
930 3267 1018 3359 qnod
1041 3268 1239 3359 ceteroquin

95 3393 247 3464 expresse
263 3372 379 3440 docent
392 3373 566 3462 Fagnenns
581 3382 612 3442 et
626 3373 684 3441 alii
700 3373 919 3442 communiter
933 3374 1091 3462 doctores,
1110 3374 1188 3444 dum
1205 3374 1239 3441 io

96 3478 251 3570 praeietes
262 3478 436 3548 decretales
452 3478 627 3550 disserunt.

140 3586 200 3658 IV.
218 3586 377 3667 Quamvis
399 3596 507 3655 autem
532 3586 719 3679 pre-allato
750 3588 945 3657 Tridentino
972 3588 1100 3657 decreto
1125 3612 1238 3657 revere

96 3694 276 3763 fundentur
292 3694 488 3786 episcopales
502 3717 542 3763 es
555 3694 735 3786 informata
747 3695 1128 3783 conscientiosententiae,
1143 3704 1239 3789 atque

98 3826 195 3871 suum
211 3802 287 3870 inde
303 3810 411 3871 ortum
428 3800 559 3889 ducant,
577 3824 642 3869 non
668 3810 776 3870 temen
792 3803 908 3894 primis
933 3802 1039 3871 stetim
1067 3811 1139 3895 post
1164 3804 1239 3871 Tri-

96 3910 263 3979 dentinem
292 3909 453 4000 synodum
480 3910 693 4002 temporibus,
722 3933 775 3979 res
803 3921 896 3979 extre
922 3912 1174 3981 controversiam
1204 3912 1237 3978 in

98 4017 216 4085 scholis
241 4025 273 4086 et
299 4019 387 4109 epud
413 4015 560 4085 doctores
585 4018 655 4085 ivit.
685 4017 757 4087 Non
781 4019 875 4109 ponci
898 4019 1018 4109 quippe
1047 4018 1236 4104 canonistae,

103 4125 130 4215 (e
146 4123 363 4213 ¹densenistica
388 4132 494 4192 temen
522 4123 667 4215 plerique
693 4132 813 4212 turmo,
843 4125 1014 4193 ueletiam
1039 4148 1057 4191 e
1080 4124 1240 4213 gallicane

101 4240 196 4325 prout
222 4230 295 4301 Van
322 4230 430 4323 Espen
446 4229 626 4315 et'Gibert)
656 4229 892 4316 sustinuerunt,
923 4228 967 4296 ito
992 4226 1239 4317 intelligendum
