3050 4984
538 526 612 573 elas
634 524 781 573 amusan.
1162 502 1222 570 lli

91 672 108 711 a
130 646 243 715 adesse
263 670 304 717 ex
319 656 409 739 parte
432 647 530 717 unius
545 648 767 739 impotentiam
789 655 991 739 perpetuam,
1008 644 1169 715 abstinere
1185 657 1231 713 te·

89 782 107 819 a
130 754 298 823 uehuntur
311 754 353 823 ab
377 755 467 823 omni
483 753 631 823 ulteriori
657 754 866 823 attentatione
882 752 1006 843 copulae
1036 762 1068 821 et
1094 753 1233 825 tactibus

90 886 107 924 a
131 860 261 928 lascivis
278 886 286 928 :
304 861 361 929 nbi
378 862 464 929 euim
490 860 530 929 de
546 860 737 952 impotentia
761 868 847 929 certe
872 868 1007 946 constat,
1035 868 1121 927 certo
1136 858 1234 928 etiam

91 976 258 1036 «constat
283 966 371 1058 quod
398 968 643 1037 matrimonium
669 967 754 1035 inter
781 990 835 1035 eos
862 966 981 1035 initum
1009 964 1136 1035 nullum
1153 968 1195 1033 sit
1224 993 1231 1033 :

91 1101 109 1138 a
132 1084 368 1166 consequenter
383 1074 613 1143 abstinendum
630 1075 692 1142 erit
706 1074 747 1142 ab
770 1072 907 1159 actibus,
923 1073 980 1163 qni
1002 1072 1131 1141 nonnisi
1148 1073 1234 1141 veris

90 1206 110 1243 a
132 1180 187 1248 vel
202 1178 315 1249 saltem
331 1180 443 1249 dubiis
457 1180 653 1271 conjugibus
665 1180 744 1248 liciti
759 1188 848 1247 sunt.

137 1286 273 1357 «Debet
285 1297 396 1357 autem
417 1287 532 1378 judex,
553 1295 685 1380 propter
700 1287 895 1357 arduitatem
912 1289 1047 1377 negotii,
1062 1288 1102 1357 ad
1120 1290 1234 1358 matri-

90 1424 109 1462 «
134 1396 238 1465 monii
253 1395 496 1465 dissolutionem
510 1418 553 1465 ex
568 1418 665 1463 cansa
679 1395 880 1486 impotentiae
892 1394 1075 1463 faciendam
1090 1396 1235 1465 maxima

90 1530 109 1565 n
133 1503 423 1593 circumspectione
448 1503 639 1595 procedare;
671 1524 776 1592 neque
809 1501 886 1569 solis
919 1502 1111 1593 conjugum,
1138 1503 1235 1571 etiam

92 1636 111 1675 a
136 1610 320 1699 utriusque,
346 1608 579 1677 assertionibus
605 1606 755 1692 oredere;
773 1609 828 1676 sed
852 1630 923 1675 eam
950 1609 1057 1677 solum
1071 1607 1232 1695 decernet,

92 1742 112 1781 a
134 1715 267 1785 obtenta
286 1716 383 1807 plena
406 1716 608 1807 impotentia
637 1715 838 1807 probatione.
869 1714 965 1785 Ratio
979 1724 1040 1800 est,
1055 1716 1133 1807 quia
1157 1716 1236 1785 alias

92 1849 112 1887 e
134 1823 291 1913 conjuges
315 1833 439 1891 mutuae
460 1821 709 1891 cohabitationis
733 1821 876 1913 pertaesi,
893 1821 987 1890 facile
1010 1820 1185 1909 colludere,
1203 1830 1235 1891 et

93 1956 112 1994 a
135 1930 373 2021 separationem
398 1952 523 1998 necnon
549 1929 713 1997 licentiam
729 1929 822 1997 alteri
837 1928 982 1997 nubendi
1000 1928 1145 1998 obtinere
1162 1952 1238 2021 pos·

93 2064 114 2104 α
136 2047 207 2105 aaut
219 2066 227 2115 ;
241 2045 272 2103 ct
285 2037 332 2104 sic
345 2035 514 2105 dissolutio
530 2035 728 2104 matrimonii
742 2035 843 2103 semel
858 2037 1013 2103 contracti
1028 2037 1183 2128 penderet
1196 2060 1236 2107 es

94 2172 113 2210 ι
136 2143 303 2213 voluntate
317 2143 590 2229 contrahentium,
606 2142 694 2235 quod
708 2141 780 2210 fieri
798 2165 864 2211 non
880 2142 984 2211 debet.
1012 2170 1028 2207 a
1059 2141 1238 2235 (Sehmalz-

89 2252 246 2342 grueber,
264 2252 298 2318 in
311 2252 360 2318 tit.
382 2254 434 2336 15,
447 2250 555 2319 librit
571 2251 714 2335 Deerat,
732 2272 766 2316 n.
786 2254 826 2317 69
843 2251 971 2341 etseq.)

138 2362 239 2428 Nota.
260 2396 305 2409 -
326 2357 439 2439 Qualis
460 2358 649 2449 impotentia
675 2358 862 2448 requiratur
883 2364 915 2424 et
938 2355 1074 2425 sufficiat
1097 2358 1138 2425 ad
1160 2382 1236 2451 pro-

91 2463 311 2535 nuntiandam
337 2464 537 2533 matrimonii
558 2464 821 2551 dissolutionem,
839 2460 979 2555 expeudi
1003 2464 1083 2533 solet
1098 2464 1132 2531 in
1147 2474 1235 2533 trac-

91 2580 163 2641 tatu
179 2572 220 2639 de
235 2570 452 2640 matrimonio.
479 2570 529 2637 lbi
544 2570 667 2638 scilicet
690 2570 838 2639 doctores
864 2579 1033 2662 sequentes
1058 2570 1163 2639 theses
1179 2571 1236 2640 fir·

93 2687 215 2749 mant:
242 2682 274 2744 1⁰
293 2677 486 2767 impotentia
503 2687 711 2769 temporanea
738 2678 982 2746 matrimonium
1009 2700 1074 2747 nou
1094 2678 1233 2761 dirimit;

94 2790 130 2853 2⁰
146 2784 339 2876 impotentia
364 2791 519 2875 perpetua
544 2784 735 2851 antecedens
763 2783 973 2853 matrimonio
1001 2783 1082 2852 illud
1106 2784 1236 2855 irritum

93 2893 216 2977 reddit;
237 2896 269 2959 3⁰
284 2892 474 2983 impotentia
496 2900 652 2983 perpetua
678 2892 915 2983 superveniens
932 2893 1139 2961 matrimonio
1154 2917 1237 2963 con-

92 3008 269 3084 summato,
286 2997 367 3065 illud
383 3019 449 3065 non
464 2997 580 3076 solvit;
600 3002 632 3065 4⁰
641 2998 831 3089 impotentia
840 3006 995 3089 perpetua
1006 3000 1238 3090 superveniens

94 3106 304 3173 matrimonio
329 3113 399 3173 rato
424 3104 479 3171 sed
500 3104 647 3173 noudum
663 3114 902 3187 consummato,
920 3103 1001 3173 illud
1029 3128 1086 3197 par
1111 3130 1144 3174 se
1172 3130 1238 3175 non

94 3213 307 3299 dissolveret3
326 3210 383 3280 sed
400 3212 483 3281 solvi
497 3222 574 3279 tunc
596 3221 700 3303 potest
721 3214 790 3280 sive
807 3235 864 3301 per
891 3213 1075 3301 ingressum
1100 3214 1135 3280 iu
1159 3215 1238 3282 reli-

95 3320 245 3409 gionem,
260 3319 332 3387 sive
359 3341 417 3410 per
443 3318 716 3409 dispensationem
730 3316 896 3387 Pontificio
908 3345 916 3398 ;
940 3322 973 3383 5ο
997 3318 1024 3385 si
1050 3320 1239 3409 impotentia

95 3436 253 3518 perpetua
268 3426 477 3495 matrimonio
501 3424 706 3512 antecedens,
722 3427 763 3492 sit
785 3424 963 3515 respectiva
984 3433 1122 3513 tautum,
1141 3427 1239 3495 idest

95 3534 205 3601 locum
221 3555 287 3601 non
312 3532 429 3600 habeat
454 3532 518 3600 uisi
533 3531 667 3599 relative
692 3532 734 3599 ad
759 3532 856 3600 talem
870 3531 1057 3622 conjugem,
1075 3552 1141 3601 nou
1161 3556 1238 3603 vero

97 3640 234 3709 relative
247 3636 289 3707 ad
303 3660 538 3731 quoscumque,
564 3638 662 3706 solvit
675 3640 809 3729 quidem
834 3639 1078 3707 matrimonium
1103 3640 1160 3708 sed
1174 3663 1239 3711 non

96 3746 233 3837 impedit
246 3767 348 3813 nevas
362 3747 492 3837 nuptias
511 3772 519 3811 ι
534 3745 563 3812 si
578 3766 657 3813 vero
671 3744 820 3813 absoluta
833 3746 889 3831 sit,
907 3754 939 3813 et
953 3746 1049 3813 solvit
1063 3748 1239 3815 matrimo-

98 3855 192 3921 nium
207 3861 421 3939 contrectum,
436 3861 468 3920 et
483 3850 619 3941 impedit
633 3873 675 3919 ne
687 3852 732 3918 sic
753 3853 917 3942 impotens
932 3851 1020 3920 aliud
1037 3852 1142 3920 valide
1156 3876 1239 3922 oon-

98 3959 228 4029 trahere
243 3960 355 4050 possit.
372 3958 454 4040 Quae
469 3959 581 4028 omnia
605 3958 659 4025 hic
674 3959 844 4026 aduomse
869 3966 918 4027 sat
933 3960 994 4025 erit
1016 3957 1057 4026 ad
1070 3963 1240 4049 presentis

99 4067 342 4159 disceptationis
356 4090 503 4157 scopum.

144 4174 290 4257 Qussmo
304 4179 350 4243 2⁸.
366 4212 412 4227 -
427 4177 477 4242 An
489 4174 697 4244 matrimonii
707 4170 952 4245 desolationem
968 4198 1008 4243 aa
1021 4196 1121 4243 causa
1133 4174 1241 4270 impo-

102 4283 214 4355 tentia
228 4284 261 4349 in
271 4281 401 4373 judicio
412 4296 522 4373 petere
532 4284 647 4374 possit,
662 4306 729 4351 aon
752 4296 885 4351 tantum
899 4283 1023 4373 conjux
1033 4296 1161 4373 potens,
1186 4290 1243 4363 sed
