3050 4984
561 533 635 580 raas
658 533 802 580 somnos.
1207 514 1246 577 97

14 639 16 668 ⁴
118 647 288 740 «jndicio,
304 673 370 720 non
390 673 519 743 peceare
534 659 648 721 eontra
660 651 820 744 justitiam
836 653 965 745 eosqui
985 651 1251 745 illudinhujus-

14 849 16 854 ι
117 781 133 820 a
156 757 246 826 modi
262 757 472 850 inquisitione
488 759 686 850 patelseiunt
701 759 864 850 superiori
881 785 889 828 ε
907 781 985 828 nam
1007 783 1046 829 eo
1059 769 1176 830 eventu
1197 761 1254 854 jus

14 873 15 944 ᾗ
117 889 133 929 e
154 861 275 934 habent
304 863 476 934 meusandi
511 865 563 936 vel
594 865 809 936 dennutiandi
837 873 1016 937 sudorem.
1045 866 1252 961 Quicumque

14 959 15 1024 l
117 997 133 1036 a
154 971 257 1061 enim,
273 971 327 1040 vel
339 971 488 1059 testibus,
511 972 562 1041 vel
578 971 652 1041 aliis
665 972 807 1060 indiciis,
831 973 957 1042 crimen
971 974 1110 1066 probare
1132 982 1250 1066 potest,

14 1129 15 1132 ,
116 1103 132 1142 u
154 1100 220 1148 non
236 1089 346 1170 poeeat
359 1087 472 1148 eontra
481 1079 658 1170 justitiam,
676 1080 704 1148 si
724 1079 807 1149 illud
819 1079 924 1172 judici
939 1079 1109 1149 denuntiet
1127 1107 1135 1149 ε
1152 1103 1255 1174 expe-

14 1239 15 1282 3
115 1209 131 1250 e
154 1181 201 1252 dit
229 1185 321 1256 enim
347 1186 433 1256 bono
462 1185 591 1278 publico
622 1194 659 1255 ut
683 1186 841 1256 omnibns
866 1185 938 1256 hee
962 1195 1103 1279 potestas
1127 1187 1224 1258 detur
1242 1179 1251 1253 ἐ

115 1315 132 1356 u
152 1292 335 1381 generatim
347 1293 438 1362 enim
451 1291 627 1386 loquendo,
643 1292 781 1362 inlamiu
793 1300 825 1361 et
833 1293 960 1385 punitio
971 1317 1046 1386 quoe
1059 1294 1188 1387 privato
1201 1296 1253 1364 in·

14 1389 15 1426 ³
115 1425 132 1464 e
153 1398 270 1486 fertur,
294 1399 425 1469 abunde
447 1401 651 1492 compensari
677 1399 809 1468 videtur
828 1401 982 1492 exemplo
1001 1399 1144 1493 publico,
1159 1409 1191 1469 et
1207 1403 1253 1469 ti-

115 1531 131 1569 r
154 1529 246 1575 more
261 1507 320 1599 qni
344 1507 417 1576 aliis
441 1507 599 1598 injicitur,
616 1529 674 1600 per
702 1529 801 1601 quem
819 1507 917 1575 sibia
936 1506 1098 1598 peccando
1122 1517 1248 1578 cevent.

115 1637 131 1676 a
152 1610 243 1680 Idem
257 1611 448 1682 confimari
459 1611 590 1681 videtur
603 1634 645 1681 ex
660 1611 757 1704 praxi
779 1612 878 1680 totins
891 1611 980 1680 orbis
996 1639 1004 1680 z
1027 1613 1149 1705 ultique
1163 1615 1251 1683 enim

115 1744 132 1782 ι
152 1727 393 1788 consueverunt
407 1719 486 1788 tales
500 1718 633 1805 deferri,
655 1739 722 1788 non
750 1719 858 1788 solum
884 1718 1016 1810 quando
1031 1721 1191 1809 generalis
1203 1731 1252 1790 est

14 1875 15 1888 ,
115 1853 130 1889 ι
151 1825 326 1918 inquisitio
350 1835 383 1896 et
407 1826 529 1895 subditi
549 1826 807 1916 interrogantur,
836 1824 1006 1895 sedetiam
1023 1837 1137 1918 sponte
1152 1850 1252 1897 anon

14 1995 15 2002 ,
115 1959 130 1998 ι
153 1935 290 2023 regatis,
307 1943 344 2002 nt
358 1933 451 2002 docet
463 1931 579 2002 Clarus
594 1933 641 2024 (q.
658 1933 706 2024 7).

14 2055 15 2126 j
156 2067 173 2107 s
189 2040 416 2110 Nihilominus
428 2040 611 2108 eommunis
623 2042 691 2130 sere
704 2039 875 2109 doctorum
892 2041 1052 2110 sententia
1062 2051 1123 2128 est,
1135 2041 1169 2110 id
1186 2043 1252 2112 illi-

14 2221 15 2228 g
113 2173 128 2212 a
150 2149 253 2216 eitum
268 2169 349 2233 esse,
363 2145 543 2239 quandond
555 2147 659 2216 solam
670 2146 878 2238 punitionem
895 2146 1057 2229 tenditur3
1075 2150 1252 2218 tnneenim

14 2245 15 2272 ¹
112 2283 127 2319 ι
149 2254 246 2324 debet
260 2253 443 2348 praeeedere
458 2253 604 2341 infamis,
622 2261 658 2321 nt
673 2252 840 2344 colligitur
865 2276 906 2321 ex
922 2253 1026 2346 eapite
1045 2256 1194 2338 Qualiter
1219 2269 1251 2324 et

14 2417 16 2454 3
111 2389 126 2425 ι
149 2360 285 2453 quando
309 2361 375 2450 (24,
392 2361 440 2429 tit.
473 2363 504 2448 1,
520 2358 578 2429 lib.
610 2363 627 2426 5
653 2358 811 2450 Deteret).
827 2360 895 2429 Nee
917 2361 1021 2430 obstat
1035 2362 1250 2452 praxisorbis

14 2469 16 2546 l
109 2493 125 2534 e
148 2467 312 2536 contraria
332 2493 339 2532 :
364 2488 442 2535 nem
459 2464 555 2535 multi
582 2466 642 2534 hee
669 2467 704 2534 in
727 2489 763 2535 re
788 2472 921 2558 peceant
942 2490 1000 2560 per
1014 2467 1246 2556 ignorantiam.

14 2641 16 2676 =
108 2601 125 2639 u
148 2573 246 2642 Multi
267 2573 366 2642 etiam
388 2595 455 2642 non
470 2580 539 2640 tam
559 2572 765 2663 punitionem
781 2581 926 2664 spectant
948 2574 1130 2661 criminosi,
1148 2598 1248 2666 quem

14 2685 15 2728 l
108 2707 124 2742 ι
148 2679 426 2768 emendationem,
451 2679 505 2748 vel
526 2677 605 2747 mali
630 2677 876 2772 impeditionem
892 2688 925 2748 et
946 2681 1165 2769 eversionem3
1184 2704 1251 2774 quo

14 2773 15 2814 ³
109 2813 125 2851 r
148 2809 228 2856 essu
242 2785 444 2855 denuntiatio
468 2793 518 2852 est
540 2785 640 2871 licita,
656 2785 787 2853 etiamsi
805 2808 870 2854 non
887 2787 1088 2879 prseeesserit
1102 2788 1252 2876 infamia,

14 2889 16 2976 ζ
107 2920 124 2958 a
147 2892 320 2985 ntpassim
330 2891 629 2962 doctorestredunt.
646 2917 663 2956 u
680 2891 834 2982 (Iressins,
848 2891 974 2962 delere
987 2897 1126 2977 etlust„
1141 2894 1198 2964 lib.
1213 2899 1248 2985 2,

14 2981 16 2996 ³
103 3022 131 3070 e.
151 3003 209 3087 29,
224 3021 258 3067 n.
279 2999 369 3088 tto.)

145 3107 250 3177 Juxta
265 3106 349 3176 hane
375 3105 571 3194 doctrinam,
595 3126 774 3198 querere
798 3115 831 3176 et
859 3106 997 3176 tenenda
1020 3106 1164 3196 videtur,
1189 3133 1249 3179 oe-

100 3216 190 3286 cultn
213 3213 340 3300 delicta,
370 3213 438 3282 sive
464 3213 499 3282 in
521 3213 644 3306 judieio
658 3213 790 3309 probari
811 3213 948 3307 possint,
971 3216 1133 3303 eirenen,
1151 3239 1251 3310 supe-

99 3321 185 3391 riori
198 3320 385 3410 generalem
401 3319 644 3412 inquisitionem
655 3321 865 3410 judicialiter
886 3321 1069 3390 instituenti
1087 3322 1173 3391 licite
1188 3345 1249 3392 ne-

99 3437 259 3522 queunte
272 3427 422 3514 suloditis,
440 3427 539 3496 etiam
554 3427 779 3517 interrogatis,
796 3427 1004 3516 denuntiari3
1022 3428 1079 3497 sed
1095 3436 1247 3499 tenentur

14 3565 16 3628 ξ
98 3537 277 3606 dumtaxat
290 3532 499 3606 manifestare
515 3533 752 3624 delinquentes,
770 3533 810 3603 de
825 3535 944 3627 quibus
958 3534 1068 3602 existit
1079 3534 1168 3605 lame
1183 3560 1246 3628 pu-

97 3644 197 3714 ltlies.

14 3759 16 3770 “
144 3752 233 3822 Hine
258 3773 393 3845 aequum
420 3759 479 3836 eet,
508 3751 577 3818 imo
605 3757 637 3816 et
655 3747 776 3817 subditi
800 3748 856 3839 jus
878 3747 997 3817 habere
1024 3748 1189 3840 videntur,
1210 3761 1247 3822 ut

14 3867 15 3900 ³
97 3860 254 3954 superior
267 3882 324 3928 eos
337 3865 540 3952 praemoneat
547 3855 721 3948 judicialis
739 3877 780 3924 ne
791 3856 847 3941 sit,
864 3877 905 3923 aa
914 3868 1059 3948 paterna
1074 3858 1247 3929 dumtaxat

14 4053 15 4058 Ἰ
95 3967 265 4058 generalis
290 3964 469 4057 inquisitio.
489 3963 525 4031 si
541 3963 630 4031 enim
646 3971 780 4054 paterna
795 3961 847 4048 sit,
865 3962 945 4054 ipsis
960 3963 1033 4032 lieet
1047 3965 1172 4034 oeeulta
1185 3966 1245 4035 de-

96 4076 179 4146 lietu
191 4074 397 4142 manifestere
415 4100 423 4140 ι
440 4073 467 4139 si
482 4093 559 4139 vero
571 4069 746 4162 judicialis,
755 4069 790 4138 id
804 4070 922 4140 iisdem
934 4071 1127 4162 regulariter
1143 4071 1243 4142 illici-

14 4189 15 4194 ’
96 4195 175 4254 tum
191 4191 253 4269 est,
270 4180 454 4272 praesertim
471 4180 497 4246 si
514 4177 633 4247 delleta
651 4177 721 4245 haee
737 4176 908 4268 injudicio
922 4179 1052 4270 probari
1070 4190 1242 4269 nequeant.

142 4292 293 4374 Qunsrro
310 4293 356 4356 6².
382 4325 426 4339 -
450 4283 621 4369 Quomodo
645 4285 793 4376 superior
815 4306 855 4352 er
878 4285 1025 4374 perterele'
1038 4285 1248 4376 inpetisitioree

265 4414 297 4462 ιι.
1067 4397 1085 4459 “l
