3050 4984
295 474 358 539 212
669 490 843 537 mrcrrrus
866 491 906 536 us
927 490 1062 537 amicus.

291 618 328 683 ln
339 613 455 681 dandis
469 632 546 680 vero
556 618 665 705 postea
674 610 741 679 suis
753 610 899 679 articulis
913 610 1117 696 defensoriis,
1130 610 1247 702 poterit
1258 608 1440 701 inquisitus

293 724 353 791 hac
369 721 420 788 vel
436 719 537 787 simili
555 718 699 787 formula
709 719 758 786 uti
774 746 783 786 :
803 718 919 800 Titius,
935 730 1115 809 praeteritus
1130 715 1372 808 comprobare
1383 716 1441 782 in-

294 828 397 897 tendit
415 832 456 894 :t
480 878 531 911 ...,
549 830 570 893 2
590 877 642 909 ...,
657 834 734 912 etc„
750 824 965 917 etproduoet,
983 824 1124 917 quoodl
1208 836 1240 893 et
1261 828 1334 891 2...
1350 824 1441 891 orti-

294 935 417 1009 culum.
436 946 528 1001 testes
543 935 586 1003 N.
601 943 633 1000 et
648 934 684 1002 N
684 957 710 1014 .;
735 931 858 1023 quood,
872 940 934 999 etc.
1513 915 1514 1008 l

338 1042 521 1110 Prorosrrro
532 1039 605 1107 lV⁸.
623 1077 666 1091 -
682 1042 741 1107 ltu
749 1037 960 1130 proponendi
970 1038 1148 1129 positiones
1162 1050 1195 1105 et
1208 1037 1371 1128 capitulo,
1389 1060 1443 1105 se·

292 1172 366 1218 cum
377 1146 491 1229 tradiit,
504 1145 948 1237 quoadportemodoersum,
962 1145 1198 1237 obliqotionem
1206 1143 1440 1235 respondendi.

292 1256 476 1325 -Constst
486 1276 528 1321 ex
543 1251 695 1321 decretali
712 1252 928 1320 Praesentium
938 1253 984 1343 (2,
1001 1252 1041 1321 de
1051 1250 1207 1332 Testidus,
1221 1252 1256 1319 in
1270 1252 1316 1341 6),
1326 1251 1445 1319 ubisic
1514 1277 1515 1336 t

292 1363 476 1456 disponitur
507 1388 514 1429 :
547 1365 709 1429 Preterco
729 1360 924 1451 sinqillotim
952 1383 1050 1450 cuper
1069 1359 1213 1451 quolibet
1239 1359 1380 1427 articulo
1404 1359 1445 1426 in

292 1468 437 1562 quolibet
447 1466 611 1559 positione
625 1478 776 1535 contento
796 1468 903 1557 socios
922 1488 944 1533 a
953 1466 1109 1557 portibus
1123 1465 1315 1557 utffioieuter
1326 1464 1376 1533 ad
1388 1466 1447 1533 in·
1514 1467 1515 1552 l

293 1578 395 1645 moeret
415 1572 610 1664 responderi.
629 1574 737 1663 Atque
752 1572 840 1640 idem
854 1580 979 1641 constat
992 1595 1035 1641 ex
1049 1572 1116 1641 fine
1130 1573 1203 1665 ipso
1218 1573 1261 1640 ob
1271 1594 1372 1665 quem
1387 1573 1447 1638 in·
1514 1563 1515 1572 ’

293 1683 460 1752 troductus
475 1682 538 1749 luit
553 1680 751 1771 positionum
766 1702 859 1765 usus,
875 1679 917 1748 ad
931 1678 1117 1749 habendam
1128 1700 1248 1770 nempe
1261 1679 1364 1771 pertis
1377 1676 1448 1746 ad-

294 1812 396 1857 versae
412 1788 647 1857 confessionem
665 1786 717 1854 vel
740 1787 966 1876 negationem
983 1788 1041 1877 qui
1055 1786 1132 1855 finis
1146 1809 1213 1855 non
1226 1786 1446 1873 obtineretur,

295 1896 322 1963 si
335 1918 410 1987 pars
425 1896 562 1963 adversa
575 1894 616 1961 ad
632 1892 827 1985 positionem
841 1892 1037 1985 respondere
1050 1916 1117 1962 non
1129 1902 1306 1961 teneretur.

341 2007 428 2075 Noto
456 2007 486 2069 1.
504 2000 618 2069 Tradit
635 2000 842 2089 Pellegrinus
858 2000 1108 2092 respondentem
1122 2001 1196 2090 cogi
1209 2024 1303 2092 posse
1316 2011 1355 2069 ut
1369 2024 1451 2069 res-
1515 2005 1516 2014 ’

297 2112 435 2203 pendeat
449 2131 530 2203 pure
546 2132 583 2176 so
606 2107 797 2199 simpliciter
820 2131 879 2199 per
893 2109 1032 2178 verbum
1045 2108 1160 2189 credit,
1178 2110 1231 2177 vel
1246 2132 1312 2178 non
1324 2109 1450 2189 credin·
1515 2093 1516 2110 ¹

295 2227 363 2305 aut,
379 2218 407 2285 si
421 2216 539 2309 positio
553 2217 595 2283 sit
610 2215 731 2307 partim
743 2237 823 2285 vera
837 2216 957 2307 partim
974 2239 1055 2301 non,
1072 2238 1131 2308 per
1142 2217 1280 2286 verbum
1296 2240 1360 2285 nou
1374 2240 1450 2285 ere-

303 2326 352 2395 dit
365 2337 404 2394 ut
416 2324 565 2415 ponitur.

343 2437 374 2501 2.
406 2429 519 2500 Tradit
544 2431 678 2522 insuper
704 2430 930 2522 praestandum
945 2454 1015 2501 esee
1039 2432 1283 2523 juramentum,
1304 2441 1337 2499 et
1350 2454 1370 2500 a
1385 2454 1453 2523 po-

299 2548 395 2609 nente
419 2538 519 2630 (quod
542 2560 658 2629 nempe
679 2536 790 2605 credat
809 2560 921 2607 veram
938 2560 1008 2606 esse
1032 2538 1226 2627 positionem
1242 2538 1364 2628 suam),
1382 2548 1415 2606 et
1429 2562 1453 2607 a
1516 2565 1517 2572 ¹

300 2643 525 2737 respondente.
550 2669 566 2707 n
581 2643 621 2711 Et
637 2665 702 2712 non
718 2642 839 2729 solum,
864 2646 921 2728 sit,
938 2644 1020 2711 dans
1036 2644 1212 2733 positiones
1229 2652 1358 2713 tenetur
1373 2644 1454 2712 illas

304 2787 321 2825 n
344 2760 421 2828 dare
439 2760 544 2828 medio
567 2758 767 2850 juramento,
786 2781 901 2828 verum
927 2759 1026 2827 etiam
1048 2759 1249 2852 respondens
1271 2760 1335 2828 illis
1350 2759 1454 2828 etiam

306 2894 322 2931 o
346 2868 440 2935 debet
452 2868 564 2959 jurare
577 2867 669 2934 tactis
695 2866 886 2955 evangeliis.
913 2892 931 2929 n
966 2864 1069 2934 Addit
1082 2875 1205 2954 tamen,
1223 2867 1251 2935 si
1265 2867 1454 2958 praestitum

300 2977 369 3068 jam
384 2974 484 3041 fuerit
501 2973 724 3064 juramentum
750 2973 934 3057 calumniae,
964 2975 1183 3042 necessarium
1208 2996 1274 3042 non
1300 2996 1369 3042 esse
1385 2997 1456 3042 no·

307 3106 384 3152 vum
408 3083 644 3174 juramentum,
669 3079 734 3146 nisi
757 3102 833 3172 pars
854 3080 993 3149 adversa
1008 3081 1090 3150 illud
1105 3082 1216 3172 exigat
1233 3082 1277 3173 (l)
1298 3084 1402 3175 (perte
1416 3086 1455 3167 2,

307 3200 381 3258 sect.
411 3194 444 3274 2,
466 3188 604 3257 subsect.
629 3186 674 3277 l).
700 3186 766 3255 Sed
788 3187 1024 3256 advertendum
1049 3197 1098 3257 est
1118 3189 1199 3257 illud
1224 3190 1455 3281 juramentum

310 3320 375 3366 non
399 3296 487 3386 exigi
514 3318 534 3363 a
557 3304 744 3385 promotore
771 3294 886 3381 fiscali,
915 3294 994 3364 dum
1022 3296 1155 3365 exhibet
1185 3296 1341 3388 capitula;
1372 3297 1459 3389 quia

310 3426 425 3495 nempe
440 3400 526 3491 gerit
541 3422 711 3491 personam
729 3400 905 3492 publicam,
929 3409 961 3469 et
981 3400 1102 3470 sufficit
1118 3402 1343 3492 juramentum
1358 3404 1401 3470 ab
1414 3426 1460 3473 eo

312 3508 412 3577 semel
429 3506 609 3598 praestitum
624 3504 664 3573 de
677 3504 816 3573 fideliter
829 3504 991 3597 explendo
1006 3506 1113 3575 officio
1127 3528 1198 3575 suo.

837 3760 935 3851 51¹1·

413 3924 448 3973 Ite
460 3921 579 3974 terminis
591 3920 624 3973 ad
637 3920 798 3987 ponendum,
810 3922 842 3972 sd
853 3922 1053 3983 attentandum,
1065 3922 1135 3973 etad
1149 3923 1354 3988 capitulandum.

365 4104 394 4166 l.
413 4098 449 4166 si
471 4095 552 4163 liant
576 4092 749 4185 separatim
767 4092 940 4184 positiones
953 4103 986 4160 et
999 4094 1140 4181 articuli,
1156 4094 1259 4184 judex
1275 4104 1348 4185 post
1367 4096 1463 4164 litem

351 4272 382 4333 (r)
393 4269 430 4319 Ex
442 4266 568 4316 hodierna
580 4263 653 4331 proxi
663 4264 715 4329 jam
732 4278 785 4317 non
797 4262 854 4314 lieri
869 4262 997 4328 ejusmodi
1006 4263 1160 4329 juramenta,
1171 4280 1251 4332 cupre
1264 4264 1461 4317 adnotavimus.
