3050 4984
554 466 628 513 rans
650 466 795 515 amusos.
1180 444 1242 511 363

97 590 163 655 aut
177 606 324 677 pravam,
354 591 410 655 aut
423 584 519 653 saluti
534 586 719 655 animarum
740 587 872 675 noxiam
888 586 1120 679 pronuntiare;
1149 608 1243 676 aeque

98 714 251 785 prorsus,
278 700 374 784 atque
395 715 436 761 ex
452 691 564 763 eadam
591 694 724 763 omnino
748 693 885 781 mione,
911 693 1120 763 temerarium
1133 699 1166 761 et
1193 714 1244 762 er·

97 821 242 867 roncum
263 809 324 883 est,
348 796 445 869 idda
469 798 635 869 obtinente
662 800 755 892 prius
776 800 877 870 altera
901 800 1073 891 disciplina
1086 821 1241 869 asserere.

98 905 144 973 Et
161 905 321 997 numquid
334 905 420 976 anim
444 928 502 997 per
517 906 629 999 priora
656 906 900 998 quatuordecim
925 906 1044 975 seacula
1068 906 1245 975 Ecclesiam

98 1011 296 1081 catholicam
312 1012 397 1102 fugit
410 1012 491 1104 quid
508 1014 566 1082 lini
590 1036 650 1083 sno
674 1014 864 1106 expediret?
888 1023 947 1081 aut
970 1012 1075 1104 potuit
1099 1036 1140 1080 ex
1167 1035 1243 1103 pre-

99 1118 203 1187 vitate
218 1118 269 1188 vel
300 1118 497 1208 ignorantie,
525 1119 614 1211 quod
629 1144 769 1213 pravum
798 1122 832 1189 in
863 1143 898 1189 se
924 1128 985 1205 eet,
1008 1127 1066 1189 aul
1092 1119 1242 1205 stultum,

98 1234 161 1294 aut
186 1225 370 1295 animarum
396 1226 493 1295 saluti
522 1226 674 1313 noxium,
703 1226 854 1319 amplecti
881 1234 913 1297 et
945 1226 1147 1319 praecipere?
1175 1225 1244 1317 Op-

96 1340 277 1423 portunum
302 1355 381 1423 ergo
405 1332 506 1403 luisse
521 1333 744 1403 Tridentinam
771 1333 863 1403 illam
888 1332 1126 1403 ordinationem
1151 1332 1244 1423 quis-

98 1462 168 1532 que
182 1438 358 1509 catholicus
382 1449 414 1511 et
441 1448 545 1532 potest
570 1448 602 1509 et
627 1441 721 1509 debet
745 1441 933 1509 existimare
955 1449 1051 1532 atque
1082 1438 1241 1532 profiteri.

99 1549 227 1617 Atvero
261 1547 290 1615 si
328 1568 463 1638 pravam
500 1546 599 1615 luisse
635 1548 831 1617 anteriorem
868 1546 1074 1639 disciplinam
1108 1556 1242 1634 asserat,

99 1654 218 1747 procul
231 1653 331 1723 dnbio
346 1676 365 1723 a
382 1676 459 1723 sana
473 1652 620 1723 doctrina
633 1654 760 1742 devius,
776 1655 898 1725 enoris
913 1654 1093 1747 precipitio
1109 1653 1244 1723 immer-

99 1761 204 1850 gitur.

145 1870 178 1937 Α
202 1891 267 1959 quo
294 1891 404 1939 errore
427 1892 492 1939 uon
508 1870 585 1939 satis
600 1871 769 1939 recessisse
789 1869 918 1939 videtur
940 1868 1244 1939 Reverendissimus

99 1976 314 2045 Lucionensis
331 1976 524 2069 Episcopus,
548 1980 582 2045 iu
605 2000 664 2045 suo
693 1978 813 2046 receuti
842 1978 927 2046 libro
956 1978 1010 2045 cui
1038 1976 1167 2062 titulus,
1191 1976 1246 2045 cles

101 2086 273 2151 Semondes
287 2082 481 2174 episcopales
496 2082 535 2153 de
549 2084 725 2153 cmuciersce
743 2084 900 2174 inscrmlc
909 2084 998 2174 (edit.
1016 2082 1129 2167 Luqon
1144 2085 1241 2168 1852,

100 2212 177 2280 pag.
205 2190 294 2280 225).
320 2190 428 2281 Atque
452 2189 498 2277 id,
521 2212 581 2282 pro
607 2213 679 2259 meo
701 2190 991 2283 quantulicumque
1006 2189 1171 2280 scriptoris
1184 2188 1244 2256 de-

99 2294 181 2382 bito,
199 2318 218 2363 a
234 2318 284 2363 me
301 2295 352 2364 bic
365 2295 526 2381 adnotau,
542 2319 606 2366 nou
620 2320 707 2387 aegre
723 2297 806 2366 leret
829 2296 1068 2365 illustrissimus
1086 2294 1240 2363 Antiates.

100 2404 137 2471 lu
177 2403 274 2473 citato
310 2426 426 2495 nempe
463 2403 591 2495 praelati
627 2404 705 2471 libri
746 2404 830 2485 loco,
860 2410 1031 2495 postquam
1065 2401 1244 2471 luculenter

100 2510 253 2601 probavit
265 2510 416 2579 laudatus
431 2510 569 2596 Praesul,
586 2516 660 2579 ante
677 2510 905 2578 Tridentinam
920 2508 1083 2600 synodum
1104 2507 1152 2576 las
1164 2508 1244 2600 Epi-

100 2640 199 2709 scopo
216 2638 280 2686 non
296 2617 396 2685 luisse
418 2618 460 2687 ob
474 2616 590 2686 delicte
603 2616 728 2685 occulta
747 2616 792 2707 (id
806 2625 854 2687 est
868 2615 956 2684 lama
971 2614 1118 2683 nondum
1135 2615 1245 2683 divul-

100 2732 190 2815 gata,
206 2732 263 2793 ant
278 2725 471 2813 inregulari
493 2723 617 2816 judicio
632 2747 699 2794 uon
724 2726 870 2817 probata)
888 2722 1127 2794 ordinationem
1142 2723 1244 2792 deue-

100 2856 194 2920 gare,
217 2834 302 2903 circa
316 2834 400 2903 hanc
418 2832 662 2925 quatuordecim
678 2833 875 2902 seculorum
904 2831 1108 2921 disciplinam
1121 2831 1167 2899 ita
1181 2831 1244 2899 sibi

101 2937 198 3029 fingit
206 2940 323 3031 objici:
337 2938 451 3009 Scdid
458 2962 621 3030 mnpnum
633 2937 763 3007 malum
769 2938 837 3028 sicit
849 2937 944 3019 (mars
958 2936 1067 3005 c'ltcii
1079 2960 1127 3005 nn
1135 2936 1246 3026 prend

100 3046 196 3136 mal).
221 3044 326 3126 Quem
348 3044 562 3135 objectionem
578 3042 700 3113 nedum
725 3043 882 3128 confutet,
901 3065 974 3111 eam
996 3064 1056 3133 pro
1081 3041 1244 3132 ipsissima

99 3152 236 3219 veritate
256 3151 428 3243 accipiens,
447 3149 645 3241 respondet:
667 3150 797 3240 Utique,
825 3149 860 3217 in
884 3147 1048 3216 nonnullis
1057 3147 1243 3237 presertim

100 3258 249 3323 casibus:
265 3266 297 3322 et
309 3258 384 3321 irinc
398 3266 445 3321 est
460 3256 549 3340 qnod
561 3256 707 3323 Ecclesia
732 3262 895 3319 mutatam
920 3254 1012 3317 illam
1037 3252 1243 3337 disciplinam

100 3364 237 3428 coluerit
259 3368 344 3443 (sans
372 3364 478 3441 doale,
505 3372 634 3429 snrlout
656 3383 695 3429 en
719 3364 877 3427 cericines
901 3370 1095 3439 rencontres,
1110 3370 1141 3425 et
1154 3360 1243 3425 voild

99 3472 310 3550 pricisdment
316 3472 485 3554 pourqnoi
498 3457 631 3553 l’llplise
645 3490 667 3533 α
681 3469 813 3549 modifil
824 3477 903 3533 cette
917 3468 1108 3551 discipline).

143 3580 204 3649 Illa
215 3603 294 3669 ergo
309 3579 409 3649 verba
435 3579 597 3647 incassum
614 3578 736 3647 nutari
752 3578 794 3645 ad
809 3577 986 3666 benignam
1001 3576 1243 3667 interpretatio-

101 3709 174 3757 nem
189 3688 368 3765 inllectere3
384 3708 444 3755 nec
462 3686 552 3777 potui
568 3684 649 3776 quin
666 3685 776 3753 minus
801 3683 1001 3753 musiderate
1016 3682 1142 3776 prolata
1156 3683 1243 3751 exis-

102 3794 264 3865 timarem.
280 3792 469 3863 MAGNUM
483 3792 642 3861 MALUM
656 3792 755 3859 fuisse
776 3790 982 3882 disciplinam
1004 3798 1052 3858 lot
1066 3789 1193 3857 saeculis
1207 3790 1242 3857 in

102 3898 241 3970 Ecclesia
263 3899 420 3970 calholica
440 3900 605 3989 vigentem
622 3921 830 3989 nequaquam
845 3919 989 3967 asserere
1016 3897 1065 3965 las
1089 3905 1138 3965 est
1155 3923 1162 3962 :
1181 3896 1241 3963 hoc

102 4026 194 4078 aures
214 4006 380 4077 catholicae
407 4004 522 4075 audire
553 4005 733 4094 refugiunt.
764 4004 877 4095 Neque
899 4004 988 4073 enim
1014 4002 1064 4071 las
1093 4024 1241 4095 unquam

101 4115 158 4182 erit
185 4113 338 4183 Ecclesia
363 4112 599 4202 iutegritatem,
632 4111 718 4179 circa
739 4110 925 4200 generalem
952 4132 1045 4177 suam
1070 4108 1242 4200 cujuslibet

104 4221 254 4317 temporis
268 4218 491 4313 disciplinam,
508 4220 541 4287 in
572 4218 783 4315 questionem
812 4217 930 4287 vocari.
950 4216 1014 4290 Sed
1039 4238 1143 4308 neque
1168 4240 1241 4287 reor
