3050 4984
588 504 663 554 raas
685 486 828 555 amusos.
1216 476 1275 549 tat

131 648 148 687 ιι
174 624 302 714 petierit
322 627 495 717 justitiam,
523 634 626 719 potest
646 628 930 699 excommunicare
954 634 1120 697 auctorem
1147 627 1270 713 damni,

133 762 150 797 ιι
173 734 250 802 licet
262 735 363 803 etiam
377 734 407 802 ei
420 734 587 805 confessus
599 736 658 824 ait3
677 735 732 803 sed
755 746 945 804 tamennon
965 734 1159 803 nominatim
1174 744 1277 825 potest

132 870 149 905 ι
172 864 249 911 eum
271 864 440 912 removere
462 866 482 910 a
502 844 746 928 communione,
770 844 843 911 licat
864 842 942 911 sciat
965 864 1040 911 aum
1057 864 1126 911 esse
1147 864 1241 911 reum
1267 871 1273 910 :

132 978 149 1011 «
174 950 252 1041 qnia
277 972 343 1018 non
367 957 404 1018 ut
423 950 528 1040 judex
549 950 624 1035 scit,
645 950 700 1017 sed
724 957 760 1018 nt
784 950 871 1018 Deus
893 976 900 1015 ι
923 949 978 1017 sed
1002 950 1097 1017 debet
1119 970 1195 1017 eum
1214 950 1275 1017 ad*

132 1082 149 1117 ιι
174 1078 307 1124 monere
335 1078 376 1125 ne
405 1079 439 1124 se
462 1058 601 1145 ingerat.
626 1056 714 1139 Quia
741 1080 800 1127 nec
827 1056 979 1127 Christus
1001 1056 1122 1126 tudam
1144 1079 1164 1124 a
1187 1081 1277 1126 com-

132 1192 149 1225 ιι
174 1164 330 1231 munione
345 1164 484 1232 removit
504 1190 523 1227 s
545 1166 626 1255 (cap.
646 1168 679 1247 2,
697 1164 783 1233 tituli
805 1168 859 1249 al,
882 1164 957 1231 libri
976 1168 989 1231 1
1009 1163 1165 1252 Deerat).
1188 1165 1277 1253 Ergo

127 1268 216 1362 qaod
232 1269 348 1338 delicta
367 1271 478 1361 paucis
493 1279 581 1356 nota,
598 1280 631 1339 et
647 1272 683 1339 in
698 1272 837 1340 aliorum
858 1271 1033 1362 perniciem
1053 1292 1121 1340 uon
1136 1292 1277 1361 vergen-

129 1378 185 1459 tia,
217 1378 459 1446 accusatoribus
487 1377 662 1469 aliquando
687 1388 829 1465 careant,
855 1380 914 1471 qui
936 1403 1049 1451 eorum
1069 1376 1276 1470 judiciariam

128 1486 355 1554 coercitionem
383 1494 630 1576 persequantur,
658 1493 689 1553 et
713 1486 759 1553 sic
781 1486 932 1557 vindictas
959 1486 1097 1579 publicae
1118 1508 1276 1555 nonnun-

127 1614 229 1683 quam
248 1591 498 1678 subtrahantur,
521 1590 665 1660 delectus
684 1600 717 1659 et
738 1593 854 1661 vitium
875 1595 910 1661 in
935 1594 1086 1663 Ecclesiae
1109 1592 1279 1684 disciplina

128 1722 196 1769 nou
211 1710 271 1769 est.

174 1808 211 1878 Si
235 1830 314 1878 vero
329 1809 446 1877 deficta
467 1810 638 1879 comitetur
655 1808 834 1878 diffamatio
853 1819 887 1877 at
909 1809 1110 1898 scandalum,
1129 1810 1181 1878 vel
1195 1810 1278 1879 sub-

127 1917 363 1984 vertendarum
382 1916 566 1984 animarum
586 1916 780 2009 pericnlum,
806 1926 884 1985 tunc
898 1916 1031 2007 quidem
1051 1917 1183 2009 expedit
1203 1925 1240 1985 ut
1259 1941 1279 1985 a

127 2031 285 2115 potestate
304 2023 520 2091 ecclesiastica
540 2022 739 2113 judicialiter
757 2032 985 2103 coerceantur;
1010 2034 1041 2091 ct
1062 2025 1096 2092 in
1117 2026 1276 2094 darnnum

127 2132 246 2221 ingens
272 2140 434 2219 vergeret,
458 2130 485 2197 si
509 2131 606 2198 unica
628 2139 757 2221 patente
782 2132 994 2200 accusationis
1016 2133 1081 2219 via,
1106 2131 1217 2199 nullus
1243 2132 1278 2199 in

126 2238 190 2308 boc
203 2262 283 2306 casn
293 2246 458 2306 accusator
472 2260 541 2306 esse
555 2236 662 2305 vellet.
682 2240 727 2305 At
742 2260 820 2307 vero
836 2238 870 2305 in
884 2239 1026 2330 antiquis
1042 2240 1193 2308 Ecclesia
1210 2263 1278 2307 sae-

125 2345 211 2414 culis
227 2344 519 2437 pertimescendum
535 2366 602 2413 non
617 2354 687 2413 erat
701 2344 865 2436 ejusmodi
884 2368 926 2414 ex
942 2345 1165 2415 deficientibus
1178 2370 1278 2415 eccu-

125 2453 292 2521 satoribus
313 2452 481 2521 damnum.
508 2452 573 2521 Pro
596 2474 635 2521 eo
655 2450 744 2519 euim
766 2475 831 2544 quo
849 2450 961 2520 fideles
980 2451 1205 2521 afficiebantur
1225 2464 1278 2522 tu-

124 2560 237 2628 tandae
259 2560 454 2649 integritatis
476 2558 565 2643 fidei,
587 2570 619 2627 et
644 2559 861 2628 arcendorum
886 2560 1114 2629 scandalorum
1138 2561 1218 2647 zelo,
1237 2563 1279 2631 ab

123 2668 336 2753 assumendo,
360 2668 416 2737 ubi
431 2690 513 2760 opus
527 2675 608 2752 erat,
626 2666 841 2735 accusationis
855 2690 953 2736 onere
969 2690 1036 2736 non
1056 2668 1277 2759 refugiebant;

123 2801 203 2846 cnm
227 2777 412 2867 prasertim
431 2776 534 2867 isqui
555 2774 760 2868 probationes
780 2775 1028 2843 subministrare
1049 2784 1186 2866 poterat,
1210 2800 1279 2845 sese

123 2885 218 2953 adid
239 2906 282 2953 ex
299 2884 494 2953 conscientia
513 2882 616 2951 tenmi
635 2882 841 2972 intelligeret.
865 2881 959 2951 Adde
980 2882 1204 2952 ecclesiasticis
1222 2886 1277 2976 jn-

124 2992 256 3060 dicibus
279 3013 407 3081 semper
429 2989 571 3075 licuisse,
600 2989 810 3081 inquisitoris
827 2990 933 3058 forma
953 2990 989 3056 in
1010 2990 1145 3058 uotonis
1163 3014 1277 3082 proce-

123 3099 205 3166 dere
226 3126 233 3165 :
253 3099 419 3166 notorium
433 3106 541 3164 autem
557 3120 577 3165 a
591 3097 725 3165 notabili
741 3095 963 3165 diffamatione
978 3102 1011 3164 et
1026 3098 1178 3166 scandalo
1192 3122 1278 3189 sequ

123 3228 195 3273 non
211 3204 353 3272 differre.
373 3206 453 3272 ltem
472 3205 506 3271 in
526 3204 632 3271 causis
654 3202 730 3271 fidei
750 3202 963 3295 probabiliter
982 3203 1131 3272 adhibita
1150 3228 1278 3296 semper

124 3314 191 3381 luit
217 3311 425 3403 inquisitoris
454 3311 572 3396 forma,
605 3320 765 3400 utsupra
790 3310 1037 3395 adnotavimus3
1062 3333 1099 3378 ac
1124 3312 1274 3402 proinde,

124 3420 186 3487 ubi
204 3418 246 3486 de
265 3418 380 3487 baeresi
396 3417 449 3485 vel
471 3416 644 3485 schismate
664 3426 828 3504 ageretur,
853 3417 975 3507 absque
995 3428 1180 3488 accusatore
1200 3443 1277 3512 pro-

123 3526 199 3594 cedi
216 3535 353 3617 poterat.

171 3634 210 3701 lu
240 3634 280 3700 iis
309 3654 389 3721 ergo
418 3632 659 3701 conditionibus
684 3632 819 3723 antiqua
845 3632 989 3699 Ecclesia
1014 3631 1216 3719 versabatur,
1240 3644 1277 3701 ut

122 3740 258 3826 delicta,
284 3762 359 3830 quoa
381 3736 580 3829 judicialiter
601 3740 741 3807 coerceri
762 3738 966 3829 expediebat,
987 3760 1192 3829 nequaquam
1213 3742 1276 3808 im-

122 3849 244 3937 punita
260 3855 477 3930 remanerent,
494 3869 536 3913 ex
551 3868 590 3915 eo
606 3847 694 3937 quod
714 3846 782 3914 sola
797 3846 990 3935 regulariter
1005 3845 1164 3915 obtineret
1178 3870 1274 3917 accu-

122 3954 249 4022 satoria
262 3953 380 4022 forma.

171 4062 253 4130 ltem
284 4060 392 4152 quoad
429 4060 515 4146 odia,
545 4082 621 4151 qne
657 4071 862 4129 accusantem
892 4062 977 4130 inter
1007 4072 1039 4128 ct
1075 4074 1274 4151 accusatum,

122 4189 310 4259 eorumque
329 4166 480 4253 familias,
506 4168 612 4235 enasci
635 4167 752 4253 solent,
780 4168 920 4237 multum
943 4190 962 4236 a
982 4168 1132 4237 saeculari
1154 4168 1275 4239 discre-

124 4277 227 4381 pabat
245 4276 494 4355 ecclesiasticum
516 4276 637 4365 lorum.
661 4274 725 4374 Qui
745 4275 836 4345 enim
854 4276 942 4386 apud
962 4276 1159 4373 Episcopum
1181 4302 1276 4353 ecca,
