3050 4984
308 468 369 531 176
680 487 856 533 mimium
878 487 916 533 mr
939 486 1071 533 runicus.

304 618 445 677 actorem
465 630 505 676 ex
527 606 633 675 officio
647 608 821 696 repellere;
847 617 923 674 tunc
942 609 1018 699 quia
1036 608 1138 698 judex
1156 630 1269 677 curare
1292 609 1389 678 debet
1411 618 1454 678 ut

302 723 431 807 peccata
443 715 604 782 evitentur
620 714 732 805 (capite
748 716 848 783 Novit
865 718 918 797 13,
936 714 975 782 de
994 714 1132 803 ludici,
1153 724 1223 784 tum
1245 716 1323 808 quia
1337 716 1450 807 ipsius

301 822 398 890 officii
419 831 467 889 est
487 820 666 913 disquirere
688 843 730 888 en
756 829 845 889 actor
869 820 989 889 habilis
1014 844 1114 891 necne
1139 823 1193 907 sit,
1217 846 1258 890 ne
1279 822 1449 914 judicium

302 952 399 996 snum
410 928 1025 1014 frustratoriumliat;excommunicati
1033 936 1143 997 eutem
1153 930 1277 997 vitandi
1289 929 1331 998 ad
1342 952 1450 1018 agen-

303 1038 380 1105 dum
395 1035 566 1127 injudicio
580 1041 657 1102 sunt
668 1034 793 1125 dejure
805 1034 977 1103 inhabiles.
993 1036 1157 1119 Secundo,
1169 1036 1255 1105 idem
1266 1036 1445 1106 dicendum

300 1143 341 1212 de
356 1144 510 1211 omnibus
533 1141 777 1232 exceptionibus
798 1164 872 1232 quae
889 1143 960 1233 ipso
980 1144 1054 1234 jure
1070 1144 1231 1213 actionem
1255 1147 1445 1236 perimunt;

302 1260 338 1319 ut
361 1258 437 1317 sunt
461 1249 665 1340 exceptiones
687 1248 871 1334 solutionis,
896 1250 1163 1341 prescriptionis,
1184 1260 1259 1339 etc,
1288 1257 1446 1343 quamvis

301 1357 389 1425 enim
405 1364 494 1424 actor
508 1378 563 1423 eas
577 1377 642 1421 non
659 1364 812 1446 opponat,
829 1356 856 1423 si
872 1358 936 1423 sint
952 1378 991 1424 ex
1006 1357 1087 1423 actis
1110 1358 1257 1443 notoriae,
1277 1357 1371 1429 dehet
1384 1362 1446 1452 ju-

302 1465 365 1533 dex
381 1464 422 1531 ad
438 1486 492 1530 ees
507 1463 542 1528 in
551 1461 728 1552 judicando
736 1462 912 1531 attendere.

346 1577 379 1638 2⁰
394 1572 441 1638 De
454 1571 528 1660 jure
544 1568 779 1637 communiens
794 1591 886 1660 posse
897 1571 1034 1661 proponi
1048 1570 1149 1639 etiam
1160 1572 1235 1640 viva
1244 1596 1319 1641 uoce
1330 1576 1445 1665 (modo

300 1689 409 1747 tamen
434 1676 474 1744 ad
504 1683 574 1743 acta
599 1676 815 1765 redigantur),
841 1684 872 1743 et
893 1677 1007 1768 plures
1030 1677 1142 1759 simul,
1169 1677 1244 1747 vide
1265 1679 1442 1771 probatum

300 1785 387 1875 apud
409 1781 700 1870 Schmalzgrueber
724 1782 769 1870 (in
791 1783 840 1849 tit.
867 1786 922 1867 25,
944 1782 1020 1852 libri
1042 1787 1060 1850 2
1082 1784 1311 1872 Decretulium,
1337 1808 1371 1855 n.
1398 1792 1440 1853 29

300 1902 331 1959 et
348 1892 414 1980 30).

347 2002 379 2065 3⁰
399 1996 539 2087 Proponi
561 1996 659 2063 etiam
680 2004 815 2085 possunt
837 1997 1041 2087 exceptiones
1061 2000 1236 2066 contrarie
1258 1999 1357 2068 modo
1377 2007 1442 2068 sub

299 2106 408 2171 forma
421 2100 612 2169 alternative
626 2127 634 2166 :
649 2099 740 2168 verbi
752 2100 870 2189 gratia,
887 2100 947 2167 hoo
959 2100 1057 2169 modo
1073 2128 1080 2169 :
1093 2122 1222 2193 oppono
1234 2103 1286 2169 uel
1290 2102 1442 2193 judicem
1515 2100 1516 2173 ἒ

298 2212 426 2281 nullom
441 2210 559 2277 labere
566 2207 835 2299 jurisdictionem
843 2233 856 2290 ,·
878 2208 930 2275 vet
942 2208 971 2275 si
985 2230 1086 2299 quam
1106 2209 1236 2292 habeat,
1259 2210 1356 2279 eme
1374 2234 1442 2280 non
1515 2216 1516 2301 l

299 2320 477 2410 sccbjacere.
495 2316 813 2407 (Solimalzgrueber,
829 2315 900 2383 loco
915 2315 987 2403 cit,
1004 2337 1038 2385 n.
1056 2316 1123 2405 31.)

343 2426 485 2508 Quorsum
501 2428 546 2490 9³.
562 2462 604 2475 -
620 2424 668 2489 An
684 2445 756 2489 reus
772 2423 970 2514 ecceptioues
984 2445 1064 2513 quas
1085 2425 1207 2514 opponi
1224 2423 1338 2492 debeat
1353 2448 1438 2517 pro·

300 2534 387 2613 burc,
410 2544 441 2599 et
456 2528 588 2622 quando
597 2529 754 2619 probatio
768 2529 837 2596 liaeo
849 2528 925 2619 fieri
943 2526 1075 2597 debeat?
1092 2528 1285 2599 -Necesse
1301 2532 1441 2601 omnino

298 2653 345 2708 est
359 2652 395 2708 ut
408 2662 483 2706 reus
499 2637 756 2728 exceptionem‘a
777 2658 810 2703 se
826 2635 1005 2726 oppositam
1029 2637 1123 2727 plene
1143 2636 1271 2728 probet,
1292 2638 1442 2731 alioquin

296 2748 448 2814 effectum
465 2767 530 2813 non
549 2743 690 2811 habebit.
707 2743 840 2810 Constat
854 2766 896 2810 ex
914 2742 984 2833 lege
1002 2746 1040 2810 lu
1055 2744 1294 2833 exceptionibus
1315 2746 1383 2833 (19,
1401 2746 1436 2814 ff.

295 2856 335 2923 de
348 2854 511 2941 Probat),
529 2861 560 2919 et
573 2851 698 2939 exlege
714 2852 826 2941 ripere,
842 2872 981 2918 necnon
1004 2850 1074 2940 lege
1089 2853 1235 2943 sequenti
1253 2854 1281 2942 (1
1301 2862 1332 2921 et
1348 2858 1380 2939 2,
1400 2854 1436 2921 ff.

298 2957 642 3051 conceptionibus).
670 2956 750 3038 Quae
783 2957 950 3048 dispositio
976 2956 1171 3026 lustinienei
1196 2958 1294 3050 juris,
1326 2966 1440 3051 utpote

298 3069 380 3139 nihil
393 3066 593 3136 contrarians
608 3064 710 3132 sacris
722 3065 913 3151 canonibus,
925 3064 1085 3131 censenda
1096 3074 1144 3132 est
1158 3072 1189 3133 et
1202 3066 1237 3132 in
1248 3066 1320 3134 loro
1334 3066 1439 3135 eccle-

299 3177 426 3246 siastico
449 3174 572 3262 vigere.
596 3174 703 3262 Atque
727 3172 816 3239 idem
844 3178 1000 3262 praeterea
1030 3194 1070 3239 ex
1096 3172 1167 3263 ipso
1194 3172 1267 3262 jure
1295 3174 1438 3243 naturali
1514 3266 1515 3269 Ἴ

298 3286 456 3377 sequitur,
473 3289 510 3349 ut
525 3280 827 3369 setispersepatet.
1514 3368 1515 3373 ἵ

341 3398 374 3459 20
405 3387 608 3458 «Dilatoriae
636 3385 840 3475 exceptiones
861 3384 998 3473 probari
1020 3384 1149 3471 debent,
1175 3387 1367 3475 regulariter
1384 3388 1439 3455 lo-
1514 3436 1515 3479 3

301 3497 482 3590 cqnendo,
510 3501 584 3562 ante
610 3490 875 3559 contestationem
902 3490 981 3576 litis,
1011 3492 1094 3559 sicut
1120 3491 1216 3559 etiam
1244 3501 1318 3561 ante
1343 3494 1437 3563 illem
1514 3492 1515 3500 '

299 3636 317 3673 c
339 3604 460 3697 opponi
471 3602 599 3669 dehent.
622 3600 706 3667 Hinc
724 3600 766 3665 ad
783 3596 902 3688 judicis
921 3597 1065 3666 officium
1087 3598 1235 3690 pertinet,
1256 3608 1293 3666 ut
1315 3600 1439 3689 proba-

301 3742 317 3780 «
340 3714 444 3781 tiones
459 3730 556 3800 super
576 3706 627 3774 his
645 3706 791 3796 accipiat,
814 3713 844 3772 et
859 3714 931 3772 tum
953 3704 1089 3772 demum
1103 3704 1144 3771 ud
1159 3726 1298 3772 examen
1313 3706 1438 3796 princi·

301 3847 317 3887 κ
341 3818 422 3912 palis
448 3814 569 3904 negotii
594 3812 734 3897 accedat,
762 3809 894 3902 quando
923 3832 980 3901 per
1004 3811 1193 3879 sententiam
1225 3810 1438 3882 interlocuto·

301 3956 318 3993 c
341 3926 427 3993 riam
436 3944 534 4014 super
546 3920 639 3989 dictis
651 3918 895 4009 exceptionibus
906 3918 1131 4008 pronuntiavit
1149 3918 1187 4007 (c.
1203 3917 1364 3986 Eulribita
1379 3922 1434 4005 19,

299 4063 316 4101 u
340 4034 379 4102 de
398 4030 532 4119 ludici
554 4025 648 4108 Quod
667 4026 713 4093 ita
734 4046 850 4092 verum
872 4032 932 4111 est,
953 4032 990 4091 ut
1010 4026 1037 4089 si
1052 4023 1156 4115 judex
1177 4024 1435 4113 contrafecerit,

299 4170 316 4207 c
340 4150 424 4209 recte
442 4135 634 4228 appelletur,
655 4133 739 4200 etin
758 4132 890 4199 irritum
912 4140 1081 4199 revocetur
1105 4130 1264 4221 quidquid
1286 4140 1359 4222 post
1376 4154 1437 4223 ap-

299 4247 543 4343 «pellationem
573 4242 608 4307 in
632 4260 729 4307 causa
757 4246 950 4305 attentatum
974 4235 1083 4303 fuerit.
1116 4234 1204 4305 Ordo
1234 4238 1322 4304 enim
1349 4238 1440 4331 juris
