3050 4984
538 510 613 555 ress
641 508 786 556 sueonos.
1167 489 1229 552 273

91 631 144 719 sit)
171 653 219 699 eas
242 628 424 699 Galliarum
453 638 571 721 partes,
600 652 686 721 qum,
705 640 777 721 post
791 630 909 699 dictam
925 651 1001 697 eum
1022 627 1195 697 Francisco
1218 628 1240 693 l-

90 739 355 823 conventionem,
378 737 545 806 Gallorum
568 735 685 805 ditioni
700 745 911 822 accesserant,
937 745 969 804 et
993 759 1068 827 qum
1096 736 1169 805 idco
1195 735 1235 804 de

91 844 276 913 odedientia
289 844 386 935 (pays
400 843 611 935 d'odddience)
630 844 819 913 dicebantur

138 953 321 1021 Psorosrrro
333 950 405 1019 lV‘t.
423 990 467 1003 -
479 950 657 1019 Sublatam
671 964 716 1019 est
736 975 757 1017 α
774 951 834 1019 Pio
857 952 1106 1041 Vllpraesatum
1121 949 1237 1019 bedul-

25 1050 26 1065 *
92 1070 178 1136 tum,
195 1058 245 1127 ita
262 1072 299 1127 ut
315 1072 440 1127 certum
454 1058 497 1127 sit
512 1058 608 1127 bodie
623 1060 659 1127 in
677 1059 789 1128 Gallia
801 1080 896 1149 posse
908 1058 955 1127 ad
967 1057 1086 1126 Scdcm
1100 1059 1236 1148 Aposto-

92 1167 205 1248 licam,
220 1168 337 1237 umbro
353 1167 471 1248 medio,
490 1168 666 1261 appellari.
682 1168 819 1236 -Nam
830 1166 987 1254 inbellis,
1004 1166 1237 1235 concordatum

92 1274 174 1341 anni
186 1276 271 1342 1802
287 1275 545 1366 respicientibus,
561 1273 667 1343 dictus
682 1274 834 1343 Pontifex
847 1296 961 1343 omnes
978 1273 1156 1342 Galliarum
1174 1273 1237 1341 lle-

93 1381 208 1449 clesiss
231 1383 408 1473 suppressit
423 1389 520 1473 atque
536 1382 667 1474 penitus
683 1382 836 1469 extinxit,
858 1405 933 1450 cum
958 1381 1111 1451 omnibus
1125 1404 1239 1451 earum

91 1488 224 1579 juribus
239 1497 271 1557 et
287 1489 477 1580 privilegiis.
497 1489 592 1557 Unde
608 1490 668 1557 hoc
682 1490 753 1581 ipso
770 1489 950 1557 extinctum
969 1488 1032 1557 fuit
1047 1488 1241 1579 particulare

92 1597 148 1687 jus
164 1594 354 1665 earumdem
376 1596 607 1682 Ecclesiamm,
623 1596 852 1688 quodcumque
872 1595 955 1664 illud
974 1594 1084 1681 tuerit,
1102 1605 1133 1662 et
1147 1604 1242 1665 antea

95 1703 241 1793 legitime
256 1704 398 1793 viguerit
415 1706 524 1794 (prout
539 1704 610 1773 fuse
627 1704 660 1772 in
677 1726 748 1773 meo
762 1711 902 1771 tractatu
914 1702 954 1771 dc
968 1702 1142 1794 Principiis
1151 1702 1242 1793 juris

96 1810 246 1879 cononici
259 1808 424 1901 probavi).
439 1810 525 1879 Dum
540 1820 647 1879 eutem
664 1810 779 1878 iisdem
793 1810 1078 1879 constitutionibus
1088 1809 1243 1901 praefatus

96 1916 250 1985 Pontifex
275 1940 377 1987 novas
400 1916 579 1985 Galliarum
595 1917 751 1985 diecescs
777 1916 883 1985 erexit
909 1925 941 1985 et
967 1917 1101 2003 creavit,
1119 1939 1243 2008 nequa·
1329 1941 1331 1950 ·

97 2047 196 2113 «luem
214 2025 383 2093 renovavit
397 2024 655 2116 dispositionem,
674 2024 707 2091 vi
717 2025 812 2116 cujus
820 2024 981 2116 nequiret,
992 2025 1112 2092 omisso
1122 2024 1240 2111 medio,

97 2131 135 2197 ad
151 2129 272 2199 Sedem
287 2131 505 2223 Apostolicam
522 2131 689 2225 appellari.
718 2132 807 2222 Ergo
822 2131 967 2223 priscum
981 2130 1062 2200 illud
1078 2131 1242 2199 indultum

97 2238 227 2327 penitus
251 2239 458 2329 antiquatum
485 2250 516 2307 et
543 2240 707 2307 sublatum
724 2237 821 2307 hodie
846 2239 1044 2307 censendum
1060 2248 1120 2306 est.
1149 2238 1243 2307 Unde

100 2344 214 2413 mirari
231 2368 326 2415 nemo
341 2345 436 2415 debet
451 2345 618 2415 directore
632 2346 756 2432 Galliis,
776 2346 896 2414 omisso
910 2345 1028 2431 medio,
1046 2368 1198 2414 recursus
1212 2354 1245 2413 et

100 2452 330 2542 appellationes
346 2453 524 2521 aRomena
538 2453 637 2522 Curia
653 2453 765 2543 recipi.

141 2559 310 2628 Tenentur
336 2558 473 2652 proinde
502 2559 652 2629 hodierni
681 2560 864 2629 Galliarum
896 2561 1052 2651 praesules
1081 2560 1243 2652 ejusmodi

100 2666 386 2758 appellationibus,
428 2676 524 2758 prout
558 2665 598 2735 de
631 2666 705 2757 jure
733 2667 913 2753 communi,
943 2667 1080 2736 deterre.
1114 2668 1154 2735 Et
1185 2690 1243 2735 ne-

100 2797 163 2865 que
192 2782 313 2860 tutum,
341 2796 446 2865 neque
474 2774 653 2843 temeritate
683 2797 802 2844 vacans
827 2775 992 2863 existimo,
1024 2776 1053 2843 si
1082 2777 1157 2868 quis
1183 2777 1243 2844 bo-

101 2881 152 2949 die
174 2882 354 2951 Galliarum
378 2880 609 2949 ecclesiasticus
630 2880 746 2972 judex,
773 2892 845 2973 post
870 2883 1016 2972 legitime
1041 2883 1243 2975 interjectam
1341 2898 1347 2907 '

101 2988 219 3059 dictam
247 2988 512 3080 appellationem,
553 2991 587 3057 in
621 3012 717 3058 cause
749 2990 887 3058 ulterius
913 2989 1086 3082 procedere
1112 2989 1242 3078 audeat,

102 3097 162 3163 sub
187 3104 350 3187 pretextu
373 3096 484 3165 omissi
512 3096 685 3165 tribunalis
707 3098 908 3181 intermedii,
931 3107 963 3165 et
987 3097 1146 3166 nullitatis
1166 3096 1244 3166 inde

102 3203 352 3294 appellationem
379 3202 558 3271 afficientis.
589 3204 721 3273 Certum
756 3228 774 3271 e
803 3214 915 3273 contra
946 3215 1037 3297 puto,
1065 3206 1106 3273 ab
1132 3205 1244 3297 appel-

103 3307 200 3395 lante,
229 3310 353 3377 omisso
369 3309 487 3394 medio,
504 3310 545 3377 ad
567 3310 683 3379 Sedem
699 3310 932 3401 Apostolicam,
960 3334 1021 3403 pro
1036 3320 1190 3381 attentato
1212 3322 1244 3380 et

105 3416 196 3486 irrito
225 3416 337 3487 baberi
367 3440 459 3509 posse
494 3418 674 3509 quidquid,
706 3429 780 3510 post
804 3419 1004 3511 interjectam
1031 3420 1116 3488 hanc
1148 3444 1241 3488 suem

105 3523 363 3614 appellationem,
380 3548 399 3593 e
414 3525 513 3593 curiis
525 3524 746 3593 ecciesiasticis
759 3525 872 3594 Gallice
887 3527 921 3593 in
935 3527 1037 3617 ipsius
1052 3550 1149 3596 causa
1167 3550 1242 3618 pro·

106 3632 319 3701 nuntiaretur.

617 3880 638 3971 e
660 3878 734 3949 vn.

311 4046 313 4051 ’
336 4058 470 4119 Quomodo
482 4074 526 4109 scu
539 4072 589 4123 que
601 4059 684 4111 torma
693 4058 831 4123 appellatio
842 4059 896 4111 fleri
910 4058 1011 4110 debeat.

155 4278 293 4351 Qumsrro
311 4278 353 4340 lt.
376 4312 414 4325 -
435 4278 552 4341 Utrum
568 4274 745 4365 appellatio
762 4300 783 4341 a
801 4276 958 4343 sententia
979 4274 1147 4365 definitive
1173 4277 1247 4343 vicu

268 4401 300 4443 u.
1057 4390 1090 4447 ts
