3050 4984
306 447 345 510 811
678 464 856 512 cancarrus
877 467 916 512 nn
937 464 1075 516 runicus·

302 588 391 655 viam
406 584 624 677 inquisitionis
633 586 772 677 proprie
784 587 878 656 dictae
893 589 1095 679 proceditur;
1113 613 1191 680 ergo
1203 590 1299 659 etiam
1315 591 1350 660 in
1365 615 1444 662 casu

301 695 374 763 talis
390 693 624 762 denuntiatoris
637 694 889 785 praerequiritur
904 695 1050 766 infamia.

347 801 569 888 Probatur,
585 800 725 868 textibus
733 801 828 891 juris
837 803 1109 894 particularibus,
1125 843 1170 856 —
1184 807 1222 873 fn
1237 807 1340 897 capite
1356 810 1442 876 Cum

301 921 450 1001 oporteat
470 908 536 997 (ta,
557 907 605 974 tit.
630 910 660 994 1,
683 907 741 976 lib.
765 913 782 975 5
801 909 908 998 Beer.)
932 913 1040 997 agitur
1059 909 1100 978 de
1119 911 1261 1002 quodam
1279 913 1444 1005 Episcopo

300 1015 386 1108 apud
408 1013 524 1082 sedem
545 1013 764 1104 Apostolicnm
785 1037 802 1082 a
822 1017 985 1084 canonicis
1003 1016 1205 1086 denuntiato.
1229 1019 1331 1087 Porro
1351 1019 1443 1088 dele·

300 1125 382 1214 gatis
392 1121 557 1214 judicibus
570 1120 701 1189 mandat
718 1122 926 1190 Innocentius
940 1123 997 1210 Ill,
1015 1147 1055 1192 ne
1069 1124 1116 1192 ad
1124 1125 1370 1216 inquisitionem
1384 1129 1443 1196 de·
1514 1206 1516 1215 ,

299 1231 523 1300 nuntiatorum
551 1229 725 1296 eriminum
753 1226 941 1318 procedant,
969 1230 1034 1297 nisi
1061 1233 1212 1301 noverint
1237 1234 1443 1324 praeussisse

299 1337 465 1405 infamiam
485 1362 492 1402 :
508 1334 581 1406 Nisi
595 1357 692 1426 super
700 1334 869 1426 predictis
879 1337 1011 1425 samam
1025 1337 1127 1427 ipsius
1139 1339 1251 1407 laesam
1265 1363 1329 1408 esse
1341 1364 1442 1408 noue-

299 1444 382 1524 ritis,
400 1465 455 1510 vos
470 1441 516 1508 od
533 1440 773 1532 inquisitionem
786 1441 920 1509 illorum
934 1466 1002 1509 non
1013 1444 1120 1512 'subito
1131 1446 1327 1536 procedatis.
1344 1449 1442 1516 Unde

299 1551 332 1619 in
349 1550 477 1618 rubrica
496 1548 593 1638 hujus
606 1549 720 1638 capitis
734 1549 875 1639 positum
891 1558 939 1616 est
955 1576 962 1617 :
981 1548 1020 1618 de
1033 1552 1170 1618 veritate
1183 1554 1361 1621 criminum
1370 1578 1441 1623 non

298 1657 491 1747 inquiritur,
505 1655 569 1722 nisi
576 1654 673 1745 prius
683 1667 804 1722 constet
819 1654 859 1722 de
873 1655 1028 1746 infamia.
1045 1658 1086 1725 Et
1100 1658 1207 1747 glossa
1221 1659 1267 1726 sic
1281 1659 1413 1728 adnotat
1429 1689 1437 1728 :

299 1786 366 1832 non
381 1774 426 1830 est
436 1760 589 1852 facienda
604 1761 773 1852 inquisitio
788 1762 854 1828 nisi
867 1775 983 1830 contro
993 1763 1207 1854 infumatum.
1221 1765 1262 1834 Et
1272 1775 1379 1833 tamen
1393 1767 1439 1834 ibi

298 1870 544 1963 procedebatur,
566 1891 630 1936 non
654 1892 694 1936 ex
713 1890 803 1937 mero
820 1869 938 1955 officio,
958 1871 1015 1938 sed
1031 1873 1071 1939 ad
1093 1872 1355 1940 denuntiatorum
1380 1875 1440 1940 in-

297 1979 458 2046 stantiam.
476 1977 542 2045 Nec
552 1975 676 2043 dicatur
686 1975 770 2043 hanc
782 1976 1058 2045 denuntiationem
1072 1977 1154 2047 forte
1159 1980 1358 2071 judicialem
1369 2005 1439 2049 non

297 2086 411 2170 fuisse,
429 2085 484 2152 sed
501 2083 670 2150 dumtaxat
682 2083 902 2172 eoorrqelicom
920 2111 931 2150 :
946 2106 1022 2151 nam
1038 2084 1073 2152 id
1088 2087 1231 2155 excludit
1245 2097 1437 2174 contextus;

297 2203 328 2260 ct
342 2200 499 2283 praeterea
517 2191 545 2256 si
562 2190 674 2256 fnisset
691 2190 889 2279 evangelica,
910 2191 1062 2260 Pontifex
1086 2193 1244 2283 praeviam
1266 2193 1438 2261 infamiam

296 2321 362 2366 non
378 2297 609 2389 requisivisset,
626 2319 700 2364 cum
713 2296 893 2387 euonqelice
907 2297 1032 2365 occulta
1045 2298 1144 2366 etiam
1157 2300 1296 2367 crimina
1307 2301 1438 2368 denun-

297 2407 370 2474 tiari
384 2406 517 2497 possint.
535 2405 693 2471 Decretali
705 2426 783 2491 ergo
798 2404 855 2471 illa
867 2404 1013 2492 rigorose
1026 2407 1181 2495 probatur
1194 2407 1290 2472 etiam
1306 2408 1340 2473 in
1357 2430 1437 2476 casn

296 2513 513 2581 denuntiantis
529 2510 569 2579 ad
586 2532 714 2602 poenam
729 2511 925 2601 praerequiri
941 2511 1121 2580 infamiam.

338 2620 428 2688 ldem
440 2619 566 2687 eruitur
582 2641 622 2686 ex
639 2619 741 2707 capite
752 2618 977 2708 inquisitionis
993 2620 1060 2710 (21,
1075 2619 1123 2687 tit.
1144 2621 1175 2706 f,
1190 2619 1247 2687 lib.
1265 2621 1404 2708 5Decr.)
1426 2649 1435 2688 :

295 2729 339 2797 ibi
354 2729 440 2797 enim
456 2725 654 2817 respondens
667 2725 706 2791 ad
718 2723 780 2792 hoc
793 2727 980 2816 quaesitum,
999 2739 1112 2793 utrum
1127 2749 1203 2794 cum
1215 2727 1282 2795 duo
1298 2729 1437 2818 uelplu-

293 2861 342 2904 res
353 2836 468 2926 jurati
486 2836 667 2925 affirmant,
690 2833 833 2922 aliquem
853 2833 976 2900 crimen
994 2833 1132 2924 aliquod
1150 2834 1268 2902 eisdem
1289 2835 1432 2903 uidenti-

294 2947 351 3012 bus
366 2942 571 3022 commisisse,
588 2939 627 3008 de
641 2941 705 3031 quo
721 2942 836 3032 aliqua
857 2941 999 3031 infamia
1015 2964 1081 3009 non
1100 2942 1236 3024 laboret,
1257 2943 1366 3035 aliqua
1384 2945 1436 3012 1111

292 3073 390 3142 paena
404 3049 508 3138 infligi
523 3049 636 3116 debeat
652 3075 659 3116 :
675 3049 721 3114 sic
739 3049 966 3115 universaliter
981 3048 1124 3116 decernit
1138 3050 1345 3118 Innocentius
1360 3051 1407 3117 111
1423 3080 1433 3118 z

291 3159 343 3227 Ad
354 3159 422 3226 liaeo
436 3155 675 3248 respondemus,
693 3154 826 3221 necllum
844 3177 907 3222 esse
919 3178 981 3245 pro
996 3156 1143 3237 crimine,
1166 3179 1262 3247 super
1279 3180 1344 3248 quo
1365 3160 1436 3225 ali-

293 3289 358 3358 qua
380 3289 447 3333 iton
461 3265 590 3332 laborat
609 3262 761 3352 infamia,
780 3284 834 3329 seu
849 3263 993 3330 clamoso
1011 3263 1193 3331 insinuatio
1208 3286 1276 3331 non
1291 3285 1435 3353 praeces-

292 3374 381 3455 serit,
406 3385 541 3464 propter
563 3370 650 3437 diota
672 3369 869 3460 hujusmodi
885 3369 1095 3460 puniendum
1118 3397 1129 3436 .·
1152 3371 1230 3460 quin
1249 3371 1316 3437 imo
1334 3392 1437 3460 super

292 3483 352 3548 lroc
371 3480 579 3571 depositiones
598 3489 712 3546 contro
731 3501 806 3544 eum
821 3477 922 3567 recipi
935 3501 1001 3544 non
1021 3473 1153 3559 detera·
1168 3501 1242 3545 oum
1262 3479 1436 3569 inquisitio

288 3588 364 3679 pieri
382 3587 494 3655 debeat
511 3585 715 3654 solummodo
735 3607 833 3674 seqrer
857 3585 934 3665 illis,
956 3585 996 3653 de
1015 3586 1132 3676 quibus
1149 3586 1305 3653 clamores
1325 3588 1439 3678 aliqui

287 3706 526 3787 precesserunt.
551 3693 602 3760 Ex
627 3692 720 3782 eujus
743 3693 891 3780 responsi
915 3693 1121 3781 generalitate
1144 3694 1190 3760 sic
1210 3695 1307 3782 argui
1327 3694 1433 3764 ficet:

289 3802 441 3894 quamvis
461 3801 507 3867 ibi
527 3821 593 3868 non
615 3809 810 3866 memoretur
829 3816 921 3865 casus
943 3800 1161 3890 inquisitionis
1178 3799 1219 3867 ad
1242 3801 1435 3871 instantiam

290 3911 430 4000 alicujus
449 3906 682 3975 denuntiatoris
701 3905 805 3993 factae,
830 3907 858 3972 si
880 3928 972 3973 casus
992 3906 1047 3974 ille
1064 3928 1085 3974 a
1103 3908 1218 3997 regula
1236 3908 1290 3976 hic
1311 3911 1437 3980 tradita

290 4016 503 4109 excipiendus
523 4015 647 4099 fuisset,
669 4011 762 4078 illum
782 4013 935 4081 Pontifex
957 4015 1145 4106 excepisset.
1166 4015 1294 4085 Nedum
1317 4027 1434 4088 autem

289 4125 439 4216 excipiat,
465 4121 689 4190 universaliter
714 4126 746 4186 et
768 4121 913 4187 absolute
933 4120 1073 4189 affirmat
1094 4124 1335 4212 inquisitionem
1355 4125 1435 4198 fieri

288 4233 404 4300 defuere
418 4225 622 4300 solumunodo
638 4249 711 4294 cum
727 4227 1047 4317 praecessitinfamia.

1461 363 1470 398 t
