3050 4984
307 484 368 550 37⁰
680 502 854 550 umescens
877 502 916 549 ne
937 502 1070 551 runcum

304 635 335 695 et
359 625 468 716 plures
487 622 675 714 hujusmodi
696 638 788 692 actus
810 624 984 715 judiciales
1008 625 1201 694 exercuisse.
1217 625 1318 716 (Loco
1331 626 1437 711 citato,

304 754 340 799 n.
360 734 421 799 278
439 730 565 823 etseq.)

347 840 380 903 2⁰
390 836 441 903 Ex
457 835 660 903 documentis
680 834 844 904 historicis
864 836 985 927 pariter
1009 845 1141 924 eruunt,
1156 845 1307 905 sanctum
1329 837 1438 906 Domi-

301 944 410 1011 nicum
433 942 474 1009 ab
489 941 670 1033 apostolicis
697 942 812 1031 legatis
836 944 995 1034 accepisse
1020 952 1210 1033 potestatem
1225 944 1439 1013 convincendi

299 1050 334 1118 in
345 1048 487 1142 juridico
501 1049 652 1117 examine
668 1049 847 1134 hereticos,
864 1072 986 1141 eosque
1000 1051 1035 1119 in
1050 1052 1217 1120 erroribus
1244 1052 1314 1119 suis
1339 1052 1439 1143 perti·

299 1178 394 1225 naces
406 1156 556 1224 tradendi
569 1154 693 1245 judicio
710 1157 870 1225 seculari.
890 1157 942 1224 Ad
956 1157 1044 1250 quod
1058 1158 1259 1225 firmandum
1278 1158 1365 1226 inter
1380 1158 1439 1225 atie

300 1262 533 1331 historicorum
542 1261 736 1349 testimonia,
748 1262 915 1331 adducunt
928 1272 959 1331 et
970 1262 1052 1331 illud
1066 1263 1249 1332 Malvendce
1264 1263 1311 1355 (in
1327 1265 1440 1332 Arme

299 1370 395 1452 libus,
411 1390 498 1438 anno
526 1372 622 1454 istc,
638 1393 709 1461 cap.
728 1369 758 1460 9)
780 1397 789 1438 2
810 1396 828 1436 c
847 1371 920 1440 Non
935 1372 1113 1440 abnuimus
1127 1382 1277 1444 sanctum
1291 1372 1440 1440 Domini-

302 1477 576 1569 «cumprimum
603 1476 715 1563 fuisse,
743 1478 801 1567 qui
830 1478 1036 1570 inquisitoris
1059 1479 1247 1547 anctoritate
1273 1478 1440 1547 haereticos

302 1610 319 1649 c
343 1584 418 1674 igne
432 1584 594 1675 punierit;
622 1591 654 1651 et
678 1582 822 1651 vidimus
847 1584 998 1674 superius
1013 1585 1075 1653 hoc
1097 1607 1196 1671 anno,
1213 1584 1356 1670 Tolosae,
1373 1588 1440 1676 ipso

301 1691 415 1759 avico
443 1688 501 1757 Dei
527 1699 559 1757 et
587 1690 798 1759 convincente
827 1698 860 1759 et
884 1690 1065 1782 judicante,
1094 1692 1264 1761 hereticos
1292 1693 1440 1759 incendio

302 1804 564 1887 «consumptos,
590 1805 622 1864 et
645 1819 748 1865 uuum
769 1807 981 1866 reservatum.
1006 1824 1022 1861 u
1046 1798 1230 1867 Memorant
1249 1799 1326 1867 item
1352 1801 1440 1891 epis-

297 1904 395 1973 totam
411 1902 585 1995 quamdam
602 1904 824 1993 inquisitionis
848 1904 1029 1989 Tolosanae,
1048 1905 1083 1971 in
1106 1928 1172 1995 qua
1193 1905 1244 1972 his
1268 1928 1307 1973 ac
1333 1909 1439 1992 tertio,

296 2010 331 2078 in
353 2007 485 2077 laudem
514 2010 615 2077 sancti
646 2009 822 2095 Dominici,
838 2010 879 2077 ab
905 2011 1041 2078 oculatis
1062 2019 1094 2078 et
1106 2012 1224 2100 juratis
1248 2013 1388 2081 testibus
1413 2014 1439 2079 is

296 2124 431 2185 vocatur
446 2115 674 2183 hereticorum
686 2128 882 2206 persecutor.
909 2116 1003 2198 Quod
1027 2118 1250 2185 testimouium
1273 2119 1440 2187 Echardus

298 2223 400 2314 (quasi
416 2230 525 2290 sancto
552 2223 722 2293 Dominico
750 2224 944 2315 probrosum
973 2225 1068 2314 foret)
1086 2225 1232 2295 emollire
1254 2234 1358 2295 tentat
1385 2228 1441 2295 hac

295 2340 373 2399 nota
390 2331 479 2419 (tom.
499 2333 513 2395 t
533 2329 688 2397 Bibliotlc.
702 2330 851 2422 predic„
870 2353 944 2422 pag.
967 2332 1019 2419 56)
1042 2360 1049 2399 :
1078 2359 1097 2397 c
1110 2331 1228 2402 Viden'
1245 2334 1302 2423 qni
1332 2333 1440 2402 haim-

300 2438 480 2505 eticorum
506 2435 657 2505 assiduus
687 2446 872 2527 persecutor
900 2438 1020 2505 fueritt
1053 2438 1177 2529 Nempe
1213 2438 1439 2529 redarguendo

302 2569 319 2608 c
342 2552 407 2611 tam
423 2543 524 2610 verbo
539 2566 639 2633 quam
654 2542 805 2633 exemplo
819 2544 914 2611 bonae
930 2544 1028 2621 uitem
1044 2566 1109 2613 non
1121 2544 1277 2635 jugulum
1287 2547 1440 2637 mendo,

302 2676 319 2713 a
343 2672 408 2717 non
424 2648 550 2716 terrum
563 2659 594 2716 et
611 2650 720 2737 ignem
736 2648 930 2734 minitando,
955 2650 1043 2740 quod
1059 2652 1112 2717 sni
1129 2674 1195 2719 non
1209 2661 1280 2719 erat
1293 2652 1406 2722 officii.
1422 2682 1437 2717 ι

298 2756 363 2826 Sed
379 2754 539 2840 Echardo,
558 2754 768 2823 Bollandistae
801 2781 808 2823 :
846 2783 863 2819 c
891 2756 934 2823 At
949 2756 1042 2847 quid,
1064 2754 1211 2845 obsecro,
1238 2758 1362 2848 piaculi
1388 2769 1440 2829 ant

303 2862 508 2931 «dedecoris
537 2860 571 2928 in
601 2860 755 2929 Sanctum
785 2862 993 2930 Dominicum
1025 2862 1234 2951 redundaret,
1263 2868 1290 2934 si
1322 2867 1376 2936 hic
1401 2892 1440 2937 ex

303 2996 319 3034 c
341 2967 547 3057 subdelegats
560 2966 711 3035 Ecclesiae
729 2976 884 3059 potestate
906 2970 1087 3061 pervicaces
1112 2970 1280 3041 haereticos
1309 2974 1441 3043 brachio

303 3103 319 3141 c
343 3075 504 3159 seculari,
522 3081 558 3141 ut
579 3073 677 3161 vulgo
704 3073 883 3165 loquimur,
915 3076 1097 3165 puniendos
1122 3076 1329 3145 tradidisset?
1350 3080 1442 3149 Certe

304 3208 321 3248 c
344 3180 520 3249 catholicus
545 3180 706 3270 quispiam
734 3178 882 3248 dubitare
909 3204 975 3248 non
1004 3190 1110 3272 potest
1136 3182 1176 3251 de
1205 3182 1262 3251 illa
1288 3184 1441 3255 Ecclesiae
1496 3173 1497 3222 3

301 3314 319 3355 c
342 3294 595 3379 potestateque
618 3276 799 3353 innumeris
819 3286 977 3376 exemplis
991 3310 1029 3356 ac
1055 3288 1245 3357 testimoniis
1268 3292 1441 3381 probatur,

305 3423 322 3462 c
345 3404 374 3463 et
391 3416 490 3486 quam
513 3391 667 3460 Alionsus
681 3390 722 3459 de
737 3390 863 3479 Castro,
881 3392 1024 3462 Jndocus
1038 3395 1185 3481 coccias,
1200 3396 1325 3488 aliique
1339 3402 1442 3493 scrip

303 3529 320 3570 c
345 3510 429 3570 tores
445 3498 580 3587 integris
594 3498 815 3566 voluminibus
840 3508 951 3567 contra
972 3499 1197 3571 heterodoxos
1219 3504 1439 3577 vindicarunt.

304 3634 321 3675 c
344 3608 458 3678 Solum
475 3605 535 3673 hoc
550 3604 618 3671 loco
632 3602 842 3695 producimus
857 3604 970 3674 divum
987 3604 1160 3691 Thomam,
1177 3608 1234 3697 qui
1254 3609 1289 3676 iu
1305 3609 1443 3682 Summe

304 3742 321 3782 c
345 3712 524 3802 theologica
539 3712 581 3801 (2.
600 3714 633 3795 2,
650 3734 681 3801 q.
703 3714 756 3796 tt,
775 3734 805 3778 a.
826 3711 856 3800 3)
875 3710 959 3779 hanc
973 3734 1041 3779 rem
1058 3713 1105 3779 sic
1118 3713 1258 3805 explicat
1276 3744 1283 3784 :
1298 3720 1443 3810 Respon-

304 3850 319 3881 «
341 3822 400 3885 deo
414 3818 597 3896 dicendum,
614 3816 804 3900 quodcirca
825 3817 987 3882 kaeredcos
1011 3818 1079 3882 duo
1098 3828 1176 3883 sum
1193 3824 1441 3891 coccsc'deraccda.
1496 3903 1497 3908 ἵ

304 3958 319 3990 a
344 3928 452 3993 Unum
469 3924 602 4009 quidem
617 3944 658 3987 cc
668 3934 763 4006 parte
786 3927 954 4007 ipsorum
973 3926 1070 3989 atiud
1080 3945 1156 3991 vcro
1170 3940 1319 4012 exparte
1333 3932 1441 3998 Eccle-
1496 3917 1497 3924 ἵ

305 4064 320 4099 ιι
341 4039 408 4102 siae.
421 4034 476 4100 Ec
487 4030 722 4116 partequidcm
734 4032 881 4113 ipsorum
894 4042 941 4095 cst
955 4042 1135 4115 peccatum,
1148 4054 1209 4118 per
1219 4039 1314 4119 quod
1321 4058 1441 4105 mccccc-
1496 4021 1497 4032 ἵ

305 4174 320 4205 a
342 4152 491 4209 runtnon
504 4140 608 4204 sctum
621 4139 662 4202 ab
674 4139 821 4204 Ecclesia
831 4159 892 4222 pcc
906 4143 1273 4210 excommunicationem
1279 4152 1438 4231 separari,

307 4252 398 4321 used
409 4252 508 4315 etiam
519 4266 579 4333 pcc
593 4255 730 4311 mortun
744 4266 765 4308 α
778 4248 901 4310 mundo
915 4249 1056 4313 occludi.
1072 4252 1177 4318 Multo
1200 4256 1290 4318 enim
1303 4259 1437 4338 precius
1496 4231 1497 4236 ἵ
