3050 4984
277 487 318 555 32
652 504 827 555 raimerus
850 506 890 553 na
912 505 1046 555 sumens.

281 656 299 694 0
321 638 446 699 centem
459 651 535 698 vere
552 627 710 698 malitiose
725 638 915 715 accusasset,
929 628 1060 698 deberet
1074 627 1182 699 adbuc
1196 628 1308 720 puniri
1323 648 1420 721 prena

276 762 293 803 0
317 737 459 826 10110010,
478 738 590 827 vigore
605 738 843 806 constitutionis
856 738 959 807 sancti
972 737 1023 805 Pii
1036 738 1080 807 V.
1105 762 1124 802 a

319 845 369 914 Ea
390 845 433 913 iis
448 853 556 914 autem
578 844 783 914 citationibus
805 853 905 937 patet,
921 844 1039 913 borum
1062 853 1233 914 auctorum
1250 844 1318 935 (qui
1338 843 1419 913 adeo

276 952 406 1043 antiqui
428 974 494 1021 non
516 950 603 1041 sunt)
625 961 781 1044 tempore,
802 951 949 1019 nondum
972 952 1007 1019 in
1031 952 1278 1021 desuetudinem
1303 952 1419 1019 abiisse

275 1058 404 1127 talionis
435 1081 575 1150 poenam.
608 1058 669 1127 Illa
694 1080 774 1149 ergo
799 1057 978 1127 desuetudo
1007 1057 1048 1126 ad
1078 1059 1258 1127 recentiora
1285 1058 1419 1127 omuino

275 1173 423 1257 tempora
438 1166 608 1235 referenda
630 1174 724 1235 esset.
741 1165 806 1234 Sed
826 1164 888 1233 boc
912 1166 984 1257 ipso
1004 1164 1134 1233 difficile
1150 1165 1282 1257 probari
1296 1173 1416 1256 poteat3

275 1296 349 1342 cum
381 1272 470 1341 enim
499 1273 733 1342 recentioribus
762 1272 964 1364 temporibus
992 1272 1060 1341 fere
1087 1294 1258 1364 nunquam
1283 1295 1419 1340 accusa-

276 1380 375 1450 tionis
390 1380 443 1449 via
457 1380 556 1447 fuerit
579 1379 736 1468 adbibita,
754 1402 820 1449 non
843 1379 995 1471 rejectam
1012 1379 1111 1448 fuisse
1134 1378 1176 1447 de
1197 1379 1315 1447 talione
1332 1379 1419 1469 juris

275 1487 458 1557 communis
474 1486 730 1577 dispositionem,
745 1486 801 1555 sed
817 1486 964 1578 ejusdcm
977 1489 1085 1579 potius
1104 1485 1306 1579 applicandae
1322 1509 1419 1554 oceu-

275 1597 398 1663 sionem
416 1593 558 1663 defuisse
571 1593 745 1663 dicendum
760 1602 820 1663 est.
836 1594 926 1684 Ergo
940 1596 1038 1661 ctiam
1054 1592 1150 1662 bodie
1165 1593 1281 1683 vigens
1295 1592 1419 1662 censeri

275 1710 380 1793 potest
404 1702 493 1771 bulla
519 1702 622 1771 sancti
638 1701 690 1771 Pii
704 1701 749 1788 V,
765 1709 797 1768 et
812 1721 908 1791 poena
924 1700 1053 1769 talionis
1073 1701 1108 1769 in
1130 1724 1168 1771 ea
1191 1700 1419 1769 constitutione

277 1811 409 1877 sancita.

321 1969 484 2052 Secundo,
507 1969 593 2037 idem
615 1969 750 2037 suadere
772 1967 901 2037 videtur
921 1966 1038 2036 modus
1059 1967 1213 2060 loquendi
1235 1969 1419 2037 canonista-

277 2102 364 2148 rum.
382 2078 466 2147 Nam
483 2078 687 2165 vetustiores,
704 2076 952 2167 subscriptionis
972 2076 1006 2143 in
1027 2077 1157 2144 talionis
1180 2099 1321 2167 poenam,
1337 2078 1419 2145 dum

276 2185 471 2254 accusatorie
509 2183 705 2275 proceditur,
735 2184 958 2251 necessitatem
995 2184 1129 2251 omnino
1168 2182 1350 2269 affirmant3
1382 2193 1419 2253 ut

275 2292 386 2361 ridere
408 2302 457 2359 est
480 2291 566 2382 apud
581 2291 741 2359 Abbmero
767 2292 1045 2382 panormitanum,
1063 2290 1265 2359 Hostiensem
1287 2299 1318 2357 et
1337 2290 1418 2359 alios

276 2400 374 2492 hujus
389 2400 464 2488 aevi,
481 2399 516 2465 in
531 2420 645 2467 eornm
659 2397 912 2486 commentariis,
924 2398 960 2465 in
974 2398 1022 2465 tit.
1040 2400 1055 2463 t
1075 2400 1156 2485 012,
1172 2396 1247 2464 libri
1265 2402 1283 2464 5
1299 2398 1418 2466 Decre-

275 2504 402 2573 tabum.

320 2664 526 2733 Recentiores
543 2685 621 2733 vero
635 2665 681 2732 ita
695 2664 884 2733 haesitanter
897 2665 1077 2757 loquuntur
1091 2672 1129 2733 ut
1145 2688 1188 2734 ex
1212 2686 1326 2734 eorum
1341 2686 1417 2731 sen-

276 2773 376 2841 tentia
398 2780 551 2863 tanquam
572 2780 696 2841 certum
717 2772 819 2841 asseri
841 2782 980 2865 nequeat
1003 2773 1199 2842 obsolevisse
1220 2771 1339 2841 dictam
1359 2770 1418 2863 ju-

276 2880 321 2949 ris
342 2880 488 2949 canonici
512 2879 767 2971 dispositionem.
788 2880 937 2970 «Hodie,
957 2881 1004 2949 ait
1024 2880 1194 2971 Pirrbing,
1215 2881 1277 2949 ista
1296 2881 1417 2949 solem-

279 3012 297 3053 0
321 2986 403 3055 nitas
413 2986 645 3078 inscriptionis,
655 2996 687 3056 et
697 3010 794 3080 poena
803 2988 987 3076 talionis,in
996 2988 1069 3057 loro
1079 2997 1111 3057 et
1118 2986 1242 3080 jndicio
1252 2987 1415 3075 saeculari,

279 3122 296 3159 0
320 3117 385 3163 non
411 3094 614 3186 estamplius
629 3094 664 3162 in
682 3118 756 3182 usu,
777 3094 834 3163 sed
852 3118 910 3185 per
930 3096 1127 3164 contrariam
1149 3094 1415 3165 consuetudinem

279 3227 296 3265 0
319 3201 460 3269 abolita:
486 3210 554 3269 tum
577 3201 654 3292 quia
677 3223 736 3293 per
758 3224 831 3270 eam
853 3201 1065 3271 retrahuntur
1086 3202 1234 3271 homines
1257 3203 1297 3270 ab
1320 3224 1416 3271 aceu-

277 3336 294 3373 0
318 3306 432 3397 sando,
447 3309 591 3377 nolentes
613 3309 648 3375 in
672 3331 706 3375 se
728 3310 871 3399 recipere
895 3330 979 3377 onus
1001 3309 1173 3400 probandi,
1189 3332 1265 3378 cum
1287 3308 1416 3377 talionis

278 3444 295 3480 0
318 3415 461 3507 periculo
475 3445 483 3495 t
498 3423 569 3484 tum
584 3415 660 3506 quia
675 3437 761 3483 nunc
773 3413 876 3506 judex
891 3438 934 3483 ex
949 3416 1058 3487 officio
1071 3417 1245 3507 procedere
1260 3423 1376 3507 potest,
1387 3416 1416 3482 ai

278 3550 295 3587 0
318 3531 406 3590 actor
421 3521 583 3590 deiecerit.
602 3522 639 3588 ln
660 3520 731 3590 loro
753 3530 862 3591 autem
882 3523 1094 3592 ecclesiastico
1109 3533 1141 3591 et
1157 3525 1231 3615 jure
1246 3524 1413 3610 canonico,

278 3658 294 3695 0
318 3630 425 3699 adhuc
441 3629 622 3697 necessaria
636 3638 683 3699 est
699 3629 890 3721 hujusmodi
904 3631 1084 3723 inscriptio,
1101 3639 1198 3721 prout
1217 3631 1359 3699 sumitur
1373 3652 1414 3699 ex

278 3764 295 3799 0
318 3734 422 3826 capite
435 3735 544 3824 Super
558 3732 608 3799 to
624 3732 894 3824 (16,dedccus.),
908 3744 940 3803 et
954 3735 1061 3825 capite
1079 3735 1228 3817 Qualiter
1238 3747 1271 3803 et
1285 3733 1415 3825 0000010

277 3869 294 3908 0
320 3844 386 3933 (tt,
406 3838 554 3931 ejusdem
577 3837 690 3929 tituli).
715 3838 933 3931 Excipiuntur
954 3851 1062 3910 tamen
1088 3842 1223 3933 quidam
1248 3865 1341 3909 casus
1359 3893 1413 3928 ...,

277 3976 295 4015 0
318 3956 354 4050 ut
370 3948 398 4015 si
412 3946 536 4015 crimen
556 3945 627 4015 leve
647 3946 700 4033 sit,
715 3954 747 4013 et
768 3946 878 4038 plures
896 3947 964 4037 alii,
979 3972 1063 4042 quos
1085 3958 1229 4018 recenset
1247 3949 1355 4039 glossa
1367 3950 1416 4040 (in

276 4082 293 4121 0
316 4054 451 4159 citatum
460 4061 558 4145 caput
568 4055 677 4144 Super
685 4052 747 4137 1110,
757 4056 859 4125 verbo
870 4059 1005 4147 Oportet
1018 4056 1172 4148 1000ήό1).
1185 4057 1289 4125 Porro
1304 4054 1413 4144 bodie,

275 4188 292 4226 0
316 4162 386 4230 loco
401 4159 624 4247 accmationis,
634 4162 786 4229 successit
799 4162 941 4254 simplex
953 4164 1085 4255 querele
1095 4190 1105 4251 ;
1117 4186 1192 4256 quae
1206 4163 1413 4255 potissimum

276 4296 294 4336 0
317 4268 424 4337 dillcrt
438 4268 473 4336 in
486 4290 524 4337 eo
538 4267 580 4335 ab
604 4270 818 4358 accusatione,
835 4270 916 4361 qnia
935 4270 970 4339 in
990 4271 1051 4341 bac
1066 4272 1246 4364 porrigitur
1260 4270 1414 4339 solemnis
