3050 4984
557 542 633 587 iuss
654 541 801 589 sununs.
1185 522 1246 590 tlt

101 660 263 751 sufficiens
277 661 440 730 motivum
455 684 521 729 non
537 660 634 731 babet
656 684 677 729 α
689 665 803 753 somna
818 661 990 731 ordinaria
1009 663 1187 733 recedendi.
1203 702 1248 717 -

101 767 266 836 Probatur
286 770 318 835 1⁰
339 791 380 837 ex
411 776 519 837 mente
545 768 727 836 Tridentini
754 768 902 856 concilii,
925 790 1026 861 qnam
1053 770 1250 861 patefaciunt

101 874 219 943 collata
238 875 380 943 invicem
402 875 559 944 nonnulla
580 876 682 967 ipsius
701 874 838 945 decreta.
864 876 950 945 Nam
972 898 1089 946 verum
1113 879 1248 968 quidem

101 988 152 1048 est
166 981 201 1048 in
214 982 319 1071 capite
337 984 350 1047 1
369 982 523 1049 sessionis
540 986 578 1049 ll
596 1005 615 1049 a
630 982 829 1051 Tridentinis
843 982 995 1051 Patribus
1013 984 1153 1052 conferri
1169 986 1248 1077 Epi-

101 1109 200 1178 scopo
214 1086 399 1156 facultatem
415 1088 550 1157 clericos
561 1112 603 1157 er
616 1088 999 1157 informataoonscientia
1013 1090 1245 1181 suspendendi,

100 1202 134 1262 et
147 1192 307 1284 superiori
323 1195 426 1284 cepite
443 1194 628 1263 facultatem
649 1194 732 1263 hene
745 1193 788 1262 ad
803 1216 916 1264 casum
926 1196 1056 1287 publici
1067 1197 1165 1265 etiam
1180 1198 1249 1265 cri-

102 1300 203 1369 minis
212 1300 344 1369 extendi
358 1300 579 1391 probavimus.
599 1302 643 1369 At
658 1300 759 1369 simul
772 1321 890 1369 verum
904 1310 952 1371 cst
964 1301 1106 1371 voluisse
1117 1303 1248 1373 eosdem

101 1406 227 1492 Patres,
245 1416 399 1500 tanquam
410 1410 465 1500 jus
478 1407 684 1477 ordinarium
700 1417 732 1475 et
746 1430 924 1477 commune
935 1432 1126 1501 permanere
1140 1410 1248 1501 legem

101 1514 282 1585 lnnocantii
310 1516 373 1603 lll,
397 1515 598 1607 judiciorum
627 1515 918 1585 ecclesiasticorum
943 1516 1067 1585 formas
1095 1519 1250 1610 praescri·

101 1621 247 1691 benum.
279 1622 393 1713 Capite
420 1624 508 1690 enim
542 1626 559 1691 b
590 1622 743 1692 sessionis
769 1626 832 1708 il,
863 1622 948 1691 hanc
975 1623 1053 1693 dicti
1084 1626 1250 1695 Pontificio

102 1726 298 1797 decretalem
316 1728 475 1797 innovant
490 1739 521 1797 et
540 1730 581 1797 ab
597 1728 751 1799 omnibus
772 1730 938 1799 observari
959 1731 1117 1801 mandant
1137 1758 1144 1800 :
1163 1735 1249 1803 Gon·

100 1836 243 1919 stitutio,
267 1836 328 1905 sub
353 1836 539 1905 Innocentio
564 1840 615 1906 111
635 1837 669 1904 in
694 1836 827 1905 concilio
848 1837 1004 1929 peneroli,
1035 1861 1109 1929 qua
1134 1840 1251 1929 incipit

101 1942 249 2024 Qualiter
267 1953 299 2012 et
314 1942 457 2034 quando,
474 1966 574 2033 quam
588 1956 702 2011 sancto
723 1943 868 2033 synodus
887 1944 921 2011 in
933 1946 1087 2035 praesenti
1100 1945 1247 2030 innovas,

100 2052 144 2119 ub
159 2050 310 2119 omnibus
325 2051 519 2119 observetur.
538 2052 641 2119 Porro
653 2074 673 2119 a
686 2052 772 2120 dioto
786 2053 890 2144 capite
908 2054 1059 2136 Qualiter
1070 2067 1100 2122 et
1116 2054 1249 2145 quondo

102 2157 157 2248 (de
176 2156 300 2247 Aecus.)
322 2158 488 2225 sententies
509 2180 549 2225 ex
572 2157 746 2227 informata
767 2159 961 2227 conscientia
982 2183 1117 2251 prorsus
1134 2162 1249 2231 exclu-

99 2264 238 2349 duntur,
252 2274 284 2332 et
297 2265 413 2332 lormae
427 2264 602 2333 ordinaries
618 2265 653 2332 in
665 2264 798 2355 judiciis
813 2265 1009 2335 adhibendae
1023 2270 1248 2357 praescribun-

99 2378 168 2441 tur.
186 2371 270 2440 Cum
285 2393 365 2461 ergo
378 2371 450 2441 haec
463 2368 529 2439 duo
543 2370 734 2440 Tridentina
746 2370 874 2440 decreta
887 2372 972 2441 inter
985 2396 1019 2441 se
1033 2385 1190 2464 pugnent,
1206 2376 1248 2445 nd

98 2478 310 2547 concordiam
337 2476 521 2545 reducenda
553 2484 641 2545 sunt.
679 2478 785 2545 Facile
821 2488 929 2546 autem
960 2480 1124 2548 cohaerere
1155 2504 1247 2573 repe-

98 2586 241 2671 rientur,
258 2584 286 2653 si
300 2583 437 2669 dicetur,
455 2584 595 2653 voluisse
615 2583 822 2654 Tridentinos
839 2584 964 2674 Patres,
981 2594 1018 2653 ut
1027 2587 1083 2677 jus
1102 2587 1246 2657 decreta·

97 2692 140 2759 lis
159 2690 400 2760 Innocentiauae
417 2700 573 2783 tanquam
589 2692 702 2783 requio
718 2692 878 2784 poneretis
890 2694 1023 2762 firmum
1044 2708 1242 2782 remancret;

94 2800 154 2890 jus
174 2820 252 2869 vero
270 2799 312 2866 ab
333 2798 412 2890 ipsis
433 2798 603 2867 inductum
626 2799 879 2890 suspensionum
903 2820 946 2868 ex
969 2799 1147 2871 informata
1168 2825 1247 2873 con·

95 2906 250 2991 scienda,
278 2912 435 2995 tanquam
457 2904 612 2995 suceptio.
637 2904 777 2990 lithos,
798 2913 837 2974 ut
857 2913 948 2995 puto,
972 2928 1088 2975 omncs
1108 2908 1247 2981 libenter

95 3012 289 3081 concedent.
306 3011 381 3081 lum
396 3032 473 3080 vero
487 3034 554 3102 quo
566 3034 662 3080 sensu
678 3012 900 3103 suceptionem
913 3012 999 3081 banc
1012 3013 1152 3084 voluisse
1167 3016 1246 3091 Tri-

95 3118 226 3191 dentini
254 3118 365 3187 Patres
391 3116 544 3187 censendi
574 3121 671 3187 sunt?
701 3119 755 3187 An
782 3141 821 3187 eo
851 3140 949 3187 sensu
977 3120 1064 3211 quod
1098 3126 1247 3217 exceptio

95 3228 199 3297 latius
218 3248 319 3317 quam
337 3225 407 3318 ipsa
421 3224 534 3315 regule
550 3233 682 3316 pateret,
699 3234 731 3293 et
748 3226 795 3292 sic
806 3225 860 3315 jus
879 3246 1068 3313 commune,
1085 3240 1246 3321 quatenus

95 3334 178 3421 tale,
200 3355 258 3425 per
280 3332 505 3423 exceptionem
529 3330 794 3401 subverteretur?
813 3330 851 3398 ld
871 3331 901 3399 si
921 3330 1150 3425 intendissent,
1176 3339 1246 3409 dic-

96 3452 171 3511 tam
205 3439 383 3508 lnnooentii
417 3438 610 3509 decretalem
642 3460 707 3507 non
736 3460 889 3530 expressa
920 3440 1149 3532 innovessent‚
1185 3468 1245 3517 occ

95 3546 297 3637 generaliter
319 3545 361 3614 ab
384 3544 537 3614 omnibus
556 3544 680 3615 servari
703 3543 922 3613 mandassent.
952 3544 1041 3635 Ergo
1063 3548 1108 3616 ita
1128 3572 1246 3644 excep

95 3656 226 3725 tionem
244 3653 327 3721 hanc
342 3653 587 3740 intellexerunt,
602 3662 634 3721 et
647 3652 863 3738 induxerunt,
876 3659 912 3721 ut
933 3674 1062 3745 semper
1080 3659 1246 3748 exceptio-

94 3760 192 3828 nates
206 3766 421 3847 remanerent,
437 3757 544 3850 quoad
567 3758 697 3849 publica
720 3757 871 3844 crimina,
892 3759 1060 3828 sententiae
1082 3784 1123 3829 ex
1138 3764 1246 3834 inler-

94 4001 232 4052 motivum
249 3997 380 4049 sufficiens
396 3998 549 4051 adhibenda
568 3998 780 4063 extra-judicielis
798 3998 897 4050 tormer.
912 4000 987 4059 Quod
1003 4014 1066 4065 ergo
1086 4002 1114 4053 in
1130 4006 1252 4069 pmcne

93 4080 270 4134 conclusione
283 4078 393 4129 dicimus
404 4079 438 4129 dc
452 4078 539 4130 metiri
550 4078 702 4129 sufficientis
712 4080 877 4140 necessitate,
887 4082 916 4131 nt
928 4080 1015 4131 deseri
1027 4081 1109 4144 possit
1123 4083 1251 4138 ordinarii

92 4160 196 4228 judicii
213 4159 305 4219 torma,
323 4162 406 4209 totum
425 4160 555 4211 exclusive
575 4159 685 4209 retertur
703 4158 735 4208 sd
753 4173 842 4210 casnm
853 4159 955 4225 publici
975 4160 1107 4225 criminis;
1120 4163 1152 4213 ad
1171 4179 1249 4229 quem

95 4243 182 4293 stiam
201 4251 289 4289 cesum
309 4238 414 4289 extendi
432 4238 607 4304 episcopalem
633 4238 870 4301 extra-judicialiter
889 4239 1066 4304 suspendendi
1087 4247 1250 4308 potestatem,

96 4318 236 4387 superiori
252 4318 335 4387 sopite
348 4320 473 4385 tmqmm
483 4318 619 4387 probabile
631 4317 808 4375 immunes.
