3050 4984
548 526 621 575 rurs
644 527 791 576 sueonos.
1195 502 1255 573 su

112 648 165 717 ria
187 648 292 738 magis
307 648 475 717 insolitum
490 659 647 719 occurret.
665 650 701 719 Si
720 672 798 719 vero
817 656 959 719 mentem
976 650 1197 718 convertimus
1216 646 1259 715 ad

114 777 244 824 errores
264 765 295 823 et
318 755 418 825 dubia
435 756 554 848 quibus
573 765 699 843 ortum,
724 757 775 824 vel
796 756 865 847 jum
887 755 988 839 dedit,
1010 755 1062 824 vel
1082 753 1261 825 etiamnum

115 862 195 931 dere
217 872 320 954 potest
341 862 502 932 recentior
525 863 606 949 haec,
633 886 653 931 a
672 876 817 955 tempore
836 863 957 931 scilicet
975 862 1177 931 Tridentium
1207 884 1266 953 sy-

116 968 198 1037 nodi
220 970 404 1039 introducta
424 970 548 1057 forms,
572 971 663 1039 nulla
683 971 766 1039 fona
788 970 873 1061 juris
899 970 983 1039 sueri
1007 992 1083 1062 pers
1105 968 1267 1037 solertiori

118 1076 347 1167 indagatione,
381 1078 499 1145 nostris
535 1077 716 1168 praesertim
746 1078 966 1170 temporibus,
998 1077 1145 1165 indigere
1173 1076 1265 1145 vide-

117 1182 221 1252 bitur.

166 1288 317 1357 Arduum
339 1289 482 1381 profecto
503 1297 747 1379 argumentum,
771 1289 805 1355 in
826 1310 892 1379 quo
913 1287 1138 1379 pertractando
1157 1287 1268 1357 sanior

120 1396 269 1465 doctrina
279 1396 493 1487 apericnlosis
503 1395 720 1487 quorumdum
732 1395 985 1487 opinationibus,
1000 1393 1176 1463 solidarum
1188 1416 1266 1463 suc-

121 1502 290 1572 toritctum
300 1503 511 1589 adminiculo,
522 1512 669 1573 accurate
678 1512 726 1571 est
741 1501 967 1571 discernende.
983 1500 1077 1584 Quod
1092 1510 1128 1569 ut
1141 1500 1267 1569 facilius

121 1620 329 1702 praestemus,
347 1612 408 1679 hoc
425 1612 541 1679 ordine
562 1609 785 1679 distribuenda
801 1610 935 1678 materie
954 1609 1023 1677 visa
1037 1617 1085 1676 est
1103 1636 1110 1675 :
1131 1613 1163 1675 1θ
1179 1608 1268 1677 dice-

122 1741 196 1787 mus
216 1718 297 1808 quid
322 1719 364 1785 sit
387 1727 418 1787 et
438 1717 524 1787 unde
548 1726 618 1787 orta
643 1717 835 1808 episcopalis
860 1724 999 1807 potestas
1020 1738 1062 1783 ex
1089 1714 1265 1783 informata

123 1825 317 1892 conscientia
333 1824 545 1915 procedendi3
564 1829 598 1891 2⁰
612 1832 803 1915 potestatem
820 1821 1011 1915 hujusmodi
1025 1830 1179 1913 tanquam
1193 1845 1267 1890 om-

123 1933 202 2000 nino
221 1942 341 2001 certam
361 1932 527 2024 Episcopis
542 1930 800 2017 vindicabimus,
820 1935 853 1997 3⁰
868 1928 999 1998 extendi
1018 1951 1089 1997 eam
1104 1928 1145 1996 ad
1164 1937 1267 1997 certos

122 2062 217 2107 casus
235 2040 275 2107 de
297 2038 417 2130 quibos
434 2038 571 2107 dubium
593 2038 673 2107 oriri
691 2045 799 2129 posset
818 2036 1045 2122 ostendemus;
1068 2039 1101 2103 4⁰
1120 2035 1267 2126 ejusdem

121 2146 242 2214 limites
263 2144 523 2234 assignabimus,
549 2150 579 2211 5⁰
604 2144 732 2213 tandem
756 2143 965 2236 subjiciemus
987 2143 1065 2234 quid
1091 2142 1268 2211 catholicus

122 2253 262 2345 quisque
287 2252 326 2321 de
358 2252 456 2344 hujus
483 2251 663 2343 disciplinas
695 2250 931 2319 introductione
956 2249 1069 2317 debeat
1099 2258 1155 2317 aut
1183 2249 1268 2318 licite

123 2358 226 2448 possit
240 2359 359 2427 sentire
374 2368 406 2427 et
422 2357 592 2427 sustinere.

597 2667 739 2740 CAPUT
763 2670 789 2737 1.

169 2881 239 2935 culn
262 2880 308 2926 SIT
329 2880 368 2925 ET
390 2880 470 2925 UNDE
492 2880 573 2926 ORTA
596 2878 783 2925 crisconius
806 2879 957 2925 POTESTAS
980 2880 1022 2925 EX
1046 2880 1222 2928 insonuere

489 2985 684 3032 consulumue
706 2987 903 3033 Puocunurtm.

171 3221 196 3287 1.
215 3218 357 3289 Unicum
369 3217 446 3286 huic
454 3217 627 3308 episcopali
639 3216 787 3307 potestati
795 3216 980 3307 assignetur
994 3216 1244 3286 fundumentum
1260 3246 1267 3285 :

128 3338 224 3419 ceput
237 3348 353 3418 nempe
367 3326 510 3418 primum
528 3324 580 3417 (dc
595 3324 849 3416 deformatione)
867 3324 1021 3393 sessionis
1036 3328 1074 3393 14
1089 3326 1272 3395 Tridentini
1315 3374 1320 3381 ⁴

129 3433 270 3520 coneilii;
296 3456 362 3525 quo
382 3441 485 3518 textu,
509 3444 664 3523 tanquam
691 3431 840 3519 cardine,
862 3440 928 3499 tota
948 3430 1062 3499 nititur
1085 3442 1116 3499 et
1136 3433 1274 3501 vertitur

129 3538 353 3633 pertractanda
372 3562 458 3609 nune
469 3539 667 3629 judiciorum
683 3560 723 3606 es
738 3538 921 3629 informata
935 3538 1128 3607 conscientia
1144 3540 1275 3627 gravis-

130 3651 211 3717 sime
226 3646 375 3739 quaestio.
399 3646 448 3715 Ita
461 3646 581 3715 scilicet
598 3644 812 3715 decreverunt
827 3644 1008 3713 Tridentini
1030 3646 1165 3714 Patres:
1187 3648 1275 3714 Cum

132 3755 293 3819 honestius
312 3771 351 3816 oc
365 3754 465 3817 tutius
479 3754 523 3817 sit
534 3753 687 3835 subjecto,
703 3752 845 3817 debitam
858 3755 1046 3837 praepositis
1059 3753 1275 3817 obedientiam

133 3861 357 3947 impendendo,
375 3861 409 3924 s'n
424 3861 575 3942 inferiori
587 3862 768 3925 mz'nr'sterio
783 3860 958 3939 deservire,
973 3880 1075 3943 quom
1095 3878 1170 3923 crim
1187 3878 1275 3943 prac-

131 3971 312 4053 posc'torum
337 3968 491 4031 scorsdolo
511 3966 678 4050 producam
703 3966 860 4032 altiorum
873 3961 1036 4051 'appetere
1060 3966 1275 4049 diqnitotem5

134 4080 173 4155 ei,
189 4078 244 4139 coi
256 4093 405 4139 ascensus
420 4075 467 4139 ad
479 4092 588 4139 sacros
602 4074 731 4139 ordines
745 4094 767 4138 a
778 4093 837 4139 suo
850 4075 1004 4153 Praelata,
1018 4092 1059 4137 ea
1072 4093 1278 4158 quacumque

135 4202 244 4262 causa,
260 4183 359 4247 etiam
381 4182 419 4246 ob
440 4182 600 4247 occuitum
623 4184 757 4261 crimen,
773 4182 1025 4266 quomodolibet,
1047 4182 1147 4246 etium
1168 4192 1278 4248 extro-

131 4290 333 4373 judc'ciolitcr
345 4290 448 4375 fucrit
462 4288 651 4355 interdictus
657 4310 669 4363 ;
