3050 4984
302 414 365 478 132
672 432 848 481 morasus
870 433 909 480 na
930 431 1065 481 runicus.

298 551 576 623 denuntiationem
603 553 710 623 debito
734 564 878 647 tempore
899 554 1027 639 omisit,
1050 550 1320 643 impedimentum
1345 550 1445 619 alteri

299 682 447 750 persona
463 660 689 747 manifestare3
711 662 783 729 haec
799 670 908 731 summ
925 668 1036 753 postea
1056 658 1237 727 nullitatem
1254 656 1358 749 judici
1383 656 1445 725 de-

298 766 453 835 nuntians
465 766 627 836 audienda
639 774 735 835 esset.
1509 798 1510 803 ¹

343 877 376 941 3⁰
402 873 481 943 Item
507 873 548 943 ab
568 873 750 943 accusanda
779 874 979 943 matrimonii
1005 872 1155 943 nullitate
1182 870 1370 963 repellenda
1397 878 1446 937 est

297 980 431 1072 conjux,
454 1003 531 1072 quas
555 981 649 1051 initio
665 981 801 1074 quidem
824 981 927 1049 invita
949 988 982 1049 et
1003 980 1098 1070 gravi
1120 986 1207 1049 metu
1230 986 1341 1048 ooaota
1363 999 1446 1047 oon·

297 1087 409 1175 traxit,
425 1096 535 1179 postea
553 1096 662 1157 tamen
677 1088 840 1157 carnalem
861 1087 1010 1179 copulam
1029 1086 1184 1173 admisit;
1201 1093 1299 1177 prout
1316 1092 1446 1154 constat

296 1215 340 1263 ex
353 1194 456 1285 capite
471 1197 605 1286 Insuper
623 1196 670 1287 (1,
682 1196 733 1263 tit.
748 1197 787 1262 18
792 1246 802 1283 ,
813 1194 921 1263 librit
938 1192 1093 1283 Deerat).
1107 1195 1215 1285 Atque
1229 1191 1263 1259 id
1277 1192 1446 1261 sublatum

297 1321 363 1369 non
385 1301 515 1370 videtur
534 1324 593 1392 per
615 1310 775 1371 statutum
790 1324 810 1370 a
823 1300 959 1371 coneilio
983 1300 1176 1369 Tridentino
1200 1298 1445 1368 clandestinita-
1510 1353 1511 1387 ,

295 1407 337 1475 tia
355 1408 646 1498 impedimentum
668 1410 820 1500 quamvis
834 1409 923 1477 euim
943 1406 1188 1477 matrimonium
1210 1406 1252 1475 ob
1275 1404 1444 1475 delectum

295 1535 472 1583 ooasensms
496 1513 538 1583 ab
560 1514 654 1584 initio
673 1514 773 1583 fuerit
794 1514 942 1601 nullum,
966 1515 993 1582 si
1017 1520 1129 1605 postea
1148 1512 1339 1605 suppleatur
1358 1534 1444 1581 non-

295 1641 426 1705 sensus,
455 1642 522 1687 non
550 1618 589 1687 lit
614 1642 740 1689 novum
770 1618 1036 1707 matrimonium,
1065 1618 1333 1689 clandestinitatis
1361 1618 1443 1688 vitio

294 1726 464 1812 intectum,
479 1726 535 1795 sed
552 1727 635 1795 illud
647 1726 733 1795 idem
747 1726 895 1813 nulliter,
911 1727 968 1797 sed
984 1749 1050 1796 non
1065 1726 1277 1813 clandestine,
1297 1724 1443 1795 celebra·

294 1839 366 1901 tum
386 1834 622 1903 convalidatur.
651 1834 769 1903 Libere
794 1841 906 1903 autem
932 1834 1134 1903 admittendo
1158 1833 1286 1903 mrnale
1307 1855 1443 1903 consor-

294 1939 391 2026 tium,
408 1962 494 2009 uxor
508 1940 708 2010 consensisse
727 1942 762 2008 in
779 1940 1026 2011 matrimonium
1047 1939 1088 2009 de
1105 1940 1179 2032 jure
1197 1948 1359 2009 censetur.
1377 1942 1442 2007 At·
1511 1920 1512 1971 ³

293 2066 357 2137 que
372 2046 418 2114 ita
436 2046 615 2115 tenendum
629 2070 707 2116 oum
724 2048 897 2116 communi
914 2047 1086 2117 doctorum
1100 2046 1272 2134 sententia,
1287 2055 1320 2115 et
1332 2054 1442 2115 atten-

292 2150 432 2221 dendam
448 2175 515 2221 uon
529 2175 600 2223 esse
621 2176 801 2246 paucorum
823 2154 1016 2224 sententiam
1039 2153 1251 2239 contrariam,
1274 2152 1351 2221 vide
1370 2152 1442 2221 iuse

292 2260 468 2331 deductum
481 2284 501 2329 a
512 2268 623 2331 sancto
636 2261 770 2351 ligario
785 2261 884 2353 (libro
899 2264 933 2348 6,
950 2284 986 2331 n.
1004 2265 1087 2329 1110
1105 2268 1137 2330 et
1151 2261 1251 2353 sep).

340 2376 373 2439 4⁰
402 2370 591 2463 Repellendi
622 2370 721 2439 etiam
749 2378 826 2438 sunt
851 2370 911 2461 qui
940 2369 1123 2439 nullitatem
1153 2368 1356 2437 matrimonii
1385 2388 1443 2459 per

291 2477 415 2547 litteras
438 2486 601 2545 accusant.
630 2477 770 2546 Cautum
797 2498 917 2567 nempe
943 2486 991 2547 est
1015 2478 1149 2567 (maone
1168 2479 1233 2545 Per
1258 2475 1383 2568 scripta
1409 2478 1439 2561 5,
1512 2481 1513 2551 l

292 2606 400 2654 causae
414 2588 448 2671 2,
465 2606 497 2675 q.
519 2587 550 2667 8,
567 2593 600 2651 et
613 2584 716 2674 capite
731 2586 759 2651 A
773 2583 866 2652 nobis
882 2587 915 2670 2,
940 2584 990 2652 tit.
1009 2586 1063 2671 18,
1085 2583 1162 2651 libri
1178 2586 1197 2651 2
1212 2582 1355 2672 Decret.)
1371 2589 1443 2650 uts

290 2691 504 2785 personaliter
518 2691 687 2761 dumtaxat
707 2692 926 2781 presentibus
946 2692 1090 2761 amusan
1115 2692 1216 2783 possit
1240 2689 1441 2759 matrimonii

289 2796 434 2866 nullites.
465 2795 561 2885 (Vide
583 2795 889 2884 Sahmalagrueber,
919 2796 953 2863 in
980 2798 1031 2866 tit.
1063 2799 1116 2883 18,
1143 2796 1219 2865 libri
1246 2799 1266 2865 2
1297 2797 1440 2881 Deerat,

294 2924 329 2972 n.
347 2903 418 2993 21.)

336 3010 479 3093 Quaauo
491 3016 537 3082 ta.
550 3050 595 3065 -
608 3013 752 3097 Quinam
764 3023 858 3083 testes
871 3010 1390 3103 admittanturaddeponeudum
1403 3010 1440 3079 dc

289 3118 443 3188 nullitate
458 3120 675 3201 matrimonii,
691 3119 728 3187 in
739 3118 826 3210 sacia
849 3118 1001 3188 Eculeus
1015 3119 1196 3188 contracti?
1210 3156 1256 3171 -
1271 3145 1289 3184 u
1303 3118 1357 3187 llli
1370 3142 1438 3211 prae

293 3250 311 3291 a
334 3225 420 3312 aliis,
434 3226 492 3318 qui
503 3226 742 3318 impedimenti,
754 3224 843 3318 quod
855 3226 897 3295 ab
907 3235 1092 3295 accusatore
1107 3225 1273 3317 objicitur,
1292 3226 1439 3297 notitiam

295 3333 509 3403 «certiorem
529 3332 661 3421 habeut,
686 3342 719 3402 et
742 3354 810 3401 non
835 3341 911 3401 suut
936 3341 1093 3425 suspectae
1117 3332 1206 3402 fidei.
1230 3332 1355 3425 (Capite
1378 3334 1440 3403 Li-

297 3466 315 3506 u
338 3453 386 3508 oct
403 3444 459 3525 47,
486 3439 526 3508 de
547 3441 822 3531 laetandast.)
849 3440 892 3509 Et
913 3438 990 3508 hinc
1008 3440 1050 3507 ad
1072 3440 1298 3509 testimonium
1323 3441 1359 3509 in
1382 3440 1440 3509 baa

294 3571 312 3613 o
335 3569 432 3615 causa
452 3546 628 3617 dicendum
650 3547 834 3617 admittitur
848 3547 945 3616 stiam
968 3554 1079 3638 peter;
1095 3546 1170 3615 licet
1191 3548 1227 3616 in
1249 3546 1322 3617 aliis
1337 3548 1439 3617 causis

293 3679 312 3719 n
334 3654 396 3721 filii
413 3653 502 3722 testis
514 3676 584 3722 esse
603 3676 670 3722 non
684 3653 786 3745 possit
804 3680 812 3720 :
834 3654 911 3721 item
927 3654 1162 3744 consanguinei
1177 3654 1302 3741 omum,
1325 3654 1439 3723 saltem

295 3787 312 3825 α
334 3782 412 3829 casu
427 3782 492 3852 quo
501 3760 611 3848 agitur
621 3759 661 3828 de
674 3759 882 3829 matrimonio
896 3759 1156 3830 dissolvendoob
1165 3760 1438 3853 impedimentum

296 3894 314 3933 n
336 3866 642 3955 consanguinitatis,
664 3865 832 3934 affinitatis
848 3873 880 3935 et
894 3866 1036 3957 publioae
1058 3866 1235 3937 honestetis
1253 3868 1367 3959 (eapite
1390 3868 1438 3937 Vi-

294 3998 312 4040 n
332 3974 427 4043 detur
446 3977 479 4059 3,
494 3974 544 4041 tit.
566 3972 909 4060 18,1ibritbecret.;
927 3974 1031 4067 capite
1049 3975 1215 4058 Quoniam
1237 3980 1269 4062 5,
1286 3972 1327 4043 de
1344 3976 1434 4043 Testi-

298 4107 316 4148 α
337 4082 394 4149 bus
410 4093 441 4148 et
451 4080 575 4170 attect.)
592 4080 774 4171 :quianon
790 4080 898 4149 solum
914 4080 1104 4150 distantiam
1115 4081 1287 4151 affinitatis
1300 4082 1353 4151 vel
1364 4104 1438 4152 eon·

297 4188 565 4278 «sanguinitatis
589 4186 704 4255 melius
728 4196 901 4257 censentur
923 4210 1031 4277 nosse,
1057 4188 1237 4257 sedetiam
1262 4189 1438 4261 creduntur
