3050 4984
548 551 622 596 laus
647 551 792 597 mutua,

404 917 658 997 COLLECTIO
694 917 928 998 SECUNDA.

175 1143 333 1194 FORMULAE
356 1144 431 1204 QUAE
454 1145 497 1197 Ao
519 1145 702 1198 euocassuu
722 1145 920 1198 emutilatum
945 1143 1159 1198 REFERUNTUR.

567 1403 711 1472 CAPUT
734 1403 760 1471 1.

139 1596 241 1643 HODUS
263 1597 430 1644 onimium
453 1597 484 1643 nt
506 1597 644 1661 mulcati,
665 1597 703 1641 ΕΤ
725 1596 959 1642 uuuaol'rtottutt
984 1595 1190 1642 ellatinum.

140 1773 236 1864 Saepe
249 1772 408 1862 contingit
421 1780 458 1840 ut
472 1770 597 1862 judices
616 1771 776 1839 ordinarii
801 1770 905 1862 (verbi
924 1772 1044 1861 gratia,
1062 1771 1240 1863 Episcopus

89 1882 231 1972 ejusque
242 1879 394 1949 Vicarius
403 1877 588 1968 generalis),
602 1878 702 1946 variis
711 1879 849 1968 negotiis
863 1878 1023 1968 impediti,
1037 1900 1095 1969 per
1107 1901 1140 1946 se
1152 1879 1239 1968 ipsos

89 1994 318 2076 emergentem
335 1985 539 2054 criminalem
553 2007 686 2052 causam
698 1984 858 2053 discutere
870 1996 902 2052 ct
916 1984 1051 2053 delinire
1067 1984 1239 2052 commode

89 2103 274 2186 nequeaut;
295 2118 333 2162 ac
358 2103 529 2186 propterea
546 2093 689 2186 aliquem
710 2093 772 2160 sibi
796 2093 1006 2177 substituant,
1026 2093 1121 2184 cique
1139 2093 1240 2183 juris·

90 2203 270 2270 dictionem
289 2224 384 2269 suam
400 2197 508 2291 quoad
523 2221 655 2268 causam
669 2199 759 2266 illam
774 2197 934 2288 delegant.
948 2198 1068 2279 Quoia
1083 2221 1159 2266 casu
1174 2198 1240 2266 duo

89 2307 297 2377 observanda
316 2316 393 2376 suut
411 2335 418 2374 :
435 2311 466 2373 1·
481 2315 518 2375 ui
529 2305 632 2397 judex
652 2306 807 2394 delegans
822 2305 998 2397 potentalcs
1020 2299 1173 2395 delegato
1185 2307 1239 2371 lit-

89 2427 180 2484 teras
194 2416 317 2494 tradat;
332 2420 365 2481 2⁰
378 2422 414 2482 ui
429 2415 596 2501 delegatus
609 2420 684 2480 aute
695 2413 808 2480 omnia
819 2435 887 2480 sese
900 2412 1069 2502 legitimei,
1083 2412 1115 2479 id
1131 2421 1191 2496 esi,
1202 2419 1239 2478 ut

90 2527 128 2593 in
160 2525 243 2610 loco,
272 2523 306 2590 in
328 2545 393 2612 quo
413 2521 678 2613 jurisdictionem
704 2543 855 2590 exercere
880 2519 986 2606 debet,
1012 2521 1152 2611 publice,
1181 2540 1238 2587 seu

90 2654 205 2700 coram
215 2630 338 2720 aliquot
348 2628 494 2712 testibus,
508 2627 609 2694 dictas
618 2629 795 2718 pateniales
810 2627 877 2717 legi
887 2635 987 2696 curet.
1001 2627 1094 2708 Quod
1108 2635 1238 2695 utrum-

90 2761 159 2830 que
171 2737 243 2805 lieri
259 2744 363 2826 potest
374 2736 412 2812 ins
424 2733 511 2803 hunc
525 2733 673 2803 modum.

649 2975 675 3042 1.

429 3147 549 3197 Formuia
563 3145 707 3197 litterarum
723 3144 904 3209 delegationis.

137 3310 164 3377 Ι.
181 3309 217 3379 Si
240 3309 419 3400 Episcopus
434 3309 503 3400 ipse
517 3307 656 3398 deleget,
672 3307 788 3399 poterit
803 3306 901 3374 scribi
918 3308 952 3374 iu
970 3307 1057 3376 hunc
1072 3308 1209 3377 modum
1228 3336 1235 3377 :

138 3477 155 3512 c
168 3454 224 3530 Ν.,
244 3452 357 3515 divina
378 3451 590 3516 Providentia
603 3460 633 3515 et
645 3451 739 3516 Sedis
759 3450 951 3531 Apostolicae
976 3454 1087 3533 qratia
1107 3452 1238 3533 Episco

88 3579 155 3642 pas
169 3560 225 3637 N„
241 3559 355 3622 diiecto
377 3561 410 3621 in
435 3559 564 3625 Christo
584 3559 652 3637 filio
674 3559 741 3624 N...
761 3557 807 3637 (et
825 3557 869 3620 ihi
892 3563 1030 3639 ponatur
1051 3559 1162 3622 titulus
1182 3559 1235 3622 de-

91 3668 193 3748 legati
217 3666 423 3744 conveniens,
452 3665 542 3729 verbi
570 3665 687 3744 gratia,
713 3662 908 3727 cathedralis
931 3674 1050 3728 nostra
1072 3666 1235 3742 canonica,

92 3774 145 3837 vel
164 3773 306 3836 dioeccsir
317 3781 436 3836 nostrae
450 3773 574 3847 clerica,
591 3771 618 3832 si
632 3771 672 3833 sil
694 3770 918 3834 tantummodo
932 3775 1119 3836 tonsuratus
1133 3779 1190 3834 aut
1205 3774 1239 3836 iu

92 3880 296 3962 minorihus),
325 3880 463 3942 salutem
497 3880 530 3941 in
564 3879 717 3943 Domino.
744 3911 785 3922 --
811 3876 928 3960 Eaiqit
962 3881 1105 3942 muneris
1137 3881 1240 3944 nostri

91 3989 191 4064 ratio,
212 3995 249 4050 at
274 4003 348 4051 oves
369 3985 521 4049 custodia
541 3993 659 4048 nostra
682 3984 907 4062 demandatae,
935 4003 999 4048 non
1022 3985 1127 4050 solum
1143 3989 1241 4049 atavi

92 4093 327 4159 exhortationis
355 4094 448 4158 sibilo
475 4094 521 4158 ad
544 4093 658 4157 salutis
681 4111 805 4175 pascua
834 4093 1029 4175 diriqamuc
1060 4102 1091 4156 ct
1117 4094 1236 4158 virtute

94 4205 273 4282 deficientes
305 4201 549 4266 medicinalibus
584 4199 832 4264 correctionibus
863 4217 1026 4278 sanemus,
1054 4199 1113 4264 sed
1139 4205 1237 4265 ettam

95 4311 209 4375 devias
221 4329 241 4376 a
255 4311 366 4376 semite
379 4309 581 4373 rectitudinis
596 4317 628 4372 et
634 4327 693 4393 per
711 4308 884 4395 culparum
896 4315 1065 4392 prerupta
1080 4317 1236 4390 errantes,
