3050 4984
294 492 355 557 314
667 514 842 563 raimerus
864 516 902 561 uu
926 514 1058 562 suorcns.

292 634 601 727 extra-judicialiter
613 634 752 705 obtentis
766 637 1011 728 suspensionem
1026 636 1201 707 fulminare
1207 665 1217 725 ;
1235 636 1292 706 sed
1309 636 1436 730 proba-

292 742 395 811 tiones
407 742 471 811 illae
483 744 561 811 tales
573 766 642 813 esse
655 742 786 829 debent,
800 767 875 835 ques
891 744 952 835 ipsi
965 744 1125 837 Episcopo
1138 744 1291 813 delictum
1307 754 1439 814 certum

292 847 422 935 faciant,
437 858 533 942 prout
549 874 590 919 cx
604 852 674 943 ipso
686 850 772 943 juris
782 851 940 920 naturalis
951 848 1125 921 dictamine
1140 856 1238 944 potet.

338 958 371 1022 3⁰
396 957 500 1027 Immo
525 966 560 1024 ut
590 958 796 1048 probationes
819 958 884 1025 illae
911 958 951 1026 de
980 958 1096 1027 delicto
1124 960 1442 1051 extra-judicialiter

294 1063 433 1133 obtentae
454 1064 649 1135 sufficientes
672 1066 737 1133 siut
763 1065 982 1152 saumonem,
1007 1090 1074 1135 non
1097 1068 1175 1137 satis
1196 1077 1244 1135 est
1268 1077 1304 1137 ut
1326 1067 1441 1136 solum

293 1166 489 1261 Episcopum
512 1170 703 1239 convincere
726 1171 875 1257 valcant,
900 1171 957 1239 sed
986 1171 1063 1241 tales
1089 1194 1158 1241 esse
1183 1172 1300 1241 debent
1325 1173 1441 1263 (prout

292 1274 379 1344 infra
396 1276 597 1368 probabitur)
614 1300 689 1371 quae
708 1277 786 1347 Sedi
808 1279 1016 1371 Apostolicae,
1040 1301 1098 1349 seu
1115 1278 1225 1347 Sacrae
1242 1280 1441 1369 Congrege-

292 1384 372 1452 tioni
391 1383 527 1453 Concilii
543 1385 584 1473 (si
601 1386 682 1453 forte
697 1408 880 1454 recursusa
896 1408 1052 1478 suspenso
1066 1386 1266 1477 instituatur)
1288 1385 1391 1478 justae
1407 1395 1441 1455 et

292 1490 486 1560 sufficientes
511 1492 614 1561 videri
638 1495 772 1585 possint.
804 1494 918 1581 Unde,
946 1495 1040 1564 verbi
1062 1495 1186 1585 gratia,
1212 1493 1300 1587 quod
1330 1494 1441 1563 Titius

292 1599 427 1668 clericus
442 1600 600 1691 Episcopo
616 1624 676 1670 suo
697 1602 852 1694 privatim
869 1602 990 1694 absque
1006 1602 1141 1671 testibus
1161 1602 1315 1670 delictum
1335 1624 1440 1669 suum

292 1705 457 1775 coufessus
476 1708 531 1793 sit,
548 1717 596 1777 cst
614 1709 762 1800 probatio
778 1732 853 1801 quae
876 1717 1003 1779 certum
1018 1710 1094 1778 lacit
1112 1708 1309 1801 Episcopum
1324 1707 1366 1775 de
1382 1708 1440 1776 illo

291 1812 405 1881 delicto
423 1842 429 1880 :
448 1814 658 1884 nihilomiuus
671 1816 699 1883 si
714 1816 893 1907 Episcopus
917 1840 958 1885 ex
982 1816 1041 1884 hac
1064 1816 1133 1885 sola
1156 1814 1343 1907 probatione
1364 1839 1440 1884 sus-

292 1921 479 2011 pensionem
498 1924 737 2013 pronuntiaret,
761 1934 794 1992 et
811 1924 917 1993 Titius
937 1923 978 1993 ad
999 1922 1117 1992 Scdem
1138 1921 1358 2014 Apostolicsm
1385 1946 1441 1991 re-

292 2049 439 2114 currens,
460 2037 593 2119 negaret
614 2054 647 2099 se
665 2054 810 2123 uuquam
829 2030 925 2099 hocce
946 2030 1099 2099 delictum
1118 2039 1261 2122 patrasse
1281 2039 1338 2099 aut
1356 2054 1440 2099 con-

292 2133 412 2203 fessum
433 2136 545 2223 brisso,
564 2136 662 2207 Sacra
681 2138 899 2230 Congregatio
920 2138 1071 2226 Concilii,
1094 2161 1133 2207 eo
1153 2137 1240 2230 qnod
1256 2137 1298 2207 de
1318 2137 1440 2208 delicto

291 2240 398 2332 quoad
419 2243 523 2335 ipsam
544 2266 609 2312 non
627 2246 704 2315 satis
722 2254 896 2331 constaret,
918 2246 1109 2314 sententiam
1125 2268 1191 2313 non
1209 2245 1438 2323 confirmarem

291 2348 354 2416 nisi
378 2350 459 2420 forte
480 2359 569 2420 tanta
592 2361 673 2421 esset
695 2352 846 2443 Episcopi
869 2354 1043 2421 auctoritas
1065 2360 1097 2421 et
1121 2352 1314 2442 integritatis
1337 2352 1440 2439 lama,

293 2465 329 2522 ut
344 2457 414 2548 ipsa
427 2458 496 2550 ejus
512 2457 685 2527 affirmatio
700 2481 759 2549 pro
775 2458 947 2527 sufficienti
964 2459 1153 2550 probatione
1165 2458 1443 2527 Eminentissimis

291 2558 445 2627 Patribus
460 2561 607 2629 habenda
622 2560 799 2629 videretur.
817 2562 901 2629 Eine
918 2562 1122 2653 probationes
1146 2571 1283 2654 possunt
1305 2562 1442 2654 quidem

292 2688 360 2733 csse
382 2666 683 2759 extra-judicialcs;
707 2668 762 2736 sed
786 2678 869 2761 apta
890 2691 930 2736 ex
948 2676 1066 2737 natura
1083 2692 1142 2737 sua
1166 2691 1235 2737 esse
1257 2668 1377 2736 debent
1399 2668 1443 2735 ad

291 2774 561 2861 convincendum,
579 2798 642 2843 non
662 2782 789 2843 tantum
812 2774 1021 2868 Episcopum,
1046 2775 1101 2843 scd
1118 2776 1318 2867 superiorem
1342 2774 1443 2843 ctiam

288 2881 444 2972 judicem.
463 2882 617 2973 Alioquin
634 2883 721 2949 enim
738 2882 859 2951 absone
874 2892 997 2973 pateret
1013 2904 1163 2950 recursus
1183 2880 1371 2973 :siquidem
1387 2904 1442 2951 re·

293 3010 407 3058 cursus
426 2990 480 3058 ille
500 2990 597 3057 datur
616 2999 652 3057 ut
667 2989 839 3074 sententia,
855 2990 882 3056 si
897 2988 980 3057 forte
1001 2988 1123 3080 injusta
1141 2988 1195 3074 sit,
1217 2988 1440 3068 rescindatur;

291 3120 328 3163 ac
343 3096 478 3188 proinde
494 3095 593 3164 Sacra
606 3096 823 3187 Congregatio
835 3094 975 3163 Concilii
996 3093 1048 3186 (ad
1062 3117 1160 3187 quam
1174 3093 1339 3165 ordinarie
1352 3098 1444 3188 ejus-

294 3203 381 3273 modi
398 3226 548 3273 recursus
569 3227 588 3271 a
602 3203 685 3272 Sede
707 3202 894 3295 Apostolica
909 3202 1167 3293 committuntur)
1181 3201 1331 3293 judicare
1346 3205 1444 3273 debet

294 3333 336 3379 au
356 3311 491 3379 clericus
511 3332 689 3402 suspensus
714 3310 756 3376 sit
781 3331 881 3377 necne
903 3310 1059 3377 innocens
1085 3336 1092 3375 :
1118 3332 1183 3377 non
1205 3317 1443 3400 potestantem

291 3417 436 3507 judicare
451 3417 543 3487 illum
561 3416 748 3507 deliquisse,
771 3415 1074 3507 exprobationibus
1094 3438 1168 3507 quae
1189 3416 1250 3483 soli
1265 3416 1439 3509 Episcopo,

295 3547 358 3592 non
379 3532 486 3591 autem
509 3524 589 3609 sibi,
612 3523 767 3591 delictum
786 3525 934 3614 probent.
954 3525 1061 3615 Atque
1082 3521 1135 3608 id,
1155 3523 1386 3615 quamvisper
1409 3548 1443 3592 sc

293 3640 412 3724 pateat,
440 3630 629 3699 adnotatum
657 3630 838 3717 voluimus,
866 3632 944 3723 quia
972 3640 1020 3699 est
1048 3631 1081 3697 in
1113 3631 1265 3722 praesenti
1296 3632 1443 3699 materias

293 3736 387 3807 valde
416 3736 659 3806 attendendum.
687 3738 760 3807 Non
788 3746 895 3805 tamen
922 3738 1061 3806 dicimus
1088 3737 1261 3805 intrinsece
1286 3737 1446 3827 injustam

294 3846 361 3913 fore
389 3843 594 3931 sententiam,
620 3845 650 3910 si
680 3844 869 3935 Episcopus,
897 3842 1207 3936 exprobationibus
1233 3866 1309 3933 quae
1333 3845 1446 3935 quoad

296 3954 403 4044 ipsum
424 3952 594 4020 dumtaxat
614 3952 763 4043 probent,
782 3953 1026 4043 suspensionem
1049 3951 1259 4043 pronuntiet3
1281 3951 1447 4042 siquidem

298 4084 336 4129 cx
367 4058 551 4151 hypothesi,
575 4081 751 4149 suspensus
774 4081 888 4127 revera
913 4059 1069 4150 deliquit,
1094 4067 1190 4149 atque
1214 4080 1287 4125 eam
1311 4080 1449 4150 poeuam

300 4167 435 4234 meritus
461 4173 519 4233 est.
552 4165 727 4257 Perperam
752 4174 860 4235 tamen
887 4166 957 4257 agit
980 4165 1171 4234 sententiam
1200 4167 1449 4257 pronuntiando

300 4273 479 4345 rescissioni
505 4273 692 4347 obnoxiam.
719 4274 788 4345 lmo
812 4298 870 4347 nec
894 4274 1045 4345 canonice
1069 4272 1243 4368 procedere
1266 4283 1343 4343 tunc
1367 4298 1450 4349 cen-
