3050 4984
539 506 614 553 nans
635 506 781 553 sacunni.
1184 491 1225 554 ts

140 626 170 688 ti·
191 622 383 717 Requiritur
406 626 540 718 insuper
562 636 600 695 ut
622 628 830 697 denuntiator
850 628 1039 697 denominat
1060 635 1171 712 testes3
1196 640 1227 698 et

98 728 189 818 judici
211 742 365 823 suggerat
387 732 603 823 probationes,
629 736 735 803 media
754 757 792 803 ae
814 736 1030 805 instrumenta
1052 759 1127 828 qum
1150 738 1225 825 scit,

101 836 147 902 vel
173 835 278 907 habet.
305 840 341 907 Id
370 862 485 931 nempe
513 842 730 911 necessarium
757 850 818 929 est,
850 851 887 910 nt
908 842 1011 933 judex
1035 864 1228 932 cognoscere

9 1000 10 1050 t
101 952 198 1031 queat,
216 966 259 1012 an
279 944 432 1015 delictum
450 946 646 1018 sufficienter
666 950 798 1040 probari
818 950 930 1040 possit,
947 957 980 1017 et
996 959 1231 1041 consequenter

102 1070 137 1115 nn
158 1049 267 1119 debeat
288 1052 488 1123 denuntiatio
515 1055 613 1147 recipi
637 1054 690 1123 vel
713 1054 817 1147 rejici.
845 1057 953 1146 Atque
976 1057 1010 1123 in
1034 1056 1096 1124 hoc
1120 1056 1229 1124 differt

9 1150 10 1157 '
100 1154 287 1227 denuntiatio
317 1160 358 1227 ab
373 1160 573 1229 accusatione
608 1188 615 1228 :
647 1183 722 1229 nam
753 1168 918 1229 accusator
949 1170 1054 1252 potest
1080 1162 1227 1253 quidem,

100 1262 237 1332 sednon
265 1274 390 1336 tenetur
416 1276 510 1337 testes
536 1268 644 1337 stetim
670 1270 711 1337 ab
734 1268 829 1337 initio
857 1268 1080 1337 denominare.
1111 1268 1169 1336 Est
1198 1279 1230 1337 ct

100 1369 180 1437 aliud
198 1372 372 1441 discrimen
389 1375 474 1443 circa
493 1385 587 1443 testes
605 1402 613 1441 :
634 1397 710 1443 nam
726 1374 761 1442 in
776 1397 929 1467 processu
951 1376 1163 1461 accusatorio,
1186 1376 1229 1443 ad

9 1544 10 1547 ,
98 1492 274 1547 αεειιςατονε
283 1480 530 1571 producuntur;
542 1483 576 1550 in
590 1482 829 1552 denuntiatorio
844 1504 935 1568 vero,
949 1482 1023 1550 licet
1033 1504 1089 1551 eos
1102 1482 1229 1551 indica-

97 1585 175 1651 verit
192 1584 410 1676 denuntiator,
430 1604 645 1659 aaaumuutm
663 1610 683 1656 a
698 1588 811 1679 jndice
831 1611 874 1658 ex
895 1587 1014 1676 officio,
1037 1596 1231 1680 suggerente

9 1684 10 1687 ’
97 1691 328 1763 denuntiatore.

610 1938 631 2029 a
653 1936 712 2009 v1.

109 2136 148 2183 ,tn
171 2144 278 2183 necesse
299 2131 333 2183 sit
350 2131 467 2196 judiciati
492 2132 680 2185 denuntiationi
701 2131 823 2197 praemitti
846 2132 1016 2184 monitionem
1039 2133 1215 2186 chantatiram

541 2236 587 2273 seu
601 2220 788 2287 evangelicum.

9 2426 10 2471 ³
138 2441 170 2507 1.
197 2437 309 2529 Aliqui
334 2437 491 2525 doctores,
514 2438 600 2505 inter
624 2458 707 2529 quos
730 2436 870 2505 Amnius
898 2437 1000 2527 (parte
1030 2439 1063 2521 3,
1088 2436 1144 2503 lib.
1178 2440 1232 2525 13,

93 2568 163 2636 cap.
182 2548 240 2629 21,
262 2544 339 2613 dub.
361 2544 407 2634 5),
428 2551 460 2613 et
477 2543 636 2633 Pirrhing
653 2544 699 2633 (in
715 2542 765 2612 tit.
786 2546 817 2629 i,
835 2541 910 2611 libri
929 2546 946 2609 5
967 2540 1108 2629 Decret,
1131 2565 1166 2611 n.
1185 2544 1231 2633 9),

93 2652 319 2720 sustinuerunt
339 2652 373 2719 in
392 2652 463 2719 toro
481 2652 613 2743 quidem
636 2650 785 2720 saeculari
806 2651 928 2743 absque
949 2650 1073 2740 praevia
1090 2672 1234 2740 evange-

9 2742 10 2803 Ῐ
92 2756 355 2842 licamonitione
376 2778 468 2848 posse
489 2757 560 2826 fieri
584 2754 860 2825 denuntiationem
878 2754 1091 2846 judicialem:
1111 2758 1146 2823 in
1164 2756 1235 2825 foro

90 2874 201 2935 autem
222 2863 433 2935 ecclesiastico
450 2863 485 2933 id
504 2886 708 2956 nequaquam
729 2863 840 2950 licere,
861 2862 917 2931 aed
939 2860 1086 2953 judiciali
1108 2863 1235 2931 denun-

9 3000 10 3047 t
91 2971 222 3041 tiationi
252 2970 515 3063 premittendam
545 2971 679 3040 omnino
708 2992 779 3041 esse
807 2969 1031 3039 charitativam
1061 2970 1235 3039 correctio·

9 3100 10 3161 3
90 3100 182 3147 nem.

135 3198 169 3262 2.
192 3194 408 3263 Communior
429 3202 536 3267 umen
557 3201 606 3263 eat
623 3192 786 3261 contraria
804 3192 974 3281 sententia,
997 3214 1096 3283 qnam
1118 3193 1235 3261 defen-

87 3302 175 3371 dunt
189 3302 351 3393 Layman,
366 3302 511 3387 lessius,
526 3301 640 3370 Castro
655 3300 753 3369 Pelso
767 3308 799 3368 et
814 3300 870 3367 alii
884 3299 1134 3391 quamplurimi.
1151 3301 1234 3370 Rem

9 3386 10 3415 ¹
86 3432 129 3477 ex
162 3406 311 3500 professo
335 3408 464 3477 discutit
489 3406 702 3476 Reiffenstnel
727 3406 776 3497 (in
800 3404 849 3473 tit.
885 3410 916 3492 t,
944 3404 1019 3473 iibri
1048 3408 1066 3471 t
1093 3406 1233 3497 Decret,

86 3540 122 3585 n.
155 3516 227 3607 98),
251 3517 345 3607 cnjus
369 3516 528 3587 doctrinm
548 3514 620 3583 haec
642 3536 771 3583 summa
790 3520 839 3581 est
857 3540 865 3580 ε
884 3512 1007 3603 primo,
1028 3534 1087 3581 nec
1107 3514 1234 3605 divino,

86 3648 151 3693 nec
172 3624 321 3693 hnmano
340 3622 415 3714 jure
435 3622 556 3713 praevia
580 3622 636 3690 illa
659 3619 850 3689 charitativa
871 3619 1007 3688 monitio
1028 3619 1068 3688 ad
1093 3622 1235 3694 valorem

86 3732 286 3823 reqmritur.
320 3730 480 3813 Secundo,
513 3738 621 3799 textus
649 3729 706 3820 qni
740 3728 775 3796 in
804 3727 1005 3797 contrarium
1041 3728 1232 3815 afferuntur,

85 3862 213 3931 nempe
230 3838 336 3929 capita
354 3842 373 3905 2
388 3846 420 3906 et
438 3838 492 3925 20,'
510 3837 596 3906 tituti
616 3840 648 3923 1,
664 3836 739 3903 libri
757 3840 775 3903 a
790 3834 1019 3921 Decretnlinm‚
1037 3856 1161 3904 necnon
1178 3861 1236 3907 ca-

85 3956 149 4037 pnt
164 3946 270 4017 Novit
291 3944 342 4037 (de
355 3944 518 4034 Iudiciis),
534 3965 600 4013 non
621 3943 770 4035 probant.
790 3942 907 4023 Tertio,
926 3962 1002 4009 enm
1017 3938 1092 4009 finis
1107 3942 1235 4015 denun-

86 4054 239 4121 tiationis
253 4074 320 4121 non
332 4052 504 4121 sitbonum
516 4075 573 4121 seu
586 4049 771 4119 emendatio
782 4048 1011 4139 delinquentis,
1027 4047 1082 4116 sed
1095 4050 1238 4123 vindicta

9 4171 10 4193 ¹
86 4160 226 4249 publica
241 4158 284 4227 ad
301 4159 487 4251 exemplum
502 4168 534 4227 ct
549 4168 707 4227 terrorem
727 4155 880 4242 aliorum,
903 4153 1031 4221 inutilia
1048 4163 1097 4222 est
1116 4172 1237 4230 secreta

91 4267 234 4336 munitio
246 4264 449 4356 delinquenti
465 4266 549 4334 facta
557 4292 566 4353 ;
582 4264 659 4356 quin
673 4262 769 4331 etiem
781 4262 827 4331 sic
839 4259 1035 4353 premonito
1050 4261 1113 4329 isto
1123 4272 1154 4329 et
1168 4288 1237 4337 sese

261 4390 281 4437 1.
1060 4374 1079 4432 d
