3050 4984
292 474 354 540 356
664 489 842 539 reserares
865 489 905 536 ns
925 484 1065 537 tunlensi

287 612 443 681 beneficio
458 610 675 703 suspendendi
691 634 750 680 son
765 612 927 680 fructibus
941 612 1013 702 ejus
1034 609 1200 702 privandi,
1214 610 1340 681 incluse
1352 631 1440 679 oen·

289 722 388 786 seoda
412 718 494 787 toret
517 720 552 785 in
573 726 728 810 potestate
753 717 975 809 stupendendi
996 718 1038 785 ab
1059 718 1238 799 ordinibus,
1261 716 1439 809 afflati·
1511 727 1512 730 ’

290 826 357 907 das,
381 824 536 915 prodibas
559 839 591 892 et
614 824 801 906 honoribus,
826 845 925 916 qoam
949 824 1116 916 Episcopis
1135 846 1287 915 expresse
1307 822 1438 891 confert

289 932 480 1001 Tridentino
499 932 663 1022 synodnst
675 930 739 999 Sed
755 940 933 1021 utrumqne
947 938 1178 1020 argumentum
1198 933 1313 999 robore
1330 939 1436 999 caret.

289 1038 375 1107 Nam

335 1148 366 1209 t⁰
383 1144 480 1211 Posse
495 1143 630 1235 quidem
651 1144 848 1235 Episcopum
863 1166 905 1211 ex
925 1143 1101 1212 informata
1114 1144 1310 1213 conscientia
1323 1144 1367 1211 ub
1381 1143 1436 1211 ol-

288 1250 363 1318 ficio
386 1249 583 1343 suspendere
607 1248 746 1318 dubium
771 1272 837 1318 non
859 1258 926 1329 est;
949 1259 1062 1319 atvero
1081 1250 1171 1340 qnod
1191 1272 1369 1341 suspensus
1391 1251 1439 1317 ab

289 1356 408 1443 officio,
429 1358 472 1425 sit
494 1355 556 1425 hoc
578 1357 649 1448 ipso
673 1378 851 1447 suspensus
870 1380 890 1423 a
909 1355 1078 1443 beneficio,
1105 1358 1210 1448 rejicit
1227 1356 1440 1426 communior

289 1464 529 1532 canonistarum
555 1463 731 1549 sententia3
754 1471 786 1530 et
806 1464 924 1531 nititur
944 1463 1047 1553 capite
1070 1467 1125 1547 ll,
1151 1462 1237 1531 tituli
1258 1468 1289 1547 t,
1310 1462 1390 1531 libri
1418 1469 1437 1529 3

289 1569 520 1659 Decretelinm,
548 1568 604 1637 uhi
629 1568 827 1656 decernitur,
853 1569 989 1637 clericos
1014 1570 1049 1636 in
1070 1569 1235 1660 quoddam
1257 1569 1303 1636 ibi
1326 1591 1439 1638 ennu-

289 1677 404 1744 tiatum
421 1697 589 1743 excessum
610 1674 766 1762 labentes,
783 1675 1028 1766 suspendendos
1049 1698 1119 1743 esse
1137 1675 1180 1744 ab
1195 1676 1298 1767 officio
1313 1676 1368 1743 oel
1380 1676 1439 1743 be-

287 1783 414 1863 neficio.
426 1782 506 1863 Quae
522 1782 621 1849 verba
635 1782 677 1849 ab
690 1782 796 1873 officio
809 1781 862 1849 oel
871 1781 1021 1871 laneficio
1034 1803 1291 1851 commemorans
1305 1781 1440 1871 Pagus-

289 1912 352 1957 nus
367 1891 412 1957 sie
435 1891 531 1957 habet
548 1917 555 1956 :
579 1916 595 1953 a
612 1892 856 1979 Argumentum
873 1889 962 1981 qnod
978 1910 1156 1980 suspensus
1174 1890 1216 1958 ab
1230 1888 1351 1975 officio,
1367 1911 1438 1957 non

289 2005 337 2062 est
360 2017 538 2087 suspensus
557 2018 577 2061 a
598 1996 755 2065 beneficio
778 1996 950 2087 :loquitor
974 1997 1062 2063 enim
1089 1996 1143 2065 hic
1161 2005 1270 2065 textus
1291 1996 1437 2065 alterna·

288 2103 368 2171 tivo.
386 2128 402 2164 s
422 2102 619 2193 (Fagnanus,
633 2104 666 2168 in
682 2112 780 2193 caput
794 2105 820 2170 A
836 2101 986 2193 crapula,
1003 2124 1142 2172 numero
1161 2102 1230 2192 22.)
1253 2102 1360 2183 Quam
1375 2126 1438 2171 oa-

289 2208 493 2277 nonistarnm
508 2209 688 2277 doctrinam
710 2208 792 2275 ratio
811 2208 882 2297 ipsa
897 2229 1008 2275 veram
1029 2205 1192 2275 ostendit:
1212 2228 1289 2273 nam
1309 2206 1437 2273 multo-

288 2317 352 2383 ties
378 2316 604 2406 presbyternm
625 2316 667 2381 ab
696 2314 802 2381 officio
826 2313 994 2403 suspendi,
1025 2336 1092 2382 non
1117 2313 1196 2381 item
1218 2335 1239 2380 a
1260 2314 1434 2397 beneficio,

288 2422 411 2491 bonum
449 2420 633 2489 animarum
667 2420 818 2511 postulat.
851 2418 1057 2488 Sufficienter
1091 2441 1207 2511 nempe
1240 2419 1436 2487 scandalum

287 2528 412 2597 tollitur
443 2550 499 2617 per
525 2528 735 2595 remotionem
765 2526 808 2593 ab
837 2526 964 2604 officio;
990 2526 1078 2617 qnod
1107 2535 1216 2594 cutem
1240 2526 1437 2616 delinquens

289 2634 387 2701 simul
407 2635 552 2723 privetur
566 2631 716 2699 beneficii
732 2631 783 2698 sui
803 2632 976 2716 fructibus,
997 2630 1118 2721 quibus
1137 2632 1219 2699 forte
1241 2632 1319 2699 solis
1333 2631 1435 2699 vitam
1511 2667 1512 2696 t

285 2747 464 2807 sustentare
486 2738 582 2825 valet,
607 2739 640 2806 id
660 2737 782 2805 nodum
804 2760 932 2827 semper
955 2738 1185 2824 necessarium,
1208 2759 1295 2828 smpe
1316 2759 1335 2804 e
1354 2760 1435 2806 con-
1511 2733 1512 2786 1

287 2846 449 2914 tra-bono
473 2844 603 2935 publico
624 2844 775 2911 Ecclesia
801 2845 955 2913 nocivum
975 2845 1049 2911 erit.
1072 2844 1166 2912 Unde
1190 2845 1218 2911 si
1238 2846 1371 2933 qnando
1391 2847 1435 2912 oh

288 2952 441 3046 speciales
476 2952 746 3035 circumstantias,
787 2950 938 3041 expediat
964 2974 1042 3018 enm
1068 2959 1100 3018 et
1125 2972 1145 3017 a
1172 2950 1332 3018 beneficio
1360 2974 1436 3019 sus-

287 3060 398 3151 pendi,
423 3059 457 3126 id
477 3058 512 3125 in
534 3058 745 3148 suspensione
766 3059 929 3149 exprimat
949 3057 1141 3148 Episcopus,
1169 3066 1201 3123 et
1227 3079 1435 3148 nequaqnam

288 3166 323 3232 in
347 3165 558 3254 suspensione
580 3162 622 3231 ab
640 3162 744 3254 offitio
761 3163 926 3231 inclusum
951 3172 1129 3254 reputetur.
1156 3164 1280 3233 Verum
1301 3175 1351 3230 est
1374 3164 1435 3230 ad-

289 3270 374 3339 mitti
391 3294 410 3338 a
425 3270 613 3356 censuistis,
636 3292 831 3359 suspensum
844 3270 886 3337 ab
904 3269 1010 3339 officio
1028 3293 1099 3337 esse
1120 3271 1181 3339 hoc
1199 3271 1271 3360 ipso
1291 3293 1436 3361 suspen-

289 3401 363 3446 sum
377 3402 397 3445 a
412 3378 569 3446 beneficio
587 3378 620 3443 in
642 3376 811 3444 masellis
830 3377 1096 3445 circumstantiis.
1113 3377 1181 3464 Sic,
1203 3376 1293 3444 verbi
1313 3378 1431 3466 gratia,
1511 3373 1512 3408 ³

289 3486 464 3575 Fagnanus
479 3486 523 3574 lin
538 3493 635 3574 caput
654 3484 846 3566 Quasitnm,
871 3483 912 3552 da
935 3484 1087 3553 notata.
1113 3485 1218 3553 cleric.
1237 3497 1269 3551 et
1283 3485 1432 3567 mulier„

290 3612 427 3659 nurnero
442 3589 495 3679 30)
514 3590 646 3657 adnotat
666 3610 862 3678 suspensum
875 3590 917 3655 ab
931 3589 1036 3658 officio
1051 3592 1174 3657 censeri
1196 3598 1228 3657 et
1242 3611 1262 3656 a
1275 3589 1435 3659 beneficio

289 3718 496 3789 suspensum,
510 3696 539 3760 si
552 3693 617 3761 dno
632 3708 841 3776 concurrant,
858 3695 1017 3777 videlicet,
1034 3708 1072 3763 ut
1085 3696 1128 3763 sit
1141 3717 1313 3787 snspensas
1325 3719 1435 3788 prop-

290 3806 473 3871 seraranan
487 3822 598 3890 prave,
615 3812 646 3867 et
660 3802 702 3868 sit
717 3802 752 3868 in
766 3823 861 3868 mora
871 3803 1008 3893 potandi
1021 3802 1267 3871 absolutionem.
1286 3800 1352 3871 Sed
1373 3804 1435 3873 hoc

289 3912 401 3977 dicum
417 3906 545 3999 praelati
559 3907 736 3974 canonista
747 3909 789 3975 oh
802 3909 961 3998 quasdam
976 3910 1131 3999 speciales
1142 3909 1228 4000 juris
1241 3909 1434 4001 dispositio-
1511 3929 1512 3936 ¹

288 4038 358 4103 nes,
386 4036 460 4106 qum
481 4036 535 4081 eas
557 4013 815 4081 circumstantias
834 4016 993 4104 attingere
1012 4015 1177 4084 videntur.
1208 4015 1302 4084 Unde
1325 4032 1436 4086 manet
1511 4035 1512 4044 ’

288 4121 402 4211 regule
424 4120 598 4209 generalis,
616 4141 813 4209 suspensum
827 4122 868 4188 ab
884 4121 1005 4209 officio,
1019 4145 1085 4191 uon
1098 4144 1167 4190 esse
1182 4122 1243 4190 hoo
1256 4123 1328 4213 ipso
1342 4146 1363 4191 a
1377 4124 1435 4192 be-
1511 4155 1512 4184 2

289 4230 405 4299 neficio
423 4249 638 4321 suspensum
660 4249 697 4293 aa
721 4229 875 4319 proinde,
901 4251 943 4296 ex
964 4231 1108 4321 eoquod
1129 4232 1231 4321 possit
1251 4231 1433 4325 Episcopus
