3050 4984
260 462 320 528 tte
634 483 808 529 rnaorsrus
831 484 870 529 os
892 484 1023 529 inntens.

303 609 441 689 Quarto.
467 606 533 673 Neo
556 604 682 673 dicatur
700 603 853 695 praefatos
873 604 1081 673 accusatorias
1105 604 1223 674 forma
1243 604 1397 693 delectus,

254 711 469 781 sufficientem
483 712 520 779 in
537 712 671 803 antiqua
686 712 838 780 Ecclesiae
857 711 1028 802 disciplina
1045 712 1182 802 reperiri
1203 720 1399 803 temperatos

253 829 286 889 et
306 820 414 906 elisos,
440 828 537 912 prout
562 843 622 889 nos
646 820 707 912 ipsi
731 819 767 886 in
791 819 951 911 superiori
975 818 1057 887 thesi
1078 820 1281 889 ostendimus
1298 848 1305 889 :
1320 844 1396 891 nam

254 928 307 995 hic
329 927 540 996 intrinsecam
559 926 730 1018 utriusque
750 927 936 1018 systematis
957 926 1135 995 bonitatem
1161 928 1360 997 conferimus
1387 957 1395 997 :

253 1034 366 1124 negari
386 1042 498 1103 autem
522 1035 635 1126 nequit
657 1034 761 1102 dictos
784 1032 928 1102 delectus
947 1054 988 1102 ex
1012 1032 1211 1103 accusatoria
1232 1034 1350 1122 torma,
1371 1035 1398 1104 si

253 1143 322 1211 sola
345 1140 565 1235 perpendatur
586 1150 713 1210 naturae
734 1141 890 1209 humanas
915 1140 1114 1231 proclivitas,
1140 1150 1255 1232 sponte
1277 1141 1396 1221 tluera;

252 1271 392 1343 esseque·
414 1249 551 1341 proinde
577 1249 643 1341 ipsi
668 1248 872 1317 intrinsecos.
896 1247 991 1330 Quod
1016 1268 1093 1315 vero
1116 1246 1268 1316 Ecclesiae
1290 1248 1398 1339 media

251 1379 319 1426 uon
334 1356 500 1427 defuerint
512 1379 566 1425 eos
581 1356 726 1425 defectus
741 1354 897 1441 elidendi,
916 1354 950 1422 id
972 1354 1006 1421 in
1020 1353 1153 1424 laudern
1171 1353 1322 1425 Ecclesia
1336 1364 1395 1444 est,

251 1487 318 1534 non
330 1473 441 1534 autem
455 1462 641 1556 systematis
654 1463 688 1530 in
707 1462 814 1553 seipso
830 1461 1041 1531 considerati.

295 1574 369 1643 lam
398 1572 438 1641 ad
464 1571 608 1640 defectus
629 1570 688 1662 qui
714 1568 924 1662 inquisitorio
947 1571 1110 1661 processui
1136 1568 1278 1638 vicissim
1301 1569 1400 1661 objici

251 1688 383 1773 possent
398 1678 541 1769 gradum
557 1678 727 1747 iaciamus.

296 1793 327 1856 2.
346 1787 384 1854 ln
400 1810 465 1880 quo
481 1809 612 1879 peccare
626 1785 708 1875 tingi
722 1785 824 1877 possit
839 1784 1082 1877 inquisitorium
1099 1792 1253 1876 systema.

297 1896 412 1964 Primo
424 1895 563 1986 objectio
575 1919 586 1958 .·
598 1893 708 1963 Semel
720 1893 853 1963 inducta
864 1893 1087 1985 inquisitionis
1098 1892 1217 1981 torma,
1231 1904 1333 1984 potest
1342 1896 1398 1986 ju-

252 2003 316 2071 dex
332 2024 372 2071 ex
389 2001 529 2070 minima
543 2002 740 2093 suspicione,
757 2025 800 2069 ex
813 2001 954 2070 minimo
969 2023 1115 2087 rumore,
1129 2022 1172 2069 111
1187 2000 1326 2069 minima
1340 2026 1397 2070 enb

248 2110 446 2202 jussumque
472 2130 620 2200 personae
642 2109 805 2177 delatione
828 2109 897 2179 sive
918 2108 1175 2195 denuntiatione,
1199 2108 1235 2175 in
1253 2109 1397 2200 aliquam

251 2218 415 2309 inquirere
434 2244 442 2285 :
461 2216 562 2284 semel
583 2226 694 2285 autem
715 2218 842 2307 incepta
863 2216 1084 2307 inquisitione,
1107 2214 1229 2283 vulnus
1250 2215 1398 2305 inquisiti
1513 2284 1514 2287 ,

252 2329 351 2397 famae
363 2326 537 2417 infligitur,
551 2324 638 2418 quod
652 2325 748 2415 plena
760 2324 859 2392 etiam
873 2323 1087 2393 absolutionis
1099 2324 1257 2391 sententia
1272 2346 1398 2415 nequa·
1513 2352 1514 2419 3

254 2458 355 2527 quam
369 2434 494 2523 integre
513 2441 617 2517 sanat,
639 2440 829 2501 remanente
845 2432 878 2498 in
898 2430 1010 2499 virum
1031 2450 1203 2521 nunquam
1226 2430 1319 2523 plenc
1340 2431 1398 2498 de-

253 2542 349 2611 lenda
369 2540 563 2632 suspicione,
586 2539 636 2607 vel
655 2562 697 2605 ex
717 2560 757 2608 eo
778 2538 847 2608 solo
867 2537 954 2630 quod
975 2536 1192 2629 inquirendus
1213 2538 1321 2606 fuerit.
1343 2538 1398 2604 ln-

255 2660 341 2719 terea
366 2647 530 2715 innocenti
553 2645 727 2736 multiplex
750 2644 871 2713 inflicta
895 2652 1020 2712 tortura
1047 2670 1054 2710 :
1082 2651 1252 2734 torquetur
1280 2665 1398 2735 nempe

254 2757 356 2849 ipsius
371 2774 541 2847 processus
555 2750 750 2840 ambagibus
768 2779 775 2818 :
794 2759 964 2841 torquetur
982 2772 1104 2841 pavore
1117 2750 1158 2817 de
1173 2772 1278 2819 causae
1293 2750 1396 2836 exitu,

254 2889 295 2933 ne
321 2863 403 2931 lorte
424 2860 527 2951 ipsius
547 2858 673 2925 inimici
692 2858 818 2927 artibus
837 2868 868 2925 et
887 2856 1002 2926 fraude
1020 2856 1243 2948 praevaleant:
1261 2865 1399 2948 torque-

254 2982 307 3043 tur
326 2969 528 3053 detentione;
549 2974 580 3034 et
601 2965 798 3034 detentionis
821 2964 1066 3056 appendicibus,
1089 2964 1224 3031 carceris
1248 2965 1399 3055 squalore

254 3088 285 3149 et
301 3076 486 3148 solitudine.
509 3074 579 3141 Has
594 3079 626 3141 et
643 3073 722 3140 alias
744 3069 931 3139 istiusmodi
950 3069 1213 3157 declamationes,
1234 3072 1290 3161 qui
1314 3071 1400 3139 volet

254 3184 438 3277 emphatico
468 3179 716 3249 mendaciorum
746 3181 861 3248 robore
891 3178 1070 3269 descriptas
1097 3176 1274 3269 perlegere,
1306 3177 1401 3247 adeat

253 3284 945 3382 1111131111(3111111111111191111111111,
975 3293 1055 3354 tom.
1083 3288 1114 3363 3,
1139 3308 1214 3375 pag.
1242 3289 1296 3370 et,
1316 3286 1397 3354 edit.

252 3402 354 3491 Neap.
386 3396 503 3485 trem
534 3394 593 3484 qui
614 3399 741 3476 auctor,
771 3413 845 3459 meo
871 3389 1006 3483 quidem
1031 3390 1170 3483 judicio,
1196 3414 1262 3461 non
1288 3392 1400 3461 minus
1512 3458 1513 3479 ξ

252 3507 377 3579 eminet
391 3502 572 3572 damnalia
587 3500 687 3568 Sacra
703 3498 964 3589 congregatione
982 3497 1106 3566 Indicis
1126 3500 1234 3590 operis
1254 3500 1304 3568 sui
1327 3501 1400 3568 ina·

253 3616 364 3699 nitate,
384 3632 485 3703 quam
505 3607 682 3698 impietatis
700 3613 731 3673 et
748 3605 948 3696 jamdudum
970 3605 1130 3697 antiquati
1150 3606 1400 3677 Volterianismi
1512 3600 1513 3647 ³

252 3734 367 3803 ioetore
379 3724 599 3819 putidissimo.
618 3760 662 3774 -
676 3721 905 3814 Respondetnr
925 3748 931 3788 :
950 3720 1031 3789 Hac
1044 3722 1169 3807 omnia,
1187 3722 1214 3789 si
1230 3722 1269 3790 de
1284 3724 1401 3813 inqui-

251 3838 366 3909 sitorio
382 3840 481 3927 prout
495 3833 530 3899 in
546 3829 687 3899 Ecclesia
702 3830 791 3918 viget
806 3850 959 3921 processu
973 3837 1102 3917 agatur,
1121 3830 1203 3898 falsa
1217 3852 1296 3897 esse.
1311 3830 1399 3899 Nam

248 3944 352 4040 judici
369 3938 582 4011 ecclesiastico
600 3959 667 4006 nou
683 3935 757 4004 licet
772 3937 806 4003 in
826 3956 1030 4027 quemquam
1050 3935 1216 4027 inquirere
1231 3958 1272 4003 ex
1289 3938 1402 4027 suspi-

251 4055 343 4123 cione
359 4056 418 4118 aut
443 4046 508 4115 levi
533 4042 753 4129 rumore,ch
777 4041 875 4110 etiam
897 4040 1162 4120 denuntiatione;
1186 4040 1242 4109 sed
1261 4044 1402 4113 omnino

252 4180 381 4229 necesse
406 4164 454 4225 est
472 4152 665 4245 inquisitum
697 4150 896 4217 infamatum
917 4148 1033 4236 fuisse,
1056 4147 1089 4216 id
1111 4157 1170 4234 est,
1195 4172 1340 4240 sparsam
1364 4152 1402 4221 in

252 4264 421 4368 publicum
444 4260 547 4338 tuisse
570 4257 609 4328 de
633 4265 759 4357 patrato
782 4256 1039 4356 atalitpersona
1061 4254 1178 4333 debota
1197 4255 1334 4331 lamani.
1360 4258 1402 4343 ld
