3050 4984
555 518 630 563 sans
652 517 799 564 securos.
1180 494 1241 561 377

100 632 323 725 jurisdictioni
343 637 527 727 succedens)
547 646 702 728 tanquam
718 638 903 708 ordinarius
926 637 1099 729 inquisitor
1121 638 1244 706 baben-

106 743 185 811 dum
198 749 292 811 asset.
308 744 375 834 ipsi
394 752 500 813 tamen
516 745 716 836 prohibitum
734 768 805 815 esse
820 768 859 813 ne
880 766 994 815 causas
1010 744 1169 814 haereseos
1186 768 1245 837 per

105 851 246 941 seipsum
266 850 401 941 judicet,
417 852 619 942 probabilius
641 862 751 921 tenent
772 853 930 937 doctores,
947 851 989 920 ob
1006 852 1242 921 Clementioam

106 955 361 1025 scanlaudam
377 959 422 1046 (i,
438 958 478 1027 de
489 959 683 1048 Horatios),
699 982 773 1051 quae
792 960 824 1026 id
844 960 921 1027 satis
942 967 1052 1050 aperte
1072 959 1197 1045 innuit;
1215 968 1246 1027 et

104 1072 219 1154 putant
229 1064 378 1155 expediri
392 1066 487 1134 besee
501 1089 615 1137 musas
627 1067 745 1135 debere
758 1088 818 1157 per
830 1066 1003 1135 Vioarium
1018 1066 1242 1156 capitularem.

150 1171 193 1239 V.
211 1172 257 1240 lle
270 1171 403 1241 Vicario
416 1180 525 1241 autem
541 1172 724 1264 capitulari,
736 1172 777 1240 ad
792 1194 890 1263 quem
906 1180 1005 1240 totam
1021 1172 1157 1239 transire
1167 1172 1247 1263 Epi·

105 1278 193 1369 scopi
208 1277 412 1347 ordinariam
426 1278 687 1369 jurisdictionem
702 1279 737 1347 in
750 1286 886 1348 tractatu
895 1278 935 1347 de
952 1278 1116 1369 Capitulis
1127 1279 1247 1369 proba-

104 1385 229 1469 vimus,
242 1384 380 1454 dubium
394 1408 461 1455 non
474 1394 523 1454 est
532 1386 614 1479 quin
623 1386 659 1454 in
672 1386 781 1455 causis
794 1386 953 1454 haereseos
968 1393 1154 1476 competens
1164 1385 1205 1452 sit
1217 1394 1248 1453 ct

104 1490 295 1559 ordinarius
312 1492 497 1583 inquisitor.
519 1494 593 1562 Non
615 1502 721 1561 tamen
742 1493 872 1585 poterii,
895 1493 978 1561 sicut
1001 1492 1191 1583 Episcopus,
1213 1492 1248 1559 in

104 1606 273 1688 exemptos
291 1598 481 1690 procedere;
502 1600 611 1692 aquia
632 1622 698 1669 non
716 1600 859 1669 succedit
879 1598 1037 1691 Episcopo
1058 1599 1092 1665 in
1114 1599 1154 1665 iis
1173 1621 1247 1688 quae

107 1731 125 1768 (ι
149 1704 307 1797 Episcopo
328 1714 515 1798 competunt
539 1707 607 1775 solo
631 1706 706 1798 jure
726 1706 873 1796 delegato
896 1734 902 1774 :
927 1706 972 1775 ita
997 1704 1245 1797 probabilius.»

106 1810 312 1900 (Laurenius,
327 1812 397 1881 loco
410 1813 522 1897 citato,
540 1835 573 1880 n.
594 1813 640 1903 3.)

148 1917 207 1986 Vl.
229 1944 247 1984 a
261 1918 360 1987 Posse
370 1941 500 2011 qnoque
514 1920 668 1989 Praelatos
681 1920 852 2010 quosdam,
867 1919 1126 2009 jurisdictionem
1139 1920 1249 2011 quasi-

107 2050 126 2089 s
149 2024 364 2116 episcopalem
379 2025 547 2110 habentes,
564 2048 634 2094 esse
647 2026 773 2118 jndices
794 2025 977 2095 ordinarios
991 2027 1025 2093 in
1038 2026 1145 2094 causis
1160 2026 1247 2112 fidei,

107 2158 125 2195 a
149 2153 224 2199 cnm
239 2131 363 2199 llolina
377 2131 476 2201 tradit
490 2133 709 2224 Castropaino.
726 2158 744 2198 n
766 2132 972 2222 (Laureolus,
995 2132 1131 2220 ibidem,
1148 2156 1180 2200 n.
1202 2136 1247 2223 l.)

150 2237 223 2306 Vll.
252 2237 412 2306 allodus
434 2260 512 2307 vero
534 2238 741 2330 procedendi,
764 2261 862 2330 quem
891 2240 926 2306 in
952 2238 1091 2307 crimine
1115 2237 1251 2307 haeresis

106 2370 126 2409 a
150 2343 322 2411 observare
340 2342 436 2413 dehet
455 2344 645 2437 Episcopus,
665 2346 752 2415 idem
773 2354 821 2413 est
839 2368 914 2413 cnm
937 2368 975 2413 eo
998 2367 1096 2437 quem
1118 2353 1251 2412 servant

108 2476 127 2513 a
150 2448 360 2539 inquisitores
376 2451 437 2539 (i),
456 2449 555 2542 idque
569 2451 639 2520 sive
659 2451 826 2521 ordinaris
845 2452 914 2520 sivo
932 2450 1077 2540 delegata
1098 2451 1250 2542 Episcopi

108 2582 127 2621 a
151 2564 304 2645 potestate
328 2555 552 2647 procedant.»
579 2558 787 2649 (Lausonius,
815 2559 885 2627 loeo
904 2560 1011 2643 citata
1038 2581 1072 2626 n.
1094 2561 1139 2648 2.)
1163 2558 1250 2626 Con-

103 2670 169 2730 stat
180 2684 222 2731 ex
232 2662 385 2731 decretali
400 2668 540 2733 Statana
558 2667 624 2755 (20,
643 2665 729 2734 tituli
740 2670 774 2751 2,
790 2665 869 2734 libri
887 2670 918 2751 5,
931 2667 966 2733 in
980 2666 1027 2755 6),
1042 2666 1151 2758 inqua
1163 2686 1250 2735 unus

103 2768 258 2859 idemque
271 2769 465 2860 procedendi
488 2770 616 2857 modus,
631 2794 784 2863 expresse
801 2781 869 2840 tum
893 2772 1073 2864 Episcopis,
1096 2781 1167 2839 tum
1184 2796 1250 2841 cae-

104 2877 184 2944 teris
195 2876 444 2968 inquisitoribus
452 2880 632 2948 servandus
641 2880 850 2972 praecipitur3
867 2888 899 2948 et
909 2880 1093 2969 expressius
1108 2880 1204 2948 etiam
1215 2880 1251 2948 in

105 2982 258 3050 decretali
271 2987 335 3051 Per
349 2985 410 3051 doe
427 2987 493 3074 (17,
511 2985 597 3054 tituli
612 2990 646 3070 2,
669 2985 744 3053 libri
762 2990 794 3071 5,
818 2988 852 3053 in
873 2990 903 3076 6)
923 2988 979 3056 ubi
1000 2987 1045 3053 sio
1069 2986 1221 3054 statuitur
1239 3012 1246 3055 :

106 3089 187 3156 Sine
209 3101 324 3157 autem
338 3090 510 3159 ordinario
529 3092 596 3159 sice
613 3090 764 3181 delepata
784 3092 939 3184 Episcopi
950 3104 1115 3184 potestate
1133 3114 1250 3183 proce-

106 3194 201 3277 dant,
219 3196 315 3264 illum
336 3197 371 3264 in
386 3196 589 3287 procedendo
609 3197 748 3265 modum
762 3197 940 3280 observent,
959 3219 1055 3289 quem
1077 3196 1250 3289 inquisito-

105 3323 157 3367 res
167 3314 301 3392 possunt
316 3314 348 3369 et
362 3301 488 3383 debent,
502 3325 564 3393 per
570 3303 659 3395 jura
674 3304 863 3371 eommunia
875 3304 993 3395 velper
1004 3303 1155 3396 speciales
1170 3326 1251 3372 ron·

103 3409 260 3478 cessiones
271 3432 327 3478 sen
341 3408 564 3479 ordinationes
579 3410 673 3479 Sedis
686 3411 877 3502 Apostolicae
890 3412 1068 3479 adservare.

629 3643 730 3733 sm.

102 3784 242 3844 Quomodo
257 3798 314 3835 sese
326 3784 420 3836 habeat
426 3785 574 3850 jurisdictio
583 3784 763 3849 inquisitomm
776 3784 965 3851 delegatorum,
983 3788 1037 3836 tum
1052 3786 1078 3836 in
1090 3785 1183 3851 seipas,
1194 3789 1248 3837 tum

324 3865 430 3916 relative
442 3866 475 3916 sd
484 3864 651 3930 inquisitores
664 3864 809 3916 ordinarios
821 3880 867 3916 seu
877 3864 1029 3931 Episcopus.

148 4027 233 4096 Cum
247 4025 316 4118 jam
331 4027 398 4095 fere
414 4027 535 4119 ubique
553 4026 709 4095 desierint
728 4026 948 4117 inquisitionis
966 4026 1121 4116 delegatae
1142 4026 1248 4094 tribu·

100 4132 205 4218 nulia,
219 4130 340 4199 cursim
357 4130 528 4200 dumtaxat
541 4140 573 4200 et
586 4131 718 4200 nonnisi
731 4130 773 4199 ad
790 4131 1062 4223 suppeditandum
1082 4130 1141 4197 bac
1156 4128 1196 4195 de
1212 4150 1248 4201 re

134 4296 168 4361 tt)
184 4292 283 4358 Nempe
295 4290 408 4357 delegati
418 4306 434 4344 s
444 4291 510 4344 sede
519 4292 675 4357 apostolica.
