3050 4984
290 471 350 542 614
808 499 912 548 muns.

379 621 402 666 t.
417 619 496 670 Piens
510 619 565 672 hec
584 620 678 686 injusta
692 635 745 673 non
757 621 805 673 tuit
807 657 1355 678 ..............
1406 631 1435 677 tt

379 702 401 750 t.
416 699 559 766 Sapientior
577 704 664 753 nmen
681 705 773 767 postes
790 702 926 768 dispositio
937 702 1041 755 inrecte
1053 708 1095 757 est
1098 743 1355 758 .......
1406 713 1436 756 25

346 780 388 832 ill.
403 780 563 846 Expenditur
573 781 676 834 tellonis
686 784 730 834 lex
741 785 856 848 proutin
867 784 926 849 jure
940 785 1069 837 esnonioo
1081 786 1191 838 hebetur
1216 824 1222 836 .
1257 825 1263 836 .
1300 824 1308 836 .
1344 825 1353 836 .
1407 792 1436 836 so

317 861 461 926 Propositio
479 862 517 914 1⁸.
536 863 629 914 Forma
645 877 693 928 per
704 864 774 914 riam
792 863 962 916 accusationis
979 866 1150 930 procedendi,
1169 879 1230 918 cnm
1246 867 1357 918 wionis
1452 912 1460 918 .

348 955 433 1006 pinne,
447 942 474 993 in
485 944 545 1010 jure
560 943 687 995 canonico
699 947 809 1010 recepta
824 945 873 996 luit
890 981 1354 998 ............
1406 954 1436 998 es

316 1025 462 1088 Propositr'o
477 1025 515 1076 2⁸.
530 1026 611 1076 Prout
627 1029 713 1077 sulem
731 1027 758 1077 in
776 1026 896 1078 Ecclesia
913 1031 1020 1093 recepte
1036 1028 1092 1091 tuit,
1110 1042 1159 1080 nec
1178 1029 1273 1093 injusta
1293 1029 1353 1093 iuis,

345 1118 463 1157 necesm
477 1105 913 1172 habuilimperieetionem,qusin
924 1109 983 1173 jure
1001 1123 1111 1160 romono
1124 1109 1265 1160 laborabat.
1302 1147 1308 1158 .
1344 1145 1352 1158 .
1405 1113 1434 1158 tt

316 1189 331 1252 5
344 1189 388 1238 lli.
402 1188 458 1248 Quo
468 1200 500 1238 ex
515 1192 588 1253 parte
597 1189 640 1254 jus
652 1201 791 1240 commune
804 1189 961 1242 canonicum
972 1189 1052 1241 hodie
1065 1191 1227 1243 immutetum
1241 1203 1357 1242 censen·

345 1269 407 1320 dum
422 1269 454 1319 eil
467 1269 552 1334 quood
565 1268 674 1320 lormsm
689 1271 852 1335 procedendi
863 1283 912 1336 per
923 1271 1094 1322 accusationis
1105 1271 1174 1322 visin
1177 1309 1354 1323 .....
1406 1277 1434 1322 et

345 1351 365 1400 1.
378 1353 418 1402 ln
427 1350 504 1402 etism
515 1349 593 1402 liodie
603 1351 713 1417 procedi
723 1352 806 1415 possit
817 1366 866 1416 per
878 1352 1052 1404 mensionis
1066 1352 1155 1404 rismt
1173 1387 1353 1405 .....
1405 1360 1434 1403 ss

344 1431 377 1482 ll.
390 1433 429 1482 An
442 1431 601 1482 obsoleverit
608 1432 676 1497 juris
690 1434 840 1484 communis
859 1433 994 1499 dispositio
1014 1434 1047 1483 de
1065 1433 1255 1499 subscriptione
1267 1434 1357 1486 libelli

377 1516 403 1563 et
423 1513 527 1564 tslionis
547 1514 643 1579 poenet
675 1551 1354 1566 .................
1406 1523 1434 1566 il

285 1623 355 1674 elli.
370 1623 401 1674 11.
416 1624 512 1674 Norms
527 1622 687 1688 procedendi
703 1638 750 1690 per
768 1623 1051 1676 denuntiationissism
1052 1662 1354 1677 ........
1405 1632 1434 1675 ss

317 1705 364 1767 51.
379 1703 448 1763 Quid
462 1705 488 1754 el
499 1704 640 1770 quotuplex
657 1705 691 1755 sit
708 1705 893 1756 denuntietiot
927 1739 1354 1757 ...........
1405 1713 1434 1754 ss

316 1785 378 1848 511.
390 1785 553 1850 Euangeliou
573 1785 777 1837 denuntiationis
795 1799 895 1837 norma
929 1822 1353 1837 ...........
1405 1793 1435 1836 to

317 1863 388 1928 gill.
404 1868 489 1930 Aquo
505 1865 562 1917 liert
574 1867 656 1931 possit
666 1866 800 1930 judicialis
813 1866 993 1919 denuntiatio?
1012 1899 1308 1918 ........
1344 1903 1355 1916 .
1406 1873 1435 1916 to

316 1947 333 2010 Q
347 1946 391 1997 IV.
403 1946 500 1998 Contra
513 1959 589 2011 quos,
599 1961 646 1998 seu
658 1947 690 1998 de
704 1946 799 2013 qulbus
817 1947 919 2000 deictis
934 1947 991 1998 tisri
1007 1949 1091 2014 possit
1105 1947 1236 2014 judicialis
1249 1946 1355 2000 denun-

346 2027 437 2079 tlstiot
465 2061 1356 2080 ......................
1407 2035 1435 2080 tt

317 2107 333 2172 g
346 2108 377 2156 v.
390 2107 654 2167 Quomo'do'tscicrida
665 2108 700 2158 sit
706 2107 838 2174 judicialis
852 2108 1021 2171 denuntiatio,
1032 2122 1079 2160 seu
1093 2107 1188 2173 quinus
1202 2109 1355 2160 solemniis·

347 2187 416 2238 tibus
427 2187 517 2238 vestiri
533 2186 647 2239 debsalt
681 2220 1354 2238 .................
1406 2192 1435 2236 ts

318 2269 333 2332 ᾗ
346 2268 389 2340 Vl.
402 2269 441 2319 tn
455 2281 563 2338 necesse
575 2267 608 2319 sil
616 2267 736 2333 judiciali
746 2266 936 2320 denuntietioni
948 2267 1069 2333 praemitti
1082 2266 1254 2318 monitionem
1265 2265 1358 2318 chari·

348 2348 452 2399 lutirem
466 2361 513 2398 seu
531 2347 730 2412 evangelicam?
763 2379 1354 2397 ...............
1408 2349 1435 2394 ie

317 2432 331 2494 5
346 2429 399 2479 vll.
412 2428 510 2488 Quibus
523 2427 550 2478 in
564 2427 666 2479 casibus
679 2441 733 2478 non
747 2429 847 2478 tentum
867 2427 959 2492 possit,
970 2425 1018 2477 sed
1033 2428 1060 2476 et
1073 2428 1191 2477 teneatur
1209 2424 1266 2490 quis
1279 2425 1356 2490 judi-

347 2509 449 2560 cialiter
460 2508 682 2560 denuntietur.
717 2546 722 2558 .
760 2511 782 2558 .’
802 2513 823 2557 .’
843 2543 1354 2557 .............
1407 2513 1434 2556 es

315 2590 410 2655 §vlit
424 2587 537 2640 Effectus
556 2587 760 2639 denuntiationis
775 2587 907 2655 judicidls
923 2587 1008 2652 quoad
1023 2585 1142 2653 judicem
1152 2590 1179 2637 et
1195 2587 1356 2638 denuntian-

348 2675 400 2721 tem
432 2702 1308 2720 ......................
1344 2703 1355 2717 .
1407 2673 1434 2718 Si

318 2751 387 2815 511.
405 2749 516 2801 Effectus
534 2748 738 2800 denuntiationis
752 2747 884 2814 judicialis
896 2747 982 2813 quosd
995 2747 1182 2800 denuntiatum.
1217 2784 1224 2797 .
1258 2783 1265 2798 .
1300 2782 1308 2796 .
1345 2785 1355 2798 .
1406 2755 1436 2798 56

284 2859 356 2910 cll).
370 2858 416 2908 Ill.
433 2858 530 2909 Norms
545 2855 706 2922 procedendi
726 2869 775 2920 per
793 2853 1047 2921 inquisitionisviem
1049 2889 1355 2905 ........
1407 2861 1436 2906 ss

316 2939 333 3003 g
347 2939 366 2990 1.
379 2937 446 2998 Quid
461 2939 488 2988 et
500 2937 641 3002 quotuplex
654 2935 687 2986 sil
697 2935 851 3000 inquisitiot
886 2968 1356 2985 ............
1407 2943 1436 2985 ss

317 3019 378 3083 gil.
390 3017 599 3069 Fundamentslis
617 3015 746 3080 quaestio:
766 3018 853 3067 utrum
873 3015 973 3080 absque
992 3015 1089 3080 procris
1101 3013 1205 3066 internis
1222 3016 1307 3079 possit
1324 3014 1357 3066 in

347 3111 503 3172 quemquem
514 3095 675 3160 inquisitoris
690 3095 818 3164 procedit
847 3131 1354 3146 .............
1406 3104 1432 3146 ei

347 3182 366 3230 l.
382 3180 460 3250 essue
474 3175 647 3244 inquisitionis
655 3175 790 3244 judicialia
801 3175 922 3242 specialis
933 3180 959 3227 ei
972 3153 1090 3228 aneio
1102 3154 1190 3226 iricio
1217 3213 1224 3224 .
1257 3210 1264 3224 .
1300 3212 1307 3225 .
1345 3211 1354 3225 .
1406 3182 1436 3226 es

345 3337 501 3412 judicialiter
513 3340 604 3405 eontps
616 3349 783 3402 quemquem,
794 3337 910 3389 nondum
924 3336 1095 3398 diffamatum,
1107 3350 1155 3401 per
1168 3336 1236 3387 visin
1251 3336 1358 3400 specis-

345 3421 378 3471 lis
388 3417 562 3492 inquisitionis
571 3416 718 3482 procedere
722 3451 1353 3468 ................
1406 3421 1436 3466 tt

316 3501 460 3574 Proposilto
471 3498 509 3566 ti.
528 3497 662 3563 Promissa
677 3497 806 3562 generalis
817 3497 907 3562 reguis
923 3497 1024 3562 aliquot
1043 3496 1155 3549 odmittit
1173 3494 1353 3548 limitationes.
1406 3503 1436 3547 ie

316 3581 459 3651 Propositio
478 3579 516 3630 3⁸.
531 3577 655 3643 inposito
673 3577 726 3642 juri
741 3578 870 3629 canonico
888 3577 921 3627 dc
938 3577 1042 3642 praevise
1059 3576 1172 3628 intimis
1188 3574 1356 3640 necessitate,

346 3661 499 3726 derogatum
512 3671 566 3709 non
577 3658 625 3709 tuit
632 3673 640 3722 3
652 3671 737 3723 nequo
747 3663 777 3707 ut
787 3657 920 3723 derogatio
934 3657 1054 3710 habenda
1066 3663 1105 3709 est
1118 3662 1230 3724 potestus
1242 3657 1357 3722 Episco-

347 3743 417 3812 piss
434 3737 585 3810 tridentine
605 3735 705 3803 synodo
725 3750 853 3788 concessa
872 3751 905 3790 ox
927 3737 1065 3790 intormsta
1084 3738 1243 3790 conscientie
1259 3752 1356 3803 proce·

347 3821 427 3874 dendi
430 3853 1354 3871 .......................
1407 3825 1432 3870 ti

348 3905 380 3955 11.
394 3903 473 3953 Gneus
491 3898 665 3964 inquisitionis
682 3897 860 3963 specialique
875 3900 1024 3952 instsntisni
1037 3899 1149 3966 alicujus
1164 3898 1358 3952 danuntistoris

345 3981 502 4056 jqdioisliter
512 3977 634 4046 institute
636 4013 1356 4044 .........................
1406 3987 1436 4030 is

317 4061 461 4136 propositio
472 4060 510 4110 1⁸.
525 4058 623 4126 injure
644 4057 771 4110 omonico
791 4058 898 4112 omnino
912 4059 1103 4126 distinguenda
1117 4063 1178 4112 sunt
1190 4059 1357 4113 denuntiatio

349 4143 380 4194 sd
395 4139 583 4208 poeniteutism,
595 4141 621 4204 et
635 4137 795 4204 denuntiatio
809 4140 841 4190 sd
858 4154 962 4204 poensrn
969 4157 977 4205 ;
990 4141 1025 4192 its
1037 4145 1066 4192 ut
1083 4140 1213 4206 ponerint
1225 4141 1356 4206 intelliga-

347 4225 389 4270 tur
402 4217 502 4284 aperire
516 4215 584 4266 vium
597 4213 780 4280 inquisitionis,
792 4227 847 4266 non
860 4218 946 4268 sutem
957 4217 1160 4269 denuntiationis
1177 4255 1184 4267 .
1218 4255 1226 4266 .
1264 4255 1269 4266 .
1302 4256 1309 4267 .
1345 4257 1353 4268 .
1405 4224 1436 4267 7³

316 4299 461 4370 temporalo
474 4295 512 4352 θ’.
528 4295 655 4370 lttipnrln
671 4309 732 4367 casu
741 4295 1150 4368 ,nonmusioriqinqulstttonsm
1163 4299 1198 4354 sd
1209 4299 1353 4362 vindicione
