3050 4984
534 502 610 550 PARS
631 503 777 550 SECUNDA.

534 742 676 813 CAPUT
698 743 769 813 XL.

83 938 184 985 FORlss
221 939 407 1000 Apenninum
444 940 466 985 A
506 939 610 986 lUDlOE
645 938 794 993 senous!
830 939 992 1006 susencto,
1028 940 1150 996 QUANDO
1189 941 1221 990 IN

127 1045 271 1092 PROCES‘iU
293 1045 461 1093 ostensivo
484 1047 570 1092 AEGRE
591 1046 682 1092 Tum
703 1047 814 1093 TESTES
836 1046 993 1095 DEPONERE
1021 1049 1052 1094 IN
1074 1049 1221 1096 molunt

126 1154 185 1199 REI.

128 1307 247 1374 Gorom
262 1302 436 1372 renuendo
460 1306 518 1386 Ν.,
546 1304 674 1372 Vicario
695 1304 851 1395 penerali,
879 1317 1045 1397 comparet
1070 1305 1221 1374 dominus

81 1416 138 1494 Ν.,
152 1425 315 1504 patronus
339 1410 466 1480 domini
480 1414 516 1483 N
517 1465 539 1492 .,
554 1413 710 1504 praetnisi
732 1413 800 1495 rei,·
824 1426 854 1482 ct
863 1414 1039 1505 premissa
1048 1426 1221 1507 protesta-

81 1521 167 1588 tione
178 1519 309 1587 lonom's
325 1531 356 1587 et
369 1520 567 1601 reverentie,
585 1543 658 1611 quae
672 1519 777 1588 cidem
792 1521 966 1591 reverendo
985 1521 1111 1592 Vicario
1124 1543 1220 1612 pcne-

79 1626 146 1694 roli
157 1625 303 1707 debetur,
320 1627 454 1694 nominc
468 1627 594 1695 clientis
607 1626 660 1696 sui
673 1626 765 1709 dicit,
772 1649 952 1718 personam
966 1629 999 1719 ej
1003 1627 1117 1698 nsdem
1131 1651 1221 1696 reoc-

80 1733 172 1803 remli
190 1733 311 1801 Vicarii
321 1733 483 1822 pencrclr's
498 1756 562 1802 esse
576 1734 639 1802 sibi
653 1747 848 1826 suspectam,
867 1757 907 1804 ecc
930 1758 966 1805 eo
984 1735 1073 1827 quod
1090 1737 1220 1805 malum

79 1841 230 1910 animum
240 1839 390 1932 prodidit
405 1853 520 1909 contra
536 1840 710 1910 dominum
726 1845 784 1924 Ν.,
799 1855 1000 1933 praetensum
1014 1865 1119 1925 reum,
1136 1866 1221 1934 epre

75 1952 182 2040 serens
205 1947 294 2040 quod
306 1959 398 2017 testes
412 1949 597 2016 examinati
615 1948 662 2017 od
675 1949 747 2040 ejus
761 1949 937 2041 defensam,
954 1950 990 2018 in
1004 1951 1108 2043 ipsius
1120 1953 1220 2043 savo-

78 2077 147 2124 rem
162 2054 358 2147 deponerent
376 2055 441 2146 (vel
455 2054 634 2147 impediens
646 2079 688 2124 ne
702 2067 806 2140 testes,
824 2058 884 2148 qui
904 2057 939 2125 in
958 2057 1059 2149 ipsius
1071 2060 1220 2150 savorem

77 2162 181 2231 dicere
194 2174 371 2255 coeperant,
391 2176 678 2254 prosequerentur,
705 2186 784 2232 neoc
807 2165 975 2232 actuarius
997 2187 1111 2233 eorum
1131 2165 1219 2234 dicto

75 2269 251 2361 scriberet).
269 2269 410 2338 Proinde
422 2270 465 2338 ob
481 2269 593 2339 eodem
606 2269 778 2339 revermdo
808 2271 934 2340 Vinaria
949 2273 1105 2362 penerali,
1121 2295 1221 2365 super

74 2376 233 2470 predicto
248 2377 441 2469 pronomine
448 2377 530 2468 jam
543 2391 681 2470 recepto,
707 2377 854 2470 appellat
869 2377 916 2446 od
929 2401 1025 2469 quem
1040 2391 1072 2447 et
1085 2402 1166 2472 quos
1181 2381 1221 2448 ele

69 2486 154 2577 jure
171 2513 182 2552 :
198 2498 230 2554 et
255 2483 455 2553 cumulando
471 2484 726 2577 appellationem
746 2507 822 2554 crem
844 2486 1058 2568 recusatione,
1075 2509 1115 2556 en
1123 2511 1220 2579 prco-

75 2593 166 2662 dicta
186 2615 285 2662 causo
301 2592 400 2661 illum
414 2605 574 2685 tanquam
584 2592 734 2684 judicem
749 2592 814 2662 sili
826 2607 1010 2685 suspectum
1025 2606 1152 2664 recusat
1159 2620 1173 2678 ;
1189 2607 1219 2664 et

74 2711 173 2790 rapat
189 2712 220 2768 et
235 2698 307 2768 vult
319 2712 350 2768 et
366 2699 481 2782 instat,
504 2714 543 2768 ut
558 2700 651 2769 nullo
671 2699 769 2769 modo
782 2723 816 2768 se
829 2699 973 2793 amplius
988 2701 1171 2771 immisceat
1183 2703 1220 2770 in

74 2831 190 2890 causa,
209 2830 282 2900 quen
300 2819 414 2878 contra
431 2810 613 2899 prefatum
633 2820 835 2900 pretensum
862 2830 957 2878 reum
980 2809 1140 2878 actitatur
1162 2823 1220 2878 :ct

64 2927 277 3008 protestatur
291 2915 332 2984 de
349 2915 513 2998 nullitate,
530 2915 570 2998 si,
589 2937 654 2983 non
677 2915 826 2984 obstante
845 2915 1005 3006 presenti
1019 2916 1221 2985 recusatione

73 3035 106 3090 et
122 3022 352 3115 appellatione,
376 3021 423 3090 od
436 3023 594 3091 ulteriora
606 3023 816 3113 processerit,·
831 3043 921 3090 nunc
932 3044 996 3113 pro
1012 3033 1090 3091 lunc
1104 3025 1220 3116 appel-

72 3130 161 3210 lans,
185 3143 216 3198 et
232 3141 343 3222 petens
358 3129 522 3221 apostolos
541 3130 700 3197 instanter
719 3142 751 3197 et
766 3128 1010 3198 instantissime.
1037 3131 1119 3198 Acta
1145 3143 1220 3200 seint

72 3237 145 3306 neec
160 3236 214 3305 elie
282 3237 401 3306 mensis
481 3259 610 3306 anno...
627 3276 671 3288 -
690 3239 763 3326 Epo
779 3239 836 3318 Ν.,
850 3247 1026 3326 patronus,
1043 3236 1172 3329 appello
1189 3249 1220 3304 et

72 3367 189 3414 recuso
203 3355 241 3413 ut
253 3367 365 3436 supro.
383 3383 427 3395 -
438 3346 512 3436 Epo
524 3347 583 3426 Ν.,
602 3343 782 3413 actuarius.
800 3367 818 3408 s

122 3487 295 3582 Ejusmodi
321 3489 493 3581 appellatio
509 3489 545 3556 in
566 3487 645 3556 aclis
659 3485 845 3580 reponenda
864 3493 927 3574 est3
945 3494 977 3554 et
999 3486 1101 3579 judex
1127 3488 1221 3559 debet

72 3621 95 3665 a
111 3596 338 3688 prosecutione
351 3619 458 3666 causae
471 3596 646 3683 abstinere,
661 3605 693 3665 et
707 3593 870 3687 apostolos
885 3594 1071 3664 concedere.

126 3760 145 3799 ι(
163 3735 400 3824 Consequmtcr
411 3731 603 3801 reverendus
616 3735 661 3804 Ν.
685 3731 834 3800 Vicarius
842 3731 1003 3821 peneralis
1005 3730 1109 3821 jussit
1125 3730 1221 3801 mado

71 3841 236 3933 scriptam
251 3840 505 3934 appellationem
518 3841 555 3910 in
569 3841 651 3911 actis
665 3840 792 3931 reponi,
811 3861 913 3931 quam
928 3851 959 3908 et
973 3838 1169 3908 inseruimus
1184 3851 1223 3908 ut

70 3973 204 4042 supro,·
230 3962 262 4018 et
284 3948 449 4018 decretum
472 3949 549 4018 tulit
573 3949 609 4018 in
633 3949 719 4018 lium
742 3945 880 4016 modum
908 3973 919 4019 .·
946 3946 1106 4031 &camois
1119 3969 1223 4038 supra

71 4056 167 4126 dicta
182 4054 373 4148 appellatio,
391 4077 413 4122 a
434 4054 567 4124 dommo
583 4056 642 4137 Ν.,
672 4053 800 4122 domini
824 4057 867 4126 N.
885 4053 934 4121 rei
945 4065 1102 4145 patrono,
1117 4055 1220 4145 sacta,

65 4185 213 4260 prorsus
225 4161 348 4254 (rivola
373 4162 415 4231 sit
440 4175 541 4254 atque
563 4161 784 4245 insubsistens,
807 4161 847 4230 ob
871 4161 1089 4230 reverentiam
1113 4173 1226 4232 tamen

69 4271 256 4364 superioris
275 4283 307 4341 et
320 4270 539 4364 superiorum,
555 4269 603 4341 at
613 4292 711 4363 quem
726 4281 757 4340 et
782 4291 862 4363 quos
879 4269 1081 4360 appellatur,
1105 4267 1158 4341 illi
1171 4269 1226 4342 de·
