3050 4984
538 532 613 578 eins
641 532 786 578 secunus.
1167 512 1224 576 371

94 674 111 706 o
133 656 180 713 est
191 668 399 733 corncmpcre
406 650 516 729 fldem,
527 670 588 734 per
599 670 699 733 quam
713 661 759 715 est
772 653 892 716 anima
907 653 987 729 uita,
997 653 1231 735 quamsalsore

94 782 109 813 α
129 759 318 839 penatium,
328 775 391 839 per
403 776 507 840 quom
521 759 694 843 temporali
706 760 783 823 otta
795 758 994 822 mdoncitar.
1011 758 1102 823 Unde
1114 760 1145 822 si
1163 758 1229 839 sal·

93 889 108 921 «
130 866 215 928 sarii
227 866 383 947 pecunie,
400 865 454 928 vel
464 864 526 929 alii
537 867 761 947 malefactores
775 868 886 930 statim
893 884 953 949 per
961 865 1131 931 saeculares
1140 867 1231 948 prin·

93 994 109 1028 a
130 973 217 1052 cium
225 973 313 1053 jisste
326 973 428 1037 morti
439 972 627 1051 traduntur,
642 972 743 1038 multo
766 974 874 1055 mucis
895 973 1047 1049 haretici,
1062 974 1174 1037 statim
1191 991 1233 1037 ea

92 1100 108 1137 a
127 1096 193 1161 qno
208 1078 247 1143 dc
261 1079 377 1144 teresi
388 1081 634 1157 convincuntur,
646 1087 783 1162 possunt
802 1096 868 1143 non
887 1078 994 1143 solum
1008 1081 1231 1143 excommnni-

90 1209 108 1241 «
129 1186 213 1263 cari,
225 1185 327 1249 sedet
338 1189 430 1268 juste
443 1186 555 1250 occidi.
572 1187 627 1252 En
639 1194 734 1269 parte
748 1193 859 1250 autern
872 1184 1027 1251 Ecclesiae
1041 1194 1089 1248 est
1101 1187 1231 1249 miseri-

90 1316 105 1347 «
129 1292 499 1359 medicamentum
519 1296 759 1357 conversionem
766 1314 777 1367 ;
792 1302 824 1357 ct
844 1292 915 1356 ideo
936 1311 1003 1356 non
1029 1294 1142 1356 statim
1154 1310 1229 1355 con-

88 1422 106 1454 «
128 1398 272 1477 demnat,
301 1400 360 1467 scd
378 1410 454 1483 post
477 1402 624 1483 primam
650 1410 681 1464 et
709 1401 888 1464 secundam
920 1401 1165 1481 cmreptimm,
1194 1408 1231 1462 nt

88 1530 105 1562 ε(
125 1506 299 1589 Apostolus
312 1506 421 1588 (locet,⁸
432 1506 641 1591 postomium
653 1525 742 1585 vcro,
755 1508 786 1571 st
798 1507 908 1571 adino
918 1508 1073 1589 pertineo
1088 1508 1231 1570 invenia-

87 1638 104 1669 «
129 1620 194 1689 tier,
213 1613 355 1678 Ecclesia
370 1614 409 1677 de
423 1614 495 1696 ejus
508 1616 714 1681 conversione
728 1632 795 1677 non
814 1632 960 1695 sperans,
973 1614 1118 1677 aliorum
1131 1612 1232 1676 soluti

89 1742 105 1780 e
126 1720 289 1801 providet,
304 1738 379 1783 enm
398 1722 439 1783 ab
453 1721 599 1787 Ecclesia
612 1721 796 1804 separando
814 1738 875 1802 per
889 1722 1231 1785 excommunicationis

88 1850 106 1883 s
128 1829 332 1905 sententiam,
357 1837 388 1891 et
408 1828 544 1893 ulterius
566 1828 778 1913 relinquendo
801 1828 1013 1910 eamindicio
1037 1828 1232 1892 secularia

89 1934 258 2003 amando
283 1936 569 2004 exterminandum
591 1958 653 2027 per
684 1948 835 2005 martem.
870 1962 887 2000 n
915 1936 1099 2004 Memorent
1120 1944 1230 2027 postes

85 2040 298 2111 Bollundistae
315 2042 473 2133 plurimos
498 2052 638 2130 sanctos,
663 2044 720 2133 qui
746 2043 966 2134 inquisitionis
991 2064 1128 2110 munere
1151 2043 1231 2110 fun-

84 2158 213 2237 gentes,
229 2152 393 2217 convictos
416 2148 615 2240 judicialiter
639 2159 671 2217 et
697 2150 876 2217 obstinatos
902 2148 1071 2220 heroicos
1096 2149 1230 2217 bruchio

83 2254 237 2323 saeculeri
254 2266 357 2324 morte
370 2256 556 2325 alliciendos
570 2255 746 2325 tradidere.

131 2366 166 2429 3·
189 2362 349 2430 Discussis
375 2363 584 2451 testimoniis,
611 2363 809 2431 concludunt
838 2362 1049 2433 Bollundistae
1080 2372 1227 2433 sanctum

82 2468 310 2555 Dominicum,
328 2470 355 2537 si
376 2470 417 2538 de
431 2494 467 2538 re
481 2470 553 2562 ipso
576 2481 706 2560 egetur,
724 2471 824 2538 fuisse
839 2492 916 2537 vere
930 2470 1160 2561 inquisitorem
1177 2498 1184 2537 :
1201 2471 1229 2537 si

81 2596 166 2643 vero
180 2577 318 2665 quaestio
331 2577 372 2643 sit
396 2576 435 2645 de
447 2579 589 2659 nomine,
610 2598 668 2645 nec
682 2576 804 2668 ipsum,
820 2596 880 2643 nec
895 2577 1025 2645 beatum
1041 2578 1175 2647 Petrum
1189 2578 1230 2645 de

81 2682 313 2750 Castro-Novo
329 2683 572 2774 inquisitionem
588 2685 772 2752 exercuisse
785 2710 794 2769 ;
809 2684 888 2775 quin
913 2682 1059 2751 nondum
1084 2684 1147 2751 sub
1169 2686 1230 2753 hoe

80 2788 235 2875 nomine,
266 2800 297 2856 ot
325 2790 421 2859 modo
451 2791 580 2879 stabili,
615 2790 838 2883 inquisitionis
866 2790 1022 2880 delegutae
1054 2791 1229 2861 tribunatio

79 2896 261 2965 constitute
277 2897 420 2965 fuerunt.
441 2924 460 2963 c
475 2899 564 2965 Licet
580 2920 652 2985 nos,
668 2898 833 2989 inquiunt,
907 2920 1021 2967 revere
1036 2900 1225 2989 sentiamus,

83 3029 102 3068 u
127 3024 234 3093 neque
264 3012 411 3073 sanctum
440 3005 574 3074 Petrum
605 3006 645 3073 de
673 3005 908 3092 Castro-Novo,
940 3028 1046 3097 neque
1079 3016 1227 3075 sanctum

82 3135 100 3175 u
127 3110 335 3179 Dominioum
351 3134 497 3202 unquam
512 3112 641 3179 nominc
666 3111 716 3201 (de
738 3133 773 3179 re
800 3112 892 3180 facile
917 3113 1003 3180 inter
1026 3134 1085 3180 uos
1107 3135 1228 3183 eonve-

81 3242 100 3282 α
126 3217 207 3303 niet,
225 3228 261 3284 ut
285 3240 385 3309 supro
408 3218 638 3306 indicavimus)
662 3218 895 3308 inquisitorum
919 3219 1090 3307 insignitos
1112 3220 1224 3308 fuisse,

81 3350 100 3388 a
127 3334 238 3391 tamen
261 3324 302 3391 nb
317 3325 455 3393 eruditis
470 3324 564 3411 viris,
592 3334 624 3391 et
648 3324 757 3392 studio
772 3326 915 3416 partium
930 3325 1059 3410 alienis,
1087 3326 1226 3396 libenter

79 3457 99 3495 α
124 3430 299 3517 discemus,
326 3455 369 3499 un
391 3433 425 3499 iu
453 3432 513 3500 hoc
526 3432 684 3521 judicioe
709 3434 844 3500 veritate
857 3433 1092 3501 uberrmimus.
1126 3436 1223 3526 (Loco

76 3538 151 3623 cit„
169 3560 203 3605 n.
220 3541 309 3627 319.)

125 3650 161 3711 4⁰
174 3644 247 3713 Nou
262 3667 341 3735 ergo
362 3646 576 3737 peremptoria
591 3646 801 3715 Bollandistis
824 3647 895 3715 visa
916 3658 993 3716 sunt
1014 3647 1219 3737 documento,

75 3774 156 3845 qum
173 3751 290 3821 adduci
306 3752 410 3821 solent
434 3753 476 3821 ed
492 3752 700 3843 probandum
714 3762 863 3823 sunctum
878 3754 1088 3823 Dominicnm
1104 3780 1124 3823 a
1138 3756 1223 3825 Sede

73 3858 265 3950 Apostolice
290 3861 472 3928 institutum
499 3860 599 3927 tuisse
621 3861 773 3951 primum
787 3860 1026 3951 inquisitorem.
1043 3863 1116 3931 Duo
1130 3863 1219 3953 ejus·

74 3965 170 4035 modi
185 3965 378 4035 documenta
398 3966 540 4056 allegant
555 3967 726 4035 contrarie
742 3968 913 4035 sententies
930 3971 1058 4060 patroni
1077 3998 1083 4037 :
1112 3971 1221 4061 primo

75 4074 203 4143 scilicet
215 4074 395 4142 innocentii
410 4072 455 4140 tlt
471 4082 503 4141 et
527 4072 664 4140 Honorii
683 4072 726 4139 111
750 4073 886 4160 litteras,
903 4074 1022 4165 quibus
1038 4076 1220 4167 inquisitio-

74 4183 130 4249 nis
148 4201 268 4247 munus
289 4190 398 4247 saneto
424 4179 594 4247 Dominico
610 4178 878 4247 demandabatur.
897 4180 961 4249 Sed
977 4181 1070 4249 fateri
1096 4206 1222 4274 cogim-

76 4297 131 4355 tus
147 4309 202 4355 eus
233 4287 353 4356 litteras
374 4287 442 4376 jam
471 4308 536 4355 non
562 4286 715 4355 inveniri.
748 4286 899 4355 Alterum
915 4287 1148 4359 documentum
1174 4283 1224 4363 est
