3050 4984
237 428 300 494 att
613 449 789 495 susurnnus
813 452 850 495 na
872 451 1004 497 runicus.

237 571 333 651 velit;
352 579 382 637 et
397 580 474 639 tunc
501 572 537 638 ut
550 570 695 640 defensio
712 571 769 639 ille
787 573 941 640 strictiori
955 572 1099 665 quodam
1121 594 1219 641 sensu
1233 580 1381 664 sumpta,

236 676 275 745 de
312 700 378 769 qua
415 677 554 747 dicimus
581 678 616 745 in
653 679 844 749 formulario
875 680 1075 772 (collectione
1102 682 1138 767 ἲ,
1173 680 1276 771 capite
1307 681 1379 770 46).

239 784 352 853 Postea
376 784 511 853 auditur
535 786 710 855 advocatus
735 786 817 873 fisci,
844 787 896 856 vel
921 787 1057 879 ipsemet
1078 796 1246 879 promotor
1262 786 1385 855 fiscalis

238 889 303 981 (vel
318 890 494 960 advocatus
519 893 727 980 accusatoris,
756 894 783 960 si
807 915 866 983 per
890 893 977 961 viam
993 894 1205 963 accusationis
1219 894 1385 985 proceda-

238 998 304 1089 tur)
323 1025 330 1066 :
353 1007 421 1067 tum
442 998 599 1067 advocato
616 1000 663 1067 rei
684 998 871 1067 conceditur
883 999 1071 1092 replicati03
1090 1010 1122 1069 et
1139 1000 1295 1070 advocato
1309 998 1385 1068 fisci

239 1104 403 1195 replicatio
418 1107 457 1173 ad
483 1106 744 1197 replicationem;
772 1115 804 1174 et
829 1106 875 1174 sic
902 1106 1054 1199 deinceps
1080 1108 1242 1199 usquead
1263 1129 1386 1175 nume-

238 1235 313 1280 rum
327 1212 574 1304 replicationum
591 1235 649 1303 per
660 1212 782 1305 stylum
793 1215 893 1283 curiae
908 1214 1171 1284 determinatum.
1188 1214 1252 1297 Qui
1263 1238 1383 1283 nume-

239 1339 296 1385 rus
319 1317 392 1385 talis
414 1340 484 1385 esse
502 1317 608 1403 debet,
636 1327 673 1385 ut
695 1318 812 1387 ultimo
825 1318 896 1388 loco
911 1342 1039 1411 semper
1064 1319 1216 1389 audiatur
1232 1318 1387 1387 defensor

237 1446 296 1491 rar.

284 1530 431 1623 Denique
459 1551 609 1620 perorare
632 1530 853 1602 desinentibus
866 1534 1042 1622 advocetis,
1061 1533 1164 1624 judex
1180 1532 1388 1604 definitivam

240 1638 430 1705 sententiam
447 1638 646 1727 pronuntiat.

706 1939 849 2008 CAPUT
870 1940 913 2008 X.

540 2134 579 2177 DE
601 2132 776 2178 sun'rtut'ms
799 2133 1075 2180 rummcttronns.

282 2394 364 2460 Cum
381 2390 543 2481 ejusmodi
558 2392 724 2461 sententie
739 2391 938 2461 intervenire
952 2390 1077 2481 possint
1099 2413 1158 2481 per
1179 2397 1284 2459 totum
1298 2412 1385 2481 pro-

239 2521 347 2565 cessus
373 2506 524 2585 tractum,
548 2498 589 2566 ab
614 2497 749 2567 exordio
772 2498 892 2566 scilicet
919 2497 986 2565 litis
1000 2520 1104 2589 usqrre
1119 2498 1199 2566 dum
1214 2495 1385 2565 definitive

240 2605 481 2697 pronuntietur,
504 2626 570 2673 non
592 2614 661 2673 erat
683 2628 742 2674 cur
763 2627 830 2674 uno
856 2605 963 2696 potius
985 2628 1084 2697 quam
1108 2604 1172 2673 alio
1191 2604 1262 2673 locu
1280 2604 1320 2672 de
1341 2605 1385 2672 iis

241 2714 397 2781 disserere
425 2710 630 2793 deberemus;
663 2721 695 2779 et
731 2712 805 2780 ideo
835 2713 1002 2781 notionem
1030 2711 1121 2781 illam
1156 2710 1220 2781 huc
1250 2712 1385 2781 remisi-

240 2842 324 2887 mus.

288 2928 317 2991 1.
341 2922 587 2993 lnterlocutcria
606 2924 765 2991 sententia
780 2923 836 2992 illa
854 2934 915 3011 est,
935 2947 1002 3016 qua
1013 2925 1131 3016 judex,
1148 2946 1214 2993 nun
1229 2922 1271 2991 dc
1285 2946 1385 2991 causa

241 3032 312 3121 ipsa
325 3031 509 3122 principali,
525 3030 581 3100 sed
591 3030 761 3101 dumtaxat
773 3029 813 3099 de
824 3054 923 3100 causa
936 3032 1045 3123 aliqua
1057 3032 1218 3101 incidente
1234 3054 1384 3124 pronun-

242 3142 311 3207 tiat.
327 3139 368 3207 Et
382 3140 500 3209 dicitur
513 3140 772 3224 interlocutoria,
786 3142 864 3233 quia
874 3163 946 3210 eam
957 3142 1059 3233 judex
1074 3141 1222 3234 loquitur
1231 3163 1291 3209 seu
1303 3163 1386 3232 pro—

243 3248 370 3315 nuntiat
384 3248 469 3315 r'mcr
485 3247 551 3317 litis
576 3248 776 3339 principium
791 3258 824 3317 et
847 3248 1041 3317 sententiam
1057 3247 1271 3317 definitivam.
1286 3247 1386 3317 Unde

241 3353 401 3445 quidquid
412 3354 515 3445 judex
528 3366 603 3423 ante
613 3352 816 3425 definitivam
831 3356 1021 3423 sententiam
1033 3355 1118 3424 circa
1129 3376 1257 3423 causam
1270 3353 1385 3423 decer-

243 3460 304 3547 nit,
317 3460 474 3529 sententia
482 3460 725 3529 interlocutoria
739 3459 870 3529 dicitur.

287 3573 319 3635 2'.
338 3566 395 3635 Est
418 3576 526 3636 cutem
548 3568 791 3637 interlocutoria
805 3569 976 3656 sententie,
1005 3569 1057 3637 vel
1080 3570 1220 3660 amplos
1245 3567 1299 3637 vel
1314 3569 1386 3636 cim

244 3673 417 3765 definitiva
426 3672 556 3741 dabor.
568 3674 718 3766 Simplex
731 3684 793 3762 est,
808 3675 899 3743 verbi
914 3676 1031 3764 gratis,
1045 3675 1176 3767 quando
1186 3674 1288 3767 judex
1298 3696 1387 3742 con-

244 3782 327 3851 cedit
347 3781 547 3870 dilationem,
571 3782 621 3852 vel
642 3792 748 3873 partes
772 3791 861 3852 certo
883 3782 936 3851 die
951 3782 1063 3852 adesse
1079 3782 1234 3871 decernit,
1252 3783 1305 3851 vel
1319 3780 1389 3852 alia

243 3888 405 3982 ejusmodi
428 3889 604 3979 interponit
627 3888 765 3978 decretu,
781 3912 856 3982 quae
872 3912 931 3981 per
945 3914 980 3958 se
996 3914 1061 3959 non
1076 3900 1153 3959 sunt
1167 3912 1274 3958 causae
1290 3889 1388 3980 prin-

244 3996 356 4087 cipalis
369 3995 522 4064 decisivo.
550 3994 655 4065 Habet
676 3996 857 4066 definitivae
872 3997 952 4084 vim,
971 3998 1064 4088 verbi
1078 3996 1196 4087 gratia,
1213 4019 1279 4087 qua
1290 3996 1388 4087 jura·

246 4115 392 4173 mentum
404 4103 630 4194 purgatorium
641 4101 748 4186 'delent
762 4105 859 4196 parti,
876 4127 942 4197 qua
954 4105 1144 4194 pronuntiat
1156 4118 1298 4172 actorem
1312 4104 1388 4171 suf·

154 4248 157 4261 ·
242 4209 384 4279 ficienter
396 4210 554 4277 intentum
573 4233 667 4277 suum
685 4211 849 4301 probasse,
865 4234 931 4303 qua
943 4208 1021 4277 dicit
1035 4234 1068 4279 se
1082 4233 1151 4279 esse
1162 4211 1388 4305 incompeten-
