3050 4984
315 490 376 555 378
686 509 863 556 usmarus
884 510 924 557 an
944 508 1080 557 romnis.

312 630 475 701 notionem
493 629 669 721 qnamdam
694 630 892 716 historicam,
910 629 1075 721 quomado
1096 628 1219 720 injure
1238 627 1449 697 determinata

312 738 428 805 existat
442 735 603 828 ejusmodi
615 735 799 828 jurisdictio
813 736 1020 805 adnotamus.

358 875 388 939 l.
405 870 656 939 Constituantur
671 870 879 961 inquisitores
890 870 1041 959 delegati,
1058 870 1160 937 sivea
1175 869 1265 959 Papa
1279 870 1365 960 ipsa,
1382 870 1449 937 sive

311 978 443 1046 aSacra
464 978 724 1066 congregatione
743 977 904 1065 generalis
925 976 1156 1067 inquisitionis.
1179 974 1266 1043 Olim
1280 976 1395 1059 etiam,
1411 998 1448 1043 ex

310 1084 517 1153 facultatibus
532 1105 551 1152 a
565 1083 648 1152 Sede
670 1083 857 1174 Apostolico
875 1084 1047 1169 concessis,
1068 1104 1124 1151 aas
1142 1082 1341 1150 constituero
1362 1092 1449 1173 pote·

310 1198 385 1259 rant
399 1190 618 1259 Provinciales
635 1190 760 1260 ordinis
782 1192 1070 1259 Dominicanoram
1089 1199 1122 1258 et
1142 1190 1445 1275 Franciscanornm3
1495 1277 1496 1280 Ἴ

310 1319 436 1366 necnon
450 1298 617 1387 generales
634 1300 669 1365 in
681 1298 780 1366 certis
788 1297 977 1386 regionibns
985 1296 1204 1388 inquisitores.

355 1424 385 1488 2.
403 1418 639 1510 Quoquomado
659 1428 767 1488 autem
786 1422 1036 1505 constituantur,
1057 1428 1226 1488 remanent
1244 1441 1375 1511 semper
1395 1420 1447 1487 de·

309 1526 410 1615 legati
423 1525 561 1617 jndices,
579 1548 643 1594 non
660 1534 768 1594 aulem
784 1525 952 1594 ordinarii.

355 1652 385 1717 3.
404 1648 513 1717 Potest
532 1648 704 1741 inquisitor
723 1648 858 1740 quilibet
876 1648 1042 1737 delegatus
1064 1648 1127 1716 sibi
1147 1648 1344 1716 constituere
1365 1648 1446 1716 vica·

309 1756 410 1841 rium,
435 1755 531 1825 etiam
555 1755 739 1843 generalem
763 1753 849 1843 (vide
877 1754 1090 1839 Lemnium,
1112 1755 1235 1822 Forum
1261 1754 1446 1822 οοοίοοίαοτί-

309 1884 396 1940 ανον,
414 1862 447 1928 in
459 1860 507 1929 tii.
527 1865 559 1945 7,
576 1860 651 1928 libri
670 1866 688 1928 5
704 1862 846 1946 Decret.‚
864 1885 896 1952 q.
923 1862 1007 1952 ist).

354 1990 385 2054 l.
411 1986 561 2055 Officium
586 1986 789 2077 inquisitoris
812 1986 957 2055 absolute
983 1988 1205 2073 commissum,
1234 2009 1302 2055 non
1323 1985 1445 2078 expirat

309 2102 412 2161 marte
427 2094 657 2163 committentis
676 2094 786 2185 (idem,
804 2093 899 2179 ibid,
913 2117 946 2186 q.
968 2094 1057 2184 186).

356 2233 385 2298 5.
411 2226 581 2308 Quomodo
604 2250 673 2297 sese
694 2227 852 2297 haberent
874 2229 916 2297 ad
939 2229 1083 2298 invicem
1101 2226 1284 2319 jurisdictio
1310 2228 1444 2319 inquisi-

309 2334 388 2403 toris
413 2333 570 2404 ardinarii
596 2358 654 2402 seu
681 2334 847 2426 Episcopi,
873 2344 905 2403 et
927 2334 1111 2427 jurisdictio
1134 2334 1341 2424 inquisitoris
1362 2333 1444 2402 dele-
1495 2353 1496 2414 f

307 2442 373 2531 gali
397 2440 563 2509 incudem
591 2441 733 2529 dicecesi,
765 2442 843 2511 satis
868 2441 1105 2510 determinatur
1131 2441 1343 2532 sequentihus
1367 2440 1445 2531 juris

307 2546 453 2615 texnbus
478 2574 486 2613 ι
512 2550 575 2614 Ρον
595 2548 655 2615 isac
677 2546 769 2637 qaod
784 2548 954 2638 neqotium
973 2548 1132 2617 heretica
1146 2548 1328 2638 prauitatis
1349 2545 1445 2616 alum
1495 2563 1496 2614 3

307 2653 359 2716 aet
371 2652 534 2735 aliquibus
548 2652 591 2715 ab
612 2654 798 2736 Apostolica
814 2653 898 2719 Sede
911 2654 1118 2737 quieraliter,
1134 2655 1168 2717 in
1187 2656 1303 2735 aliquia
1314 2655 1442 2736 pracia-

307 2762 514 2838 cincinnate
537 2760 587 2825 vei
607 2760 745 2839 diecesi,
767 2762 947 2844 debeatur,
963 2763 1149 2827 diacnanis
1167 2760 1350 2845 Episcopo,
1371 2764 1443 2844 quin
1495 2745 1496 2822 Ῑ

308 2874 339 2929 et
357 2868 421 2949 ipsi
438 2869 630 2932 auctoritate
653 2868 825 2933 ordinaria
847 2870 899 2933 oei
915 2869 1063 2951 deuqata
1077 2870 1119 2950 (si
1136 2868 1268 2950 laban)
1282 2870 1319 2931 in
1338 2868 1442 2933 eodem

305 2975 477 3055 procedere
491 2975 631 3053 valeant,
647 2976 799 3040 natamus
813 2976 977 3059 deraqari.
1000 2976 1128 3055 Veram,
1144 2984 1183 3040 ut
1201 2976 1327 3041 dictim
1339 2978 1442 3060 inqui·
1495 2965 1496 3004 ³

306 3082 431 3145 sitianis
450 3084 614 3164 neqatium
631 3084 800 3165 efficacias,
822 3084 937 3147 meins
955 3084 1128 3167 utiliusque
1148 3084 1316 3166 procedat,
1337 3103 1440 3149 conce·

308 3188 415 3253 dimas
429 3190 518 3272 quod
529 3210 591 3274 ρον
605 3193 768 3273 episcopas
787 3193 873 3273 ipsos
891 3200 924 3254 et
932 3210 994 3275 per
1013 3193 1221 3274 inquisitores
1236 3191 1276 3257 dc
1287 3193 1378 3272 facto
1393 3208 1441 3255 eo·

307 3296 381 3359 dem
408 3298 531 3380 inquiri
558 3298 666 3362 uatem
689 3299 904 3364 communiter
930 3298 983 3363 aei
995 3299 1124 3363 divisim
1152 3317 1164 3363 .·
1191 3306 1233 3376 et,
1261 3300 1292 3362 si
1317 3298 1441 3363 ᾱίυοοὺη

304 3406 528 3485 processerint,
550 3414 719 3471 terreantur
733 3406 798 3471 sibi
813 3408 953 3471 invicem
965 3408 1397 3488 communiscomnunis,
1410 3413 1442 3467 ut

303 3530 365 3595 ρον
379 3512 437 3575 hac
455 3514 558 3595 possit
572 3512 686 3577 metius
700 3515 822 3577 ceritas
839 3514 979 3579 inveniri
992 3534 1003 3577 .·
1017 3522 1049 3577 et
1061 3516 1126 3577 nisi
1144 3514 1203 3577 itae
1217 3533 1295 3578 casu
1309 3513 1439 3597 inquisi-

310 3627 392 3683 tores
412 3620 446 3683 in
463 3620 625 3684 sententia
642 3622 826 3701 prolatione
840 3620 1040 3700 dioecesanis,
1055 3622 1107 3685 aei
1115 3641 1132 3685 e
1146 3630 1272 3699 cantra
1292 3620 1441 3685 demeruit

306 3726 528 3809 deserentium,
545 3746 606 3810 per
627 3736 781 3813 utrasque
800 3730 901 3793 simut
917 3732 1075 3793 sententia
1089 3731 1280 3812 proferatur
1298 3750 1308 3789 :
1329 3730 1365 3791 iu
1382 3744 1441 3811 qaia

305 3830 453 3915 serenda,
472 3838 503 3899 si
514 3854 579 3899 nan
600 3839 816 3915 convenerint,
828 3857 889 3921 ρον
903 3848 1055 3921 utrasque
1071 3839 1238 3920 nepotiam
1258 3837 1441 3919 sufficienter

308 3942 499 4006 instructum
519 3944 564 4006 ad
578 3944 696 4009 Senem
712 3946 931 4027 Apostatiaarn
944 3948 1105 4009 mittatur.
1130 3946 1209 4010 Siue
1227 3954 1339 4009 autem
1359 3942 1441 4007 arcti-

306 4050 415 4127 naria‚
444 4051 510 4113 siae
537 4051 685 4133 deleqata
713 4052 870 4135 Episcopi
893 4060 1053 4135 potestate
1073 4052 1263 4133 macedoni,
1293 4054 1386 4118 ilium
1410 4057 1439 4117 in

304 4156 504 4239 procedendo
519 4158 652 4223 madum
677 4158 854 4237 attenuent,
870 4178 966 4243 quem
981 4161 1183 4244 inquisitores
1194 4171 1331 4242 possunt
1343 4172 1374 4225 et
1390 4161 1437 4224 a·

309 4264 392 4343 tent,
405 4284 467 4347 ρον
479 4269 562 4351 jura
575 4269 760 4331 saramania
775 4268 827 4331 ael
831 4286 891 4351 per
904 4268 1056 4352 speciales
1069 4270 1283 4334 concessiones
1292 4288 1350 4356 sen
1360 4269 1436 4335 uut-
