3050 4984
527 563 601 611 rans
623 564 770 612 amusan.
1153 546 1215 612 ate

79 692 171 761 etium
189 692 228 759 ob
243 694 409 761 occultum
431 691 553 761 crimen
574 704 605 760 et
620 691 872 782 quomodolibet,
890 694 993 760 etium
1014 694 1221 785 extro-jadi-

78 801 210 881 cialiter,
234 809 303 867 tum
330 822 498 869 ascensum
521 798 562 867 ad
583 820 690 868 sacros
707 798 839 868 ordines
858 799 1090 885 interdicendi,
1114 811 1220 871 tuma

78 914 294 998 susceptorum
310 905 476 991 exercitio,
487 912 519 972 et
530 927 550 973 a
560 902 716 994 gradibus
726 913 758 971 et
773 904 985 993 dignitatibus
999 905 1220 977 ecclesiasticis

76 1012 306 1105 suspendendi.

117 1120 156 1187 Et
171 1120 243 1189 haec
254 1128 302 1188 est
314 1142 411 1211 mam
428 1128 545 1189 vocant
561 1120 793 1212 Episcoporum
809 1142 849 1188 ea
862 1121 1043 1212 iasomaota
1059 1122 1218 1191 cumaen-

78 1226 121 1295 tio
135 1226 333 1318 procedendi
350 1233 553 1317 potestatem.

118 1336 190 1425 ipsa
204 1335 300 1402 etiam
314 1356 379 1403 vox
397 1356 437 1401 cu
452 1334 633 1426 informato
648 1335 852 1415 coriscimtio,
867 1336 937 1427 jam
953 1338 1141 1406 auctoritate
1152 1360 1219 1407 non

75 1452 168 1528 caret,
192 1451 302 1533 utpute
322 1466 398 1535 qum
415 1444 450 1511 in
466 1440 574 1512 Sacrae
596 1443 867 1533 Congregationis
884 1444 1019 1513 Concilii
1042 1446 1216 1536 responsis,

74 1547 106 1613 in
121 1548 212 1617 bulla
225 1552 399 1618 Auctorem
407 1548 499 1639 fidei,
513 1548 599 1640 apud
612 1549 823 1619 Benedictum
835 1549 928 1635 XIV,
940 1552 1084 1644 aliosque
1096 1552 1216 1644 passim

74 1654 219 1724 doctores
234 1656 380 1725 adhibita
394 1656 568 1747 reperitur.

115 1762 154 1829 ss.
182 1761 272 1845 Quid
287 1762 425 1855 proprie
443 1761 694 1853 intelliqendum
713 1764 755 1830 sit
771 1786 835 1855 per
855 1786 909 1832 eos
932 1788 1021 1833 uoces
1044 1788 1086 1833 nx
1109 1789 1217 1835 raroa-

73 1892 154 1937 snre
176 1870 567 1939 consummar-1⁰&
586 1891 649 1937 vex
670 1891 736 1937 non
752 1870 913 1961 reperitur
931 1870 1077 1940 adbibita
1096 1872 1216 1964 inipso

72 1984 162 2045 mutu
175 1976 258 2066 legis
265 2003 274 2063 ;
295 1976 330 2044 id
352 1985 400 2045 est
421 1976 455 2043 in
476 1998 573 2068 supra
596 1976 693 2045 citato
716 1978 820 2068 capite
841 1977 928 2045 Cum
943 1978 1117 2061 honestius,
1138 1980 1217 2047 Tri-

72 2082 194 2151 dentini
225 2082 373 2163 concilii;
400 2082 457 2151 sed
482 2083 523 2150 ab
550 2083 736 2151 auctoribus
762 2084 950 2175 frequenter
975 2096 1144 2177 usurpata,
1181 2088 1216 2154 in

71 2190 256 2277 generalem
273 2190 401 2259 tandem
418 2211 528 2277 usum,
544 2198 640 2281 atque
655 2189 690 2256 in
704 2199 890 2258 consuetam
907 2191 1082 2260 formulam
1096 2192 1218 2260 transi-

71 2296 126 2363 vit.
159 2298 241 2365 Eam
270 2307 379 2367 autem
406 2298 575 2366 induxisse
604 2297 757 2367 videntur
790 2298 965 2366 canonista
995 2298 1220 2367 concinnitatis

70 2405 192 2493 gratia;
218 2413 254 2472 ut
273 2426 389 2496 nempe
409 2405 543 2473 brevius
563 2406 788 2497 exprimerent
807 2428 882 2475 eum
906 2406 1122 2475 sententiandi
1144 2430 1220 2475 mo—

71 2510 167 2597 dum,
188 2511 224 2579 in
244 2534 310 2603 quo
333 2512 529 2603 Episcopus,
554 2512 645 2579 nullo
670 2512 841 2602 praemisso
863 2513 1032 2581 ordinario
1054 2535 1217 2604 processu,

69 2617 158 2685 nulla
182 2618 325 2710 juridica
348 2617 595 2703 informatione,
621 2619 813 2686 sententiam
838 2619 1027 2711 pronuntiat
1051 2641 1093 2687 ex
1115 2620 1221 2688 causis

69 2721 129 2791 sibi
145 2726 246 2793 notis.
264 2723 360 2793 Unde
376 2724 440 2793 illae
456 2747 564 2809 voces,
579 2747 618 2793 ea
633 2724 815 2815 informata
831 2726 1037 2805 conscicntia,
1055 2726 1220 2817 praecipue

68 2838 184 2899 sonant
205 2829 287 2899 ferri
309 2830 518 2915 sententiam,
543 2851 608 2897 non
629 2830 663 2897 in
684 2830 750 2897 vim
773 2830 871 2900 ullius
891 2831 1041 2921 juridicus
1062 2831 1220 2899 informa·

69 2938 176 3023 tionis,
209 2936 383 3028 juridicive
407 2958 592 3027 processus,
616 2935 672 3005 sed
697 2936 868 3005 dumtaxat
892 2960 934 3005 ex
958 2938 1064 3006 causis
1085 2938 1126 3007 ab
1149 2939 1220 3029 ipsa

68 3044 225 3135 Episcopi
240 3042 434 3111 conscientia
450 3044 617 3134 perpensis
641 3052 673 3111 et
689 3043 839 3132 cognitis.
852 3042 945 3113 ¹Num
961 3052 1069 3112 autem
1089 3066 1137 3112 eae
1157 3068 1220 3113 vo-

67 3174 117 3219 ces
131 3158 322 3243 supponant
339 3151 487 3241 insuper,
505 3149 674 3238 delictum,
689 3150 723 3217 in
739 3149 828 3242 quod
847 3150 1133 3237 animadvertitur,
1149 3174 1219 3220 esse

68 3258 247 3342 occnbum,
261 3258 307 3325 ita
326 3265 363 3325 ut
375 3259 506 3349 proprie
522 3278 588 3325 non
604 3256 730 3325 dicatur
746 3258 877 3348 procedi
892 3280 932 3325 ec
944 3258 1123 3347 informato
1141 3281 1219 3326 con·

66 3365 202 3433 sciurtio
220 3364 284 3432 nisi
301 3372 413 3431 contra
434 3362 559 3431 occulta
574 3364 723 3451 crimina,
742 3385 807 3432 non
823 3372 933 3432 autem
949 3369 1061 3431 contra
1075 3363 1217 3453 publica,

65 3481 112 3539 est
127 3471 285 3562 quaestio,
303 3492 414 3560 quam,
434 3492 492 3561 pro
512 3470 559 3537 rei
575 3470 745 3559 gravitate,
770 3471 904 3538 seorsim
926 3469 1012 3537 inira
1031 3468 1219 3560 expenden-

67 3578 141 3645 dam
156 3576 334 3646 duximus,

109 3690 143 3751 2ο
167 3685 223 3752 Ex
245 3706 284 3751 eo
304 3704 383 3751 vero
403 3682 490 3774 quod
513 3682 641 3751 valeant
662 3682 812 3774 Episcopi
836 3682 957 3774 absque
977 3681 1118 3774 juridico
1143 3704 1220 3772 prc-

66 3818 158 3863 cessu
185 3814 426 3885 nonnunquam
454 3792 678 3884 pronuntiare,
706 3814 771 3860 non
799 3792 948 3883 sequitur
972 3792 1006 3859 id
1033 3814 1088 3861 cos
1112 3814 1218 3882 pesse,

65 3914 244 3996 antequam
279 3901 361 3994 ipsis
405 3910 492 3969 carto
528 3902 595 3989 (seu
627 3923 666 3967 es
705 3898 942 3968 sufficientibus
977 3899 1222 3991 probationibus

66 4018 191 4079 constet
216 4008 257 4074 de
280 4006 395 4076 delicto
416 4006 523 4073 cleriei
544 4014 775 4096 contraquam
796 4005 964 4095 suspensio
985 4027 1026 4072 ex
1047 4004 1222 4074 informata

66 4114 268 4185 conscicntia
297 4112 540 4205 pronuntiatur.
572 4111 728 4204 Sequitur
758 4121 909 4199 unium,
938 4134 1006 4180 non
1034 4112 1157 4203 requiri
1186 4123 1223 4183 ut

67 4225 278 4313 probationes
301 4221 341 4291 de
366 4220 482 4289 delicto
504 4224 568 4289 sint
590 4219 755 4314 juridice,
777 4244 835 4289 seu
854 4221 890 4288 in
906 4220 1049 4311 juridico
1068 4242 1220 4311 processu

67 4333 226 4401 obtentae.
257 4328 352 4399 Unde
386 4338 490 4424 potest
524 4329 656 4437 quidem
686 4327 866 4429 Episcopus
902 4350 943 4396 ex
973 4326 1219 4425 probationibus
