3050 4984
567 504 639 551 rans
663 506 806 551 suerrum.
1192 482 1254 548 161

155 627 236 695 ltem
251 635 391 715 notetur,
407 630 440 695 in
454 627 639 719 hujusmodi
655 627 835 696 levioribus
850 628 955 697 causis
970 650 1034 696 non
1058 628 1155 696 tutari
1172 628 1255 719 Epi-

108 754 242 823 scopum
258 740 369 803 coutra
384 734 602 802 interventum
621 735 875 827 metropolitanae
896 735 1014 818 aurita,
1037 757 1078 803 ex
1094 757 1132 801 eo
1156 734 1252 803 titulo

111 840 198 929 quod
217 864 257 909 ece
272 842 454 933 informata
469 842 661 911 coruncano
683 841 886 931 processerit.
906 840 988 909 Nam
1004 840 1143 931 duplicis
1156 842 1256 909 ‹tum-

111 955 201 1015 taxat
216 950 344 1038 generis
356 951 529 1017 sententias
543 956 646 1041 potest
656 949 834 1039 Episcopus
848 969 889 1016 ee
901 948 1081 1038 informata
1095 950 1258 1017 conscien-

111 1054 171 1137 tia,
188 1076 248 1123 seu
260 1056 293 1123 in
307 1056 375 1123 vim
391 1057 507 1147 capitis
533 1058 618 1127 Cum
633 1056 799 1123 honestius
814 1056 859 1146 (1,
882 1078 960 1123 sess.
983 1057 1034 1146 11)
1052 1056 1254 1124 Tridentinae

111 1162 242 1253 synodi,
261 1164 405 1255 prolerre
422 1192 428 1231 :
440 1164 680 1256 prohibitiones
694 1164 814 1233 scilieet
828 1164 1026 1255 suscipiendi
1040 1186 1148 1232 sacros
1163 1164 1255 1231 ordi-

111 1290 181 1356 nes,
197 1279 230 1338 et
245 1272 465 1361 suspensiones
479 1294 497 1339 a
512 1272 667 1363 susceptis
681 1272 796 1339 iisdem
808 1270 978 1339 ordinibus
996 1299 1002 1338 :
1019 1271 1257 1361 aquibuaqui-

111 1375 184 1445 dem
201 1378 475 1469 prohibitionibus
490 1386 521 1447 et
537 1378 804 1469 suspensionibus
828 1400 894 1446 non
915 1377 1011 1446 datur
1026 1378 1198 1469 appellatio
1213 1377 1255 1445 ad

111 1482 408 1575 Metropolitanum,
424 1485 478 1553 sed
494 1507 645 1554 recursus
657 1485 828 1553 dumtaxat
842 1484 883 1553 ad
894 1484 1011 1554 Sedem
1022 1484 1252 1575 apostolicam.

112 1588 173 1659 Sed
188 1590 351 1681 ejusmodi
368 1593 604 1683 prohibitiones
619 1599 650 1660 et
666 1592 894 1683 suspensiones
905 1590 945 1661 de
958 1592 1161 1681 gravissimis
1175 1614 1255 1659 cau-

112 1696 153 1763 sis
168 1708 258 1785 sunt,
277 1721 341 1767 non
356 1698 396 1767 de
412 1698 599 1767 levioribus.
617 1699 710 1769 Unde
726 1709 873 1767 remanet
887 1700 921 1767 in
935 1698 1112 1766 levioribus
1131 1700 1252 1783 causis,

111 1824 175 1871 uon
196 1822 289 1894 posse
304 1805 500 1897 Episcopum
516 1826 678 1896 opponere
695 1805 953 1896 metropolitane
966 1806 1081 1892 cunae,
1098 1806 1138 1871 ad
1154 1826 1253 1897 quam

111 1910 307 2002 appellatum
322 1920 382 1999 est,
399 1912 692 2004 incompetentiam.

153 2016 240 2085 llum
264 2026 372 2085 autem
396 2018 540 2085 diximus
563 2018 810 2109 appellationem
828 2020 862 2085 in
875 2020 981 2087 causis
996 2019 1175 2087 levioribus
1194 2020 1254 2087 ha-

111 2124 184 2192 bere
211 2124 361 2193 ellectum
392 2126 630 2217 suspensivum,
659 2126 845 2194 addidimus
875 2128 1091 2215 reputantem
1120 2150 1195 2193 narn
1225 2128 1252 2194 si

110 2230 191 2298 torte
218 2230 398 2322 Episcopus
414 2233 604 2323 processerit
628 2233 664 2299 in
685 2234 947 2312 visitationem}
972 2256 1032 2325 pro
1060 2235 1254 2303 correctione

111 2360 253 2419 mmam,
282 2338 510 2407 inconcussum
535 2349 680 2407 remanet
696 2338 783 2430 qnod
799 2361 898 2430 supra
921 2340 1152 2424 stabilissimum
1177 2349 1253 2407 tunc

110 2444 228 2513 scilieet
255 2446 325 2513 dari
340 2447 589 2537 appellationem
605 2447 775 2515 dumtaxat
789 2446 829 2513 ad
846 2447 995 2514 effectum
1011 2447 1250 2533 devolutivum,

113 2572 174 2618 non
190 2560 300 2621 autem
313 2554 353 2621 ad
372 2554 612 2645 suspensivum.

34 2648 35 2651 ¹
152 2656 296 2737 Qunsrro
312 2662 380 2727 111.
398 2698 443 2711 -
457 2662 506 2727 hu
528 2659 625 2728 detur
637 2659 818 2751 appellatio
840 2682 862 2726 a
877 2661 1036 2727 sententia
1052 2661 1180 2749 judicis
1195 2662 1252 2730 de-

111 2765 219 2855 1191111,
248 2767 302 2834 eui
323 2790 422 2835 causa
438 2768 610 2835 commisso
632 2780 677 2835 est
704 2790 781 2835 cum
796 2768 960 2849 clausula,
991 2770 1084 2835 omni
1102 2771 1215 2861 appell
1237 2808 1251 2821 ·

111 2872 195 2941 tione
216 2878 369 2941 remota?
389 2874 625 2964 -Contingit
651 2873 827 2941 identidem
855 2882 890 2942 ut
915 2874 1076 2943 Summus
1099 2875 1251 2945 Pontifex

111 3000 238 3047 eausam
254 2979 466 3071 judicandam
485 2980 581 3049 alicui
597 2980 792 3065 committat,
810 2980 1012 3048 decernendo
1031 2982 1142 3066 simul,
1160 2990 1197 3050 ut
1211 2983 1252 3049 ab

111 3083 210 3173 ipsius
231 3086 387 3154 sententia
410 3087 501 3155 nulla
521 3086 617 3155 detur
639 3086 831 3179 appellati03
850 3108 910 3177 pro
936 3109 1002 3179 quo
1029 3090 1148 3179 apponi
1172 3090 1252 3157 solet

111 3190 253 3261 clausula
279 3194 372 3261 omni
397 3194 618 3286 appellatione
640 3205 778 3261 remota.
804 3194 908 3276 Quam
935 3202 1044 3261 tamen
1070 3196 1250 3265 clausulam

112 3298 217 3367 nullus
234 3306 353 3391 praeter
371 3300 493 3392 Papam
514 3300 707 3369 Ordinarins
721 3300 754 3367 in
772 3299 950 3389 delegando
965 3300 1120 3369 adbibere
1134 3311 1248 3393 potest,

112 3427 183 3473 cunr
198 3406 241 3475 ad
256 3407 317 3475 hoc
329 3407 513 3499 requiratur
522 3416 675 3499 potestas,
692 3408 1154 3500 ipsislegibusuniversalibus
1165 3412 1250 3501 (quae

113 3512 356 3601 appellationem
372 3513 564 3605 concedunt)
583 3515 741 3605 superior.
760 3514 908 3595 Quaestio
922 3536 1000 3604 ergo
1012 3525 1070 3600 est,
1090 3516 1253 3605 quandoa

113 3616 197 3709 Papa
209 3620 306 3689 alicui
323 3623 498 3691 commissa
522 3631 570 3689 ost
584 3644 691 3691 causae
711 3622 856 3691 definitio
874 3644 949 3690 cum
970 3622 1134 3690 additione
1156 3622 1251 3690 dictae

113 3725 275 3815 clausula,
293 3750 348 3815 an,
367 3750 430 3797 non
445 3730 591 3797 obstante
605 3729 663 3797 hac
679 3728 837 3815 clausula,
851 3730 951 3819 possit
959 3730 1066 3799 adhuc
1080 3729 1252 3821 appellatio

114 3833 258 3927 interjici.

158 3945 189 4009 1ο
202 3944 293 4013 Dicta
307 3944 451 4013 clausula
475 3966 540 4012 uon
564 3944 703 4035 impedit
726 3944 976 4036 appellationem
990 3945 1024 4010 in
1047 3944 1088 4011 iis
1108 3946 1248 4031 casibus,

115 4072 170 4141 pro
185 4052 304 4143 quibus
318 4052 492 4144 appellatio
507 4074 652 4144 expresse
667 4052 701 4120 iu
715 4053 790 4144 jure
804 4051 1017 4144 permittitur.
1038 4053 1086 4119 lta
1106 4052 1252 4120 doctores

114 4159 308 4227 unanimiter
337 4188 345 4227 ε
371 4168 402 4228 11
428 4166 550 4229 constat
572 4184 613 4229 ex
641 4159 793 4228 decretali
819 4160 998 4227 Paroraia
1024 4162 1094 4249 (53,
1117 4161 1167 4226 111.
1195 4164 1251 4244 21,

114 4264 166 4332 lib.
185 4265 357 4357 2Decret.)
379 4268 556 4337 innocentii
577 4268 633 4337 lll.
647 4269 730 4341 Cum
746 4269 870 4337 enims
887 4266 973 4337 dioto
994 4264 1146 4335 Pontifice
1162 4289 1254 4359 quee-
