3050 4984
542 530 616 581 rius
642 531 792 581 arumna.
1173 508 1233 575 tlt

19 683 20 750 p
99 651 296 723 subsectione
309 654 424 745 1,cap.
441 658 474 739 3,
487 654 509 746 ξ
524 659 557 741 2,
573 680 608 724 n.
621 657 667 745 2),
685 666 798 725 utrum
814 652 854 723 ad
871 647 1114 746 procedendum
1129 658 1242 719 contra

19 757 20 824 l
99 784 190 830 reum
205 762 347 831 sufficiat
362 763 576 849 denuntiatio,
592 786 636 832 an
649 786 728 833 vcro
742 764 929 855 requiratur
944 760 1044 829 simul
1061 761 1186 851 pravis
1201 760 1241 829 da

19 879 20 952 ᾗ
99 868 236 937 crimine
250 868 350 938 lama.

141 976 195 1044 lll.
214 978 252 1045 Si
266 977 460 1068 procedatur
471 1001 530 1071 per
545 1001 673 1047 meam
687 977 904 1071 acquisitionis
920 977 1020 1057 ciam,
1040 974 1076 1044 id
1092 984 1151 1061 est,
1168 975 1243 1043 abs-

19 1105 20 1108 *
99 1105 160 1173 que
185 1083 255 1151 ullo
276 1096 462 1153 accusatore
488 1094 545 1155 aut
570 1085 818 1169 denuntiatore,
847 1094 924 1152 tunc
953 1083 1089 1152 omnino
1116 1103 1244 1151 necesse

19 1207 20 1244 ³
100 1199 145 1257 est
162 1193 364 1280 praecessisse
382 1192 548 1283 publicam
563 1192 604 1261 de
624 1192 761 1261 crimine
779 1192 915 1260 famam.
935 1189 1070 1259 Debebit
1091 1211 1169 1279 ergo
1184 1188 1243 1281 ju-

19 1315 20 1324 *
100 1298 159 1364 dex
181 1306 256 1365 aute
278 1298 391 1367 omnia
413 1321 603 1390 processum
628 1300 799 1368 instituere
822 1300 863 1367 dc
888 1298 958 1390 ipsa
981 1298 1066 1365 fama
1089 1295 1240 1387 publica,

100 1404 131 1469 in
145 1404 235 1471 bunc
248 1404 370 1473 scilicet
382 1406 496 1489 linem,
512 1415 549 1474 ut
563 1406 627 1498 ipsi
639 1406 840 1499 judicialiter
852 1412 988 1488 constet,
1002 1412 1115 1473 ulrum
1128 1424 1245 1471 revera

99 1511 214 1578 existat
239 1510 329 1580 fama
354 1512 422 1581 bac
446 1536 557 1582 necue.
583 1513 696 1581 Prima
720 1510 857 1603 proinde
880 1512 1023 1603 operatio
1047 1511 1109 1578 erit
1129 1518 1243 1596 testes,

100 1616 137 1684 de
153 1616 215 1684 boc
229 1618 300 1710 ipso
313 1620 576 1711 interrogandos,
593 1620 696 1687 citare
711 1626 743 1688 el
756 1619 959 1687 examinare.
979 1619 1062 1685 Cum
1080 1624 1190 1684 autem
1204 1614 1244 1683 de

19 1807 20 1822 χ
100 1724 181 1791 lacto
204 1726 278 1815 ipso
298 1725 395 1793 iamae
420 1712 560 1818 publicae
587 1725 789 1809 constiterit,
817 1734 895 1793 tunc
922 1732 1049 1791 tantum
1079 1722 1243 1791 decretum

19 1915 20 1918 Ἴ
98 1835 222 1901 emittet
246 1834 288 1902 de
311 1834 449 1903 rdterins
473 1844 587 1904 contra
613 1834 817 1902 diffamatum
844 1832 1059 1923 procedendo.
1089 1830 1185 1899 Unde
1210 1832 1243 1899 in

100 1939 157 2007 bac
176 1941 371 2031 procedendi
388 1942 454 2028 via,
477 1964 543 2010 non
566 1942 722 2033 incipitur
742 1962 801 2032 per
822 1939 924 2007 ullam
947 1938 1046 2006 libelli
1068 1938 1245 2029 porrectio-

100 2070 189 2115 nem.
746 2066 749 2071 ’

141 2156 200 2224 lv.
223 2156 363 2238 Quando
386 2180 445 2249 per
465 2158 556 2225 ciam
576 2155 773 2246 exceptionis
794 2152 980 2245 proceditur
1001 2153 1106 2243 (verbi
1121 2154 1246 2242 gratia,

99 2266 231 2351 quando
252 2265 328 2354 quis
348 2266 474 2333 crimen
495 2264 606 2356 objicit
627 2274 740 2331 contra
761 2259 1020 2353 promovendum
1042 2262 1080 2327 ad
1103 2260 1245 2351 aliquam

99 2368 312 2456 dignitatem,
335 2379 371 2437 ut
390 2370 555 2459 promotio
573 2367 790 2460 impediatur;
816 2367 866 2434 val
887 2372 999 2433 contra
1022 2374 1147 2449 testem,
1171 2374 1206 2433 ut
1229 2388 1248 2432 a

101 2474 303 2543 testificando
331 2478 569 2566 removeatur),
599 2484 675 2542 tunc
703 2473 798 2541 debet
821 2473 888 2563 ipse
913 2472 1078 2563 excipiens
1101 2470 1247 2539 libellum

100 2582 338 2650 accusatorium
367 2582 407 2650 de
435 2582 496 2650 boc
522 2579 660 2650 crimine
686 2580 791 2672 judici
818 2579 984 2647 exhibere.
1015 2578 1098 2645 Cum
1128 2578 1249 2645 scilicet

102 2689 171 2756 baec
187 2688 383 2780 procedendi
399 2690 497 2757 visin
509 2688 742 2757 accusatoriam
754 2686 921 2771 reincidat,
935 2686 1047 2755 codem
1064 2684 1158 2752 modo
1172 2708 1248 2777 pro·

102 2818 211 2863 cessus
225 2796 458 2865 introducitur.

19 2984 20 2988 Ἰ
144 2904 196 2971 Ex
212 2903 320 2990 dictis,
334 2912 420 2994 patet
429 2902 531 2971 libelli
542 2904 780 2994 porrectionem
791 2925 860 2971 esse
872 2902 1012 2993 primam
1025 2901 1248 2993 operationem

103 3011 235 3100 quando
247 3011 436 3101 proceditur
447 3011 516 3079 sive
531 3032 590 3101 per
603 3012 693 3078 viam
705 3010 932 3095 accusationis,
943 3011 1011 3076 aive
1022 3032 1080 3100 per
1093 3010 1178 3077 viam
1193 3009 1251 3077 de·

104 3118 332 3204 nuntiationis,
349 3118 420 3186 sive
435 3139 493 3209 per
509 3120 597 3185 viam
612 3116 827 3207 exceptionis3
845 3138 911 3184 non
926 3138 1003 3187 vero
1020 3118 1048 3183 si
1059 3116 1251 3207 procedere-

105 3234 156 3293 tur
171 3248 231 3315 per
249 3224 495 3316 inquisitionem
514 3248 554 3292 er
570 3247 660 3292 mero
668 3224 797 3315 judicis
812 3225 928 3315 officio.
951 3222 1015 3291 Sed
1032 3225 1065 3291 in
1081 3225 1176 3314 praxi
1190 3223 1252 3292 hoc

106 3331 220 3401 ultimo
237 3332 334 3401 modo
350 3331 418 3401 fere
433 3355 604 3424 nunquam
621 3331 819 3422 proceditur,
840 3332 917 3422 quia
932 3331 1099 3399 deficiente
1118 3332 1251 3398 denun-

106 3438 220 3507 tiatore
240 3439 384 3530 privato,
408 3449 576 3531 promotor
596 3437 715 3506 fiscalis
733 3436 886 3530 supplere
905 3437 1003 3523 solet,
1025 3446 1056 3505 et
1077 3446 1153 3505 tunc
1168 3439 1250 3529 ipse,

107 3544 175 3614 lisci
189 3547 336 3633 nomine,
352 3545 501 3614 libellum
517 3545 797 3614 denuntiatorium
813 3546 978 3636 componit
991 3554 1023 3611 et
1034 3546 1138 3635 judici
1154 3545 1252 3613 exhi·

105 3654 169 3722 bet.
185 3656 235 3723 Ita
245 3663 294 3741 ut,
309 3654 438 3745 praxim
449 3653 663 3746 respiciendo,
677 3652 873 3741 generaliter
887 3652 953 3719 dici
965 3652 1065 3742 possit
1078 3674 1135 3741 per
1148 3651 1251 3721 libelli

106 3762 296 3830 accusatorii
320 3760 372 3828 vel
389 3760 620 3829 denuntiatorii
643 3759 840 3828 oblationem
862 3758 1026 3825 introduci
1047 3758 1251 3827 criminalem

107 3869 287 3958 quemlibet
301 3889 503 3960 processum.

149 3977 236 4044 Hine
250 3998 360 4065 operm
373 3976 528 4066 pretium,
544 3973 624 4065 quid
635 3974 691 4065 jus
704 3975 903 4042 canonicum
914 3977 954 4043 de
964 3973 1124 4064 ejusmodi
1135 3972 1253 4042 libellis

109 4085 270 4171 statuerit,
284 4084 433 4175 apprime
449 4082 649 4171 dignoscere.
