3050 4984
542 534 614 577 raas
644 532 789 578 secunus.
1170 512 1230 577 159

95 679 112 717 ι
134 652 301 743 simplices
325 652 492 723 citationes
517 652 662 744 perimit,
689 661 721 721 et
747 652 836 720 citati
864 651 1165 741 tergiversationem
1188 655 1233 722 ita

96 786 113 823 ι
135 758 293 846 excludit,
309 760 395 829 utin
408 760 464 852 jus
478 767 644 848 vocatum,
665 760 694 828 ai
706 758 871 851 praefinita
886 759 938 827 die
953 780 1019 827 non
1035 781 1232 851 comparue-

96 894 113 931 ιι
136 866 192 951 rit,
206 877 433 935 contumacem
448 866 633 949 constituat,
650 866 780 935 etiamsi
797 864 962 933 nullaalia
972 865 1081 937 citatio
1093 865 1235 958 simplex

97 996 116 1038 ιι
138 972 352 1063 praecesserit.
375 998 392 1036 ιι
414 970 731 1064 (Scbmalzgrucbcr,
752 972 786 1040 in
802 972 853 1040 tit.
877 974 910 1059 3,
933 970 1008 1039 libri
1023 974 1043 1039 2
1058 972 1233 1061 Decretal.,

94 1078 304 1169 §2,n.16.)

137 1184 335 1255 Adhibenda
356 1209 423 1258 non
447 1196 495 1255 est
512 1186 620 1255 citatio
639 1185 797 1269 edictalis,
818 1182 949 1277 qnando
968 1193 1073 1276 potest
1093 1186 1233 1254 verbalis

95 1294 178 1363 lieri.
206 1292 248 1361 Et
273 1292 346 1361 ideo
368 1302 545 1385 antequam
565 1293 770 1378 decernatur,
793 1291 923 1385 expedit
948 1300 984 1359 nt
1013 1292 1115 1384 judex
1140 1315 1236 1362 sum-

95 1401 236 1471 marium
265 1400 532 1470 informationem
559 1400 720 1489 instituat,
752 1422 792 1469 ex
820 1422 884 1491 qua
908 1408 1031 1469 constet
1051 1401 1090 1467 de
1118 1401 1235 1469 morali

94 1508 356 1601 impossibilitate
368 1507 510 1575 adeundi
531 1529 704 1598 personam
719 1506 823 1599 ipsam
839 1506 892 1575 vel
905 1506 1042 1576 domum
1059 1508 1117 1577 rei.
1139 1508 1235 1600 (Vide

94 1614 401 1704 Schmalzgrncber,
416 1613 512 1681 citato
525 1613 620 1703 loco.)

136 1720 281 1802 ansno
300 1722 346 1786 3‘.
375 1757 421 1771 -
446 1716 537 1802 Quid
556 1718 745 1811 requiratur
767 1718 975 1789 incitatione
995 1723 1233 1813 peremptoria,

94 1825 207 1917 quood
223 1848 400 1895 numerum
419 1826 618 1895 ειίαιίοιιιιηι
638 1838 670 1895 ct
693 1824 805 1918 quoad
829 1826 1007 1894 terminum
1033 1826 1134 1896 citato
1155 1830 1236 1897 assi-

93 1933 286 2025 quondum?
296 1972 342 1985 -
358 1937 389 2001 1.
407 1932 520 2015 Quoad
536 1955 715 2002 numerum
734 1932 957 2002 faciendarum
972 1934 1174 2023 citationum,
1190 1938 1236 2004 sie

94 2041 290 2133 dispositum
306 2040 467 2133 reperitur
486 2040 522 2108 in
535 2038 737 2109 Justiuianeo
754 2039 829 2131 jure
848 2066 857 2107 z
876 2064 892 2103 ιι
909 2038 961 2106 Ad
977 2043 1235 2132 peremptorium

97 2176 114 2213 ι
137 2148 284 2219 edictum
292 2147 476 2217 hocordine
485 2148 628 2235 venitur,
637 2146 873 2239 utprimoquis
881 2154 967 2236 petat
975 2156 1047 2239 post
1055 2149 1235 2220 absentiam

96 2284 113 2321 ι
136 2256 318 2325 adversarii
332 2256 475 2324 edictum
488 2255 636 2346 primum
654 2282 663 2321 ε
681 2276 759 2323 mox
775 2253 916 2322 alterum
931 2276 1010 2345 :per
1025 2256 1236 2326 intervallum

97 2391 113 2429 ιι
137 2386 207 2433 non
233 2364 346 2431 minus
366 2363 478 2431 decem
505 2360 635 2430 dicrum
651 2388 659 2429 ι
678 2370 710 2429 et
730 2360 876 2428 tertium.
901 2361 1027 2443 Quibus
1048 2365 1234 2453 propositis,

96 2496 113 2533 ιι
136 2480 217 2538 tunc
226 2469 488 2561 peremptorium
500 2468 662 2558 impetret.
677 2464 773 2548 Quod
788 2464 864 2533 inde
874 2463 936 2534 hoc
951 2488 1070 2534 nomen
1084 2470 1236 2560 sumpsit,

96 2602 113 2639 ι
136 2574 229 2669 quod
254 2577 428 2666 perimeret
456 2574 733 2665 disceptationem,
767 2572 828 2640 hoc
857 2580 917 2659 est,
943 2573 1029 2641 ultra
1058 2597 1123 2642 non
1148 2584 1239 2667 pate—

12 2685 13 2728 t
96 2710 113 2747 ι
137 2692 232 2753 retur
246 2681 472 2751 adversarium
489 2680 710 2770 tergiversari.
734 2706 750 2744 ιι
775 2679 855 2771 (Lex
873 2683 926 2765 68,
954 2683 994 2747 69
1017 2689 1048 2747 et
1071 2685 1125 2767 70,
1152 2683 1240 2751 tituli

92 2791 133 2858 de
146 2789 286 2859 Iudiciis
303 2794 335 2876 l,
350 2788 427 2856 libri
444 2793 461 2855 5
478 2784 740 2875 Pandectarum.)
758 2785 1036 2877 «Nonnunquam
1051 2797 1161 2857 autem
1177 2788 1239 2859 hoe

96 2924 113 2961 ι
135 2897 284 2965 edietum
301 2898 427 2987 (nempe
438 2891 709 2985 peremptorium)
732 2901 806 2983 post
821 2900 868 2960 tot
887 2914 1026 2962 numero
1041 2894 1146 2963 edicta
1160 2920 1235 2986 quae

95 3032 113 3070 a
137 3003 368 3096 praecesserint
389 3001 509 3069 datur:
528 3020 765 3091 nonnunquam
786 3007 859 3089 post
877 3022 981 3067 unum
1002 3001 1052 3068 vcl
1070 3001 1234 3071 alterum:

95 3138 112 3176 ιι
136 3132 378 3202 nonnunquam
393 3109 518 3194 statim5
535 3106 622 3198 quod
643 3105 825 3197 appellatur
843 3128 948 3174 unum
971 3130 1030 3198 pro
1046 3109 1200 3179 omnibns
1217 3138 1233 3175 ιι

94 3220 208 3309 (citato
222 3218 293 3286 locu
307 3216 559 3301 Pandectarnm,
569 3212 641 3302 lege
657 3212 726 3303 72).
742 3211 1032 3281 «Consentaneum
1041 3215 1110 3305 juri
1122 3216 1183 3285 luit

95 3352 114 3392 ιι
135 3322 329 3394 edversario
344 3330 400 3391 tuo
416 3322 518 3389 ternis
536 3320 666 3403 litteris,
684 3318 736 3387 vel
751 3340 818 3387 uno
835 3341 896 3410 pro
910 3320 1064 3387 omnibus
1079 3344 1236 3416 percmp-

95 3459 113 3497 ι
137 3433 225 3501 torio
249 3430 366 3518 edicto,
394 3438 432 3497 ut
457 3428 662 3519 praesentiam
684 3427 736 3493 aui
764 3426 883 3493 laceret
910 3430 1180 3518 commonefacto,
1208 3434 1238 3501 si

94 3568 113 3605 ι
137 3540 177 3608 in
190 3538 307 3607 eadem
327 3535 531 3605 contumacia
549 3533 817 3624 perseveraverit,
841 3533 1009 3623 praesentis
1028 3534 1236 3627 allegationes

95 3674 114 3711 ιι
136 3647 269 3716 audire.
286 3671 304 3710 ιι
322 3644 402 3735 (lex
416 3644 448 3729 8,
465 3641 551 3709 tituli
568 3644 622 3722 43,
639 3639 715 3707 libri
729 3642 747 3704 7
763 3639 916 3729 Codicis.)
932 3639 1021 3707 Nihil
1033 3646 1233 3713 eontrarium

91 3755 277 3824 decernunt
306 3752 389 3819 sacri
415 3770 565 3835 canones,
594 3745 650 3814 aed
674 3745 714 3813 de
739 3744 800 3812 hee
825 3767 860 3821 re
889 3745 996 3833 silent,
1026 3748 1111 3818 unde
1138 3752 1237 3820 modo

12 3893 13 3898 ¹
91 3861 286 3953 expositum
298 3856 537 3928 Jmtinianenm
549 3853 604 3945 jus
617 3850 816 3920 censendum
829 3860 876 3919 cst
887 3852 986 3920 etiam
1000 3854 1034 3921 in
1050 3855 1121 3925 loro
1134 3858 1236 3925 eecle-

90 3969 224 4037 siastico
239 3966 362 4055 vigere.
382 3962 554 4032 Recitatis
573 3969 682 4028 entem
699 3958 854 4046 textibus,
876 3968 961 4050 putet
982 3962 1129 4031 adhiberi
1143 3988 1236 4055 posse

92 4074 427 4157 trinamcitationem,
441 4080 473 4138 et
486 4091 579 4160 posse
591 4068 688 4135 etiarn
698 4065 846 4133 adhiberi
856 4066 1001 4155 unicam,
1013 4069 1108 4138 modo
1121 4074 1237 4165 capri·-

93 4190 209 4251 matnr
220 4203 296 4249 cam
309 4200 379 4247 asse
390 4174 657 4267 peremptoriam,
671 4194 731 4239 scu
746 4193 849 4239 unum
861 4196 924 4263 pro
939 4176 1100 4244 omnibus.

140 4296 176 4360 2.
208 4287 322 4371 Quoad
352 4284 509 4376 temporis
537 4278 747 4349 intervallum
779 4279 873 4345 citato
906 4281 1161 4378 concedendum,
1194 4314 1235 4359 ex
