3050 4984
329 509 392 576 itt
702 531 880 578 messws
902 531 941 578 os
962 529 1097 578 sumens

326 650 420 729 cujus
441 650 516 712 vite
537 649 700 726 bonestas,
722 669 853 714 morum
869 649 1031 732 probitas,
1050 648 1146 729 ficies,
1167 647 1357 729 cliliperstio,
1375 647 1456 710 bobi-

327 755 421 832 titos,
446 754 584 837 aliaeque
608 757 783 838 munitates
803 756 897 840 apud
914 757 981 822 Nos
1004 753 1180 838 multiplici
1200 753 1458 818 womercdonsr

327 863 517 925 testimonio.
549 863 744 946 Quaproper
776 865 910 927 itionem
939 863 1077 938 intuitu,
1106 871 1214 926 tenore
1238 861 1458 942 praesentium,

324 970 516 1032 auctoritate
537 977 650 1032 nostro
670 969 861 1046 ordinario,
884 977 915 1033 ct
934 971 1026 1032 omni
1045 968 1113 1032 olio
1135 967 1267 1032 nseliori
1287 967 1386 1030 modo
1405 985 1459 1048 quo

322 1094 506 1157 possumus,
525 1076 566 1140 Tc
580 1077 615 1138 in
628 1085 776 1140 nostrum
792 1076 1035 1142 cornelianum
1049 1075 1199 1157 clipimus
1215 1084 1246 1138 et
1258 1073 1460 1158 deputemus,

323 1202 399 1247 cnm
416 1182 573 1264 facultate
593 1184 746 1247 uniuerso
768 1191 799 1247 et
817 1183 949 1264 sinpulo
968 1181 1091 1264 opendi
1109 1191 1140 1246 et
1158 1181 1321 1262 faciendi,
1347 1191 1416 1244 tom
1433 1183 1461 1242 in

325 1309 401 1354 uoce
418 1309 520 1372 qstom
540 1291 575 1352 in
593 1291 734 1372 scriptis,
753 1309 827 1371 quo»
849 1308 960 1371 perere
978 1298 1010 1352 et
1027 1290 1135 1369 secere
1149 1295 1289 1372 possunt
1302 1297 1334 1350 et
1356 1288 1462 1350 debent

325 1395 521 1460 Concellorii
545 1397 757 1478 episcopalem
790 1397 836 1459 ito
864 1405 903 1458 ut
929 1397 993 1459 tuis
1019 1397 1205 1477 scripturis,
1235 1403 1305 1458 tom
1331 1394 1462 1476 publicis

323 1521 426 1585 quom
436 1503 589 1586 privetis,
611 1501 751 1566 durante
770 1503 883 1584 officio,
904 1504 1010 1565 omnis
1027 1501 1107 1580 fides
1127 1503 1161 1564 in
1180 1501 1311 1584 judicio
1325 1509 1360 1564 et
1377 1509 1461 1563 estro

324 1607 528 1672 adhibeatur.
546 1615 592 1674 Ac
607 1609 739 1691 iruuper
752 1629 828 1673 eum
842 1610 991 1672 onenibus
1005 1608 1182 1690 etsinpulis
1196 1608 1460 1689 exemptionibus,

319 1715 518 1800 privilepiis,
545 1715 719 1780 honoribus
742 1725 774 1779 et
798 1717 1039 1792 emolumentis,
1068 1715 1204 1798 quibus,
1231 1724 1300 1778 tom
1323 1715 1365 1778 de
1389 1719 1460 1796 jure

322 1841 424 1906 quom
446 1824 487 1886 dc
508 1823 748 1900 cornuetudine,
770 1824 876 1886 nostri
898 1823 1098 1888 Concellorii
1120 1823 1180 1900 uti,
1202 1822 1285 1902 frui,
1307 1823 1414 1903 potiri
1436 1829 1462 1882 et

321 1930 464 2011 paudere
477 1930 579 1994 solent
594 1938 626 1992 et
645 1929 774 2002 debent‚·
796 1929 989 1992 nsondontes
1007 1929 1158 1993 omnibus
1177 1937 1297 1992 nostru
1310 1921 1461 2010 jurisdic-
1500 1945 1501 2024 ᾗ

323 2039 406 2100 tioni
427 2038 593 2118 subjectis,
619 2037 806 2119 ceterisque
831 2037 878 2100 ccl
897 2055 979 2120 quos
1000 2038 1157 2118 pertinet,
1181 2043 1219 2098 ut
1244 2034 1286 2100 Ye
1310 2035 1348 2098 in
1371 2035 1462 2098 talem

322 2153 500 2226 opnoseont
517 2153 548 2208 ct
570 2147 747 2228 recipiunt,
772 2144 832 2208 sub
854 2145 959 2227 poenis
982 2151 1092 2206 nostro
1119 2142 1256 2206 arbitrio
1278 2159 1343 2223 pro
1371 2141 1461 2204 modo

320 2251 423 2334 culpe
446 2249 640 2333 inflipendis.
667 2251 881 2316 Prusentibus
905 2250 952 2314 ad
975 2257 1122 2314 nostrum
1149 2247 1388 2331 beneplacitum
1409 2267 1461 2310 co·
1500 2269 1501 2340 ᾗ

320 2358 437 2421 lituris.
464 2359 504 2422 tn
530 2375 671 2438 quornm
696 2357 807 2436 fidem,
833 2365 891 2420 etc.
922 2357 1055 2433 Datum,
1086 2364 1144 2418 etc.
1174 2389 1213 2402 —
1240 2355 1296 2432 N·‚
1328 2354 1460 2436 Ettt'sco-

320 2483 383 2548 pus
393 2463 881 2544 N.o-Etponatursigillum
895 2467 1050 2526 consueto
1065 2461 1143 2525 loco.

364 2597 556 2666 Curandum
564 2606 600 2664 ut
609 2596 775 2688 preedictae
785 2597 900 2664 litterae
911 2603 1055 2687 patentes
1066 2593 1262 2685 Episcopiin
1272 2594 1460 2662 cancellatis

318 2704 533 2794 registi-entur
547 2702 592 2770 sic
607 2701 739 2771 adnotat
755 2701 952 2770 Monacellus
966 2728 974 2768 ε
989 2739 1034 2752 -
1048 2727 1065 2765 «
1077 2699 1267 2768 Provisione
1281 2699 1459 2767 esneellsn'i

323 2835 340 2875 c
363 2832 421 2902 per
437 2809 635 2901 Episcopum
651 2808 748 2892 iusta,
766 2808 884 2877 debent
899 2808 1016 2876 litterae
1030 2813 1176 2896 petentes
1193 2806 1228 2872 in
1243 2807 1323 2874 sctis
1339 2806 1459 2873 canoel-

323 2917 455 2986 «lsriae
481 2939 539 3007 per
566 2915 777 2984 secretarium
804 2913 952 3006 Episcopi
978 2913 1158 3002 registrari,
1179 2935 1221 2979 ne
1247 2934 1399 3003 unquam
1424 2912 1458 2978 ds
1500 2927 1501 2950 ³

324 3051 341 3090 e
364 3024 529 3093 validitate
555 3031 723 3114 gestorum
748 3023 930 3091 cancellarii
952 3021 1043 3090 electi
1062 3020 1168 3088 valeat
1186 3018 1352 3097 dubitari3
1372 3019 1457 3087 mul·
1500 3035 1501 3068 ἐ

320 3156 337 3195 α
360 3139 497 3222 tumque
510 3129 642 3197 interest
662 3137 699 3197 ut
716 3127 757 3196 de
772 3127 979 3220 deputatione
992 3134 1116 3194 oonstet
1132 3147 1173 3192 ex
1193 3124 1273 3216 ipsis
1286 3125 1370 3194 cotis
1386 3145 1456 3192 con·

318 3235 469 3306 celleriae.
488 3234 707 3328 »iMonacelli‚
722 3235 793 3304 loco
809 3235 919 3319 citato,
935 3233 1047 3302 adnot.
1067 3232 1112 3322 t.)

864 3475 904 3542 11.

360 3673 504 3720 sonitum
522 3670 692 3718 sussum!
715 3667 887 3714 esttststtnt
906 3668 926 3712 Α
945 3665 1151 3712 concupitum
1174 3665 1229 3710 SEU
1249 3665 1413 3712 spissius.

355 3881 371 3916 o
392 3857 464 3938 Epo
486 3855 542 3932 Ν.,
564 3853 663 3918 curin
684 3851 873 3934 episcopalis
895 3851 950 3927 Ν.,
977 3848 1200 3916 Concellorius
1222 3848 1360 3926 electus,
1381 3866 1451 3929 pro-

314 3966 420 4040 mitto,
442 3961 582 4043 spondeo
603 3966 634 4022 et
646 3961 739 4038 iuro,
760 3975 812 4020 me
831 3955 981 4038 officium,
1003 3955 1093 4038 quod
1110 3957 1247 4038 suscepi,
1267 3955 1406 4033 fideliter
1427 3960 1453 4013 et

312 4073 444 4146 sincere,
468 4066 683 4150 quantumin
701 4083 752 4127 me
771 4073 828 4140 est,
856 4071 1079 4139 cuecuturum,
1101 4071 1133 4126 et
1153 4061 1377 4144 impleturum,
1399 4077 1450 4120 nee

312 4178 494 4262 quidquam
517 4174 551 4237 in
573 4191 609 4236 eo
628 4173 744 4252 favore
763 4179 824 4234 aut
844 4171 954 4252 pratia
973 4169 1120 4232 bumana
1140 4178 1294 4234 acturum
1313 4187 1323 4232 :
1339 4137 1449 4248 sie‘rns

311 4288 397 4352 Deus
411 4283 547 4365 munet
560 4289 592 4347 et
605 4280 673 4348 buc
687 4286 800 4346 sancta
812 4278 875 4344 Dei
886 4276 1083 4360 Euonpeiio.
1099 4301 1114 4334 n
