3050 4984
525 509 599 556 reas
621 508 767 556 smenon
1148 489 1208 553 579

74 653 89 686 «ι
106 630 200 695 Anno
286 647 393 696 mense
468 629 520 696 dic
540 677 587 710 ...,
611 648 685 696 cum
707 629 865 712 completa
881 629 998 709 fumet
1015 630 1144 695 testium
1160 648 1211 694 re·

69 738 194 819 petitio,
209 738 351 804 domavit
363 738 560 804 reverendus
581 737 727 804 Vicarius
747 737 921 822 quoram,
935 740 1079 822 utcopia
1099 739 1212 820 ipsius.

68 853 170 927 pratu
181 844 221 912 de
240 849 331 930 jure,
349 846 535 912 traderetur
545 847 647 930 parti.
668 847 709 910 ln
718 844 830 926 fidem.
845 881 882 892 -
898 845 971 928 an
988 846 1044 926 Ν.,
1067 846 1214 912 Vicarius

69 953 242 1034 peneralis.
256 989 297 1004 -··
307 955 382 1037 Epo
396 955 452 1035 Ν.,
468 956 646 1020 actuarius.
665 981 679 1013 »ι

111 1062 152 1126 In
163 1063 297 1143 prefati
309 1063 430 1128 decreti
442 1063 663 1128 executionem
684 1061 799 1128 cadem
818 1060 871 1126 die
883 1068 1016 1127 uocatus
1026 1062 1095 1142 suit
1107 1058 1213 1126 domi-

70 1185 132 1232 ntes
151 1169 207 1248 Ν.,
218 1177 383 1254 patronus
403 1171 531 1236 domini
547 1170 602 1250 Ν.,
617 1171 678 1248 rei,
701 1177 731 1234 et
754 1168 805 1233 illi
823 1170 1014 1252 consipnata
1035 1169 1129 1253 capia
1151 1188 1213 1234 au-

70 1274 211 1340 tlscutica
223 1278 393 1361 predicte
412 1279 611 1363 repetitionis
616 1299 628 1353 ,·
650 1278 709 1362 qui
727 1295 768 1342 ea
787 1284 914 1360 recepta
931 1276 1058 1359 arctim
1079 1276 1155 1359 epit.
1173 1277 1213 1342 ln

69 1401 211 1466 quuum
223 1385 332 1466 fidem
348 1423 387 1434 -
401 1387 475 1470 Epo
490 1385 547 1465 Ν.,
562 1386 742 1452 actuarius.
760 1410 776 1442 »

461 1720 605 1792 CAPUT
628 1719 814 1791 XXXVIII.

116 1932 218 1980 eom
239 1934 417 1981 tenentum
432 1935 469 1980 ΕΤ
493 1933 708 1980 pumannum
723 1931 889 1980 tnrtcums
912 1931 1113 1980 offensantes
1128 1934 1168 1980 tn

436 2049 608 2098 cunctatum
631 2049 836 2097 nmmsrvmt.

111 2280 127 2310 «
148 2254 324 2338 Comparct
340 2273 452 2319 coram
472 2253 648 2319 reverendo
672 2253 713 2317 N.
745 2253 872 2317 Vicario
891 2252 1038 2335 pmerali
1061 2252 1213 2318 dominus

64 2361 123 2441 Ν.,
146 2363 196 2426 rei
217 2365 371 2446 pratensi
385 2369 558 2446 patronus,
584 2370 614 2425 et
638 2369 816 2445 presentat
843 2361 1067 2444 infrascriptos
1092 2363 1214 2426 articu-

65 2460 115 2524 tos
133 2460 328 2542 deseruerim
351 2461 399 2524 ad
411 2462 561 2542 fauorem
583 2461 638 2524 sui
658 2459 866 2543 principalis,
890 2467 922 2524 ct
941 2459 1050 2538 instat,
1071 2467 1103 2524 et
1118 2462 1211 2543 petit,

64 2567 158 2651 quod
168 2585 266 2651 super
286 2569 326 2632 iis
347 2567 561 2650 inteqralitcr,
581 2575 612 2630 et
629 2567 719 2632 nullo
738 2575 880 2650 eccepto,
899 2568 1128 2632 examinentur
1140 2587 1210 2632 om-

63 2693 123 2738 nes
148 2683 249 2753 testas,
270 2693 351 2758 quos
378 2682 558 2758 opportuno
585 2682 728 2756 ternpore
750 2672 920 2756 producet,
943 2675 1153 2757 protestando
1179 2683 1210 2739 ct

63 2782 272 2864 appellando,
291 2791 362 2862 etc,
384 2801 460 2847 cum
479 2781 587 2847 debita
615 2791 723 2846 tamen
741 2783 948 2847 veteratione
968 2790 998 2846 et
1015 2784 1207 2847 reverentia.

62 2890 170 2954 Porro
185 2890 319 2952 articuli
330 2897 406 2954 sunt
420 2909 431 2954 :

108 3020 123 3053 α
137 3002 168 3060 1⁰
185 2995 282 3077 (iuml
294 2995 448 3061 delictum
466 2997 507 3062 de
527 3015 591 3081 qua
606 3001 718 3082 aqitur
732 2999 800 3080 suit
817 2999 1024 3063 commissum
1037 3015 1060 3060 a
1073 2996 1206 3062 domiuo

62 3103 106 3166 Ν.
114 3123 125 3177 ,·
141 3109 248 3167 elnon
261 3122 283 3166 a
297 3103 429 3168 domino
443 3105 496 3184 N,
512 3123 571 3170 suo
582 3105 771 3190 principali.

111 3233 125 3270 a
144 3215 178 3274 2⁰
200 3210 297 3293 Quod
316 3210 469 3276 dominus
487 3211 542 3289 Ν.,
566 3231 641 3277 reus
652 3222 846 3296 proteruus,
867 3231 976 3278 mune
1047 3215 1101 3280 die
1179 3223 1210 3279 ct

62 3323 148 3386 hara
169 3366 218 3398 ...,
243 3326 315 3382 crat
337 3320 371 3382 in
394 3319 462 3382 loca
485 3319 542 3398 Ν.,
565 3318 758 3384 distantera
774 3320 842 3384 laco
861 3321 895 3384 in
913 3339 979 3403 quo
999 3324 1208 3387 commissum

58 3429 131 3511 snit
140 3426 294 3492 delictum
300 3444 314 3507 ;
327 3435 358 3491 ct
368 3428 551 3508 permansit
560 3427 607 3491 ibi
619 3428 661 3491 ab
674 3427 757 3492 liora
818 3445 922 3511 usquc
934 3427 981 3492 ad
991 3427 1146 3494 loram..

109 3559 123 3594 α
141 3539 173 3599 ³⁰
190 3533 288 3615 Quod
304 3533 455 3598 dominus
468 3535 501 3596 N
503 3581 524 3614 .,
538 3536 599 3617 qui
621 3535 809 3615 testificatur
828 3535 869 3599 dc
884 3536 958 3599 visu
979 3545 1093 3602 contra
1110 3555 1207 3602 suum

56 3641 289 3725 priucipalcrn,
304 3642 357 3707 die
375 3649 407 3705 et
422 3641 517 3720 lara,
532 3643 568 3707 in
586 3661 652 3724 qua
674 3641 794 3707 accidit
813 3641 978 3722 delictum
992 3653 1065 3708 erat
1086 3646 1121 3708 in
1139 3645 1206 3709 laco

58 3749 95 3816 N
98 3795 119 3827 .,
135 3749 293 3814 distanter
305 3767 328 3813 a
342 3748 408 3813 loco
424 3748 542 3814 delicti.

106 3881 122 3914 e
135 3863 168 3922 4⁰
183 3856 280 3938 Quod
290 3857 440 3922 dominus
458 3857 489 3922 N
492 3905 513 3936 .,
530 3857 618 3922 testis
636 3866 748 3921 carena
769 3859 1001 3941 principalem,
1016 3868 1063 3924 cst
1077 3877 1204 3924 eccam-

58 3965 261 4044 municatus,
274 3965 441 4049 perjurus,
453 3965 599 4046 infamis,
615 3965 778 4045 imatione,
790 3973 850 4030 cto.

105 4099 121 4130 «
134 4078 167 4138 5⁰
183 4072 281 4154 Quod
289 4074 440 4138 domitius
454 4073 495 4142 Ν.
512 4073 599 4137 testis
614 4080 661 4137 est
673 4073 827 4153 sectionis
845 4075 1017 4140 contrarie
1034 4094 1094 4140 sito
1107 4077 1203 4159 pren-

58 4179 182 4263 cipali;
195 4189 226 4244 ct
239 4189 313 4264 post
332 4199 470 4246 examen
489 4179 542 4245 dic
623 4187 654 4243 ct
675 4180 741 4244 loco
763 4181 819 4259 Ν.,
835 4180 921 4246 dicit
938 4201 972 4245 sc
998 4184 1032 4245 in
1055 4187 1206 4250 examine

60 4291 142 4356 bene
161 4290 419 4353 accommodasse
432 4288 601 4353 dominum
615 4287 670 4366 Ν.,
685 4306 782 4352 suum
795 4288 1021 4371 principalem.
