3050 4984
558 507 631 555 rsus
655 508 800 555 eruemus.
1181 492 1243 556 235

99 646 116 685 s
142 629 212 690 tum
243 624 348 695 valide
382 626 575 697 authoritate
602 629 770 697 sententies
805 628 968 721 judicialis
1006 629 1152 719 dissolvi,
1187 655 1246 699 uec

100 755 118 792 ι
141 736 344 801 contractum
363 732 505 803 invalide
526 732 639 805 eadem
659 734 856 805 authoritate
873 736 1098 807 convalescere
1115 745 1245 831 potest:

101 862 119 900 u
142 844 174 905 et
201 837 275 907 ideo
299 862 351 907 res
372 840 517 932 judicata
541 850 667 911 tanturn
691 842 844 934 prodesse
869 865 937 913 non
957 844 1056 929 velet,
1081 853 1118 915 nt
1143 846 1185 915 ub
1208 868 1246 915 es

102 969 118 1008 e
143 943 305 1032 recedere,
331 955 364 1015 et
382 948 519 1040 repertis
538 950 610 1019 aliis
631 949 894 1041 probationibus,
915 950 1005 1021 litem
1026 951 1068 1021 de
1085 974 1172 1023 novo
1191 975 1245 1022 re-

101 1079 117 1115 u
141 1053 296 1122 suscitare
308 1076 373 1125 nou
388 1054 482 1125 liceat
498 1056 612 1148 (cupite
627 1060 731 1125 Lutor
745 1062 779 1143 7,
792 1058 897 1149 capite
908 1060 1008 1127 Teuor
1024 1063 1078 1145 to,
1096 1068 1128 1128 et
1141 1061 1245 1152 capite

102 1186 117 1223 s
144 1160 388 1251 Caesarequirrei
404 1165 458 1249 11,
475 1162 562 1231 tituli
581 1166 637 1243 tt,
651 1162 729 1233 libri
744 1167 763 1231 2
780 1163 1022 1254 Decretaliuml.

143 1270 176 1333 3·
192 1267 384 1337 «Sententia
399 1269 464 1338 leta
480 1270 515 1337 in
526 1292 624 1339 censa
632 1268 827 1343 beneficiali.
843 1270 926 1341 Nem
941 1272 1014 1359 etsi,
1029 1274 1089 1364 qni
1101 1295 1159 1364 per
1170 1297 1242 1343 eam

102 1400 116 1435 ι(
141 1375 176 1441 in
191 1396 289 1443 cansa
299 1377 483 1464 succubuit,
500 1384 532 1445 ct
544 1378 630 1447 intre
643 1376 837 1447 decendium
848 1400 869 1445 a
880 1378 1039 1449 sententia
1050 1402 1118 1449 non
1133 1381 1244 1471 appel-

102 1508 115 1541 «
140 1481 234 1567 lavit,
257 1504 297 1551 eo
319 1482 408 1575 lepso
430 1504 593 1575 opponere
616 1484 729 1553 volens
751 1506 818 1553 nou
836 1484 1000 1573 cndietur,
1020 1493 1054 1555 ct
1072 1486 1119 1553 sio
1136 1487 1244 1578 quoad

103 1614 117 1649 e
141 1588 250 1677 ipsum
274 1596 407 1660 eatenus
426 1591 585 1659 sententia
608 1597 751 1659 transeat
766 1590 799 1658 in
823 1588 1093 1682 remjudicatam‚
1109 1613 1176 1659 non
1194 1599 1244 1659 ta-

104 1721 117 1755 «
143 1716 217 1763 meu
232 1694 381 1765 decendii
397 1696 508 1787 lupsns
524 1697 678 1766 victorem
701 1698 746 1765 ite
758 1718 910 1767 securum
931 1696 1041 1785 efficit,
1058 1707 1188 1785 utnon,
1205 1721 1244 1767 eo

102 1826 116 1863 e
141 1801 245 1892 lapso,
262 1802 303 1871 de
315 1803 461 1873 nullitate
475 1804 562 1873 tituli
576 1804 734 1874 adversus
745 1804 840 1873 illum
855 1805 1009 1896 opponis
1023 1828 1241 1897 quocumque,

104 1932 117 1969 c
142 1909 194 1976 vel
211 1910 333 2001 inquiri
347 1933 367 1977 e
378 1910 488 2003 jndice
511 1912 612 2003 possit
627 1912 742 2003 (capite
761 1912 953 1982 Constitutus
968 1916 1022 1997 lb,
1039 1911 1079 1980 de
1099 1913 1240 2005 φρει).

145 2042 161 2079 α
193 2020 226 2083 4⁰
258 2016 426 2088 Sententia
452 2018 811 2105 excommunicationis,
843 2019 1066 2109 suspensionis
1086 2028 1119 2087 et
1142 2021 1243 2089 iuter-

105 2148 119 2183 «
144 2122 234 2191 dicti.
253 2124 336 2193 Nam
353 2126 412 2194 etei
431 2126 491 2195 boo
506 2126 603 2195 modo
618 2135 821 2211 consumtus,
838 2134 911 2218 post
925 2124 1118 2197 decendium
1131 2149 1152 2194 a
1164 2148 1243 2196 sen-
1306 2199 1309 2203 ,

103 2256 119 2292 e
141 2230 240 2298 tentia
259 2231 324 2300 leta
343 2232 507 2323 appellere
527 2244 678 2325 nequest,
695 2242 805 2325 petere
822 2240 930 2301 tamen
945 2233 1195 2318 absolutionem,
1211 2242 1244 2302 et

103 2374 119 2409 s
144 2364 202 2431 per
228 2344 410 2435 simplicem
431 2345 596 2437 querelem
623 2344 662 2415 de
681 2343 756 2413 talis
779 2346 948 2413 senunttae
969 2345 1128 2435 injustitie
1149 2346 1242 2435 queri

103 2482 119 2519 e
142 2462 255 2547 potest.
270 2453 372 2544 quue
384 2453 525 2521 sumitur
533 2475 572 2521 ex
590 2453 694 2544 cupite
709 2454 795 2523 Cum
803 2452 973 2545 contioqut
991 2455 1059 2543 (to,
1075 2452 1115 2521 de
1129 2454 1241 2545 Office'o

102 2588 119 2627 ι
136 2562 261 2653 judicis
275 2560 445 2651 deteputet;
463 2560 565 2651 capite
575 2558 665 2627 finali
680 2558 720 2629 de
735 2560 863 2642 Possm·
878 2560 982 2651 capite
996 2562 1100 2628 Sacro
1118 2560 1185 2652 (ts,
1203 2558 1243 2629 de

103 2696 119 2733 u
143 2671 235 2737 Seut.
254 2666 442 2757 eucomm.).
454 2666 504 2735 Ex
515 2666 635 2758 quibus
650 2666 795 2735 textibus
807 2674 943 2752 constet,
961 2665 1048 2757 quod
1061 2674 1174 2757 petens
1184 2667 1243 2735 sb·

104 2776 348 2860 «solutionem,
379 2782 411 2841 et
435 2774 575 2865 probare
611 2772 723 2841 voleus
751 2772 945 2841 sententiam
975 2794 1045 2841 asse
1073 2772 1241 2864 injustam,

105 2905 269 2975 «semper
296 2880 460 2949 audiatur.
488 2880 611 2949 Eodem
639 2878 736 2947 modo
762 2878 893 2968 probari
923 2888 1035 2970 postea
1058 2888 1162 2971 potest
1181 2879 1243 2947 ali-

104 3013 240 3082 eqnem
263 3011 332 3057 esse
353 2988 489 3077 ligatum
513 3008 662 3072 censure,
687 2994 800 3053 contra
824 2986 1017 3056 senteutiam
1043 3010 1118 3079 qum
1149 2987 1242 3056 illum

105 3122 121 3159 e
144 3094 367 3187 pronuntiavit
390 3116 427 3162 ee
451 3116 520 3161 esse
546 3092 747 3177 immunem3
771 3093 850 3184 quis
871 3094 1093 3184 pronuntiatio
1109 3095 1241 3187 judicis,

105 3230 122 3267 «
144 3204 229 3295 qnod
240 3202 316 3295 quis
326 3224 391 3271 netu
405 3202 449 3271 sit
463 3199 779 3287 excommunicatus,
797 3223 862 3269 uon
878 3209 981 3270 mutat
996 3202 1043 3270 rei
1060 3202 1240 3289 veritatem,

106 3338 123 3375 e
145 3311 172 3379 si
183 3332 257 3379 vere
269 3309 312 3379 sit
324 3312 638 3377 excommunicatus.

149 3444 164 3482 e
190 3424 221 3485 5⁰
246 3417 413 3487 Sententia
436 3416 501 3485 luta
521 3438 561 3483 ex
590 3414 681 3484 falsis
710 3415 937 3485 instrumentis
959 3416 1011 3485 vel
1033 3416 1239 3487 testimoniis.

108 3552 123 3589 a
146 3526 224 3595 Nem
240 3524 311 3593 haee
327 3522 423 3593 etiam
439 3530 512 3614 post
526 3522 719 3593 decendium
742 3529 946 3606 retrectatur,
969 3523 998 3590 si
1010 3522 1242 3592 condemnatus

107 3658 123 3695 u
148 3634 255 3721 probet
273 3630 499 3703 adversarium
521 3629 711 3721 hujusmodi
731 3629 959 3699 instrumentis
980 3629 1033 3697 vel
1050 3630 1243 3700 testimoniis

108 3766 123 3801 c
147 3762 251 3824 nsum,
268 3746 299 3805 et
310 3736 454 3829 iudicem
468 3758 582 3807 eorum
602 3737 700 3805 fidem
717 3746 864 3806 secutum
880 3758 962 3805 esse.
979 3763 996 3800 s

151 3850 212 3913 «¹6⁰
226 3844 392 3913 Sententia
407 3844 472 3912 leta
485 3867 524 3912 ex
544 3844 731 3936 juramento
745 3843 932 3927 necessario,
949 3842 1037 3935 quod
1060 3843 1094 3912 in
1110 3844 1243 3935 supple-

107 3978 123 4013 «
149 3960 288 4021 uentum
307 3951 534 4043 probationum
550 3951 691 4043 ajudice
710 3951 855 4020 delatum
873 3957 922 4019 est
935 3949 1031 4042 parti.
1055 3950 1133 4021 llaec
1151 3950 1239 4018 enim

108 4082 124 4119 s
147 4078 185 4125 en
200 4058 333 4149 repertis
349 4064 458 4149 postes
476 4056 714 4143 instrumentis,
730 4058 826 4126 etiam
842 4057 934 4148 lapso
953 4055 1110 4128 decendio
1130 4056 1240 4147 impu·

108 4188 125 4225 «
148 4165 249 4251 gnari,
275 4172 307 4231 et
335 4172 504 4255 postquam
532 4164 657 4233 falsitas
681 4163 859 4254 juramenti
883 4154 1082 4233 sufficienter
1105 4162 1241 4254 probata

110 4296 127 4331 u
151 4269 254 4358 luerit,
279 4271 445 4339 retractari
469 4279 574 4362 potest
598 4292 634 4341 ac
658 4270 771 4359 debet;
800 4280 838 4341 nt
862 4270 999 4340 babetur
1021 4269 1093 4359 lege
1121 4268 1241 4340 Admo-
