3050 4984
261 424 321 487 tot
634 440 811 485 accerume
835 440 872 485 ue
895 439 1029 487 ruorors.

256 573 364 629 tarueu
381 562 553 631 dicendum
570 570 619 629 est
633 561 673 627 de
690 563 761 652 ipso
776 560 880 629 edicto
900 560 1074 628 citationis.
1091 558 1178 626 Talis
1192 559 1279 627 enim
1297 566 1403 643 aetus,

260 677 370 757 utpote
379 668 656 758 jurisdictionalis,
675 669 709 734 in
725 668 829 735 alieno
845 667 1006 735 territorio
1021 667 1111 733 exeri
1127 666 1249 757 nequit.

300 776 443 856 Quasrro
459 780 504 841 7¹.
522 814 567 827 -
581 778 628 844 Αη
639 773 749 865 judea
763 774 867 842 simul
880 796 957 841 com
971 772 1126 841 citatione
1136 784 1345 840 teneaturreo
1357 772 1407 840 li-

258 882 378 951 bellum
391 883 633 950 ocotsotorr'am
646 896 708 950 aot
721 880 1004 950 denuntiatorium
1018 880 1260 947 transmittere?
1275 918 1319 931 -
1333 878 1408 947 Ne-

255 998 335 1077 gant
350 988 558 1055 communius
573 988 733 1073 doctores,
750 996 783 1055 et
799 988 959 1055 sustinent
974 1008 1041 1054 non
1057 984 1145 1053 aliud
1162 986 1283 1076 requiri
1300 1008 1405 1077 quam

256 1105 291 1162 ut
313 1118 410 1162 rausa
433 1096 469 1161 in
484 1116 601 1183 genere
615 1095 759 1161 citationi
777 1095 949 1161 inseratur.
980 1119 996 1157 a
1018 1092 1097 1178 Sed,
1113 1101 1149 1159 ut
1164 1092 1245 1160 bene
1259 1092 1407 1160 advertit

257 1230 274 1267 o
297 1202 413 1290 Engel,
429 1201 533 1293 stylus
557 1201 794 1292 cujuscumque
816 1200 918 1268 curiae
938 1198 1152 1267 attendendus
1167 1208 1239 1267 est:
1263 1198 1318 1289 qui
1335 1199 1406 1265 uisi

258 1337 275 1375 e
298 1310 497 1375 contrarium
520 1306 631 1393 dictet,
648 1307 783 1397 provide
800 1307 934 1375 omnino
948 1315 980 1373 et
994 1306 1223 1395 circumspecte
1237 1304 1331 1372 faciet
1343 1304 1407 1395 ju-

258 1414 373 1497 «dex,
404 1414 432 1480 si
455 1435 522 1481 una
548 1435 622 1480 cum
650 1413 802 1481 citatione
818 1412 963 1480 libellum
986 1412 1191 1478 transmittat.
1219 1410 1300 1477 Nam
1329 1409 1406 1477 haee

257 1547 273 1586 e
296 1519 497 1588 transmissio
519 1520 583 1586 erit
609 1519 677 1587 litis
698 1519 928 1587 acceleratio...
961 1517 1096 1586 Curahit
1124 1526 1231 1585 tamen
1247 1515 1349 1606 judex
1365 1525 1406 1583 ut

255 1654 272 1692 e
295 1625 465 1715 originale,
494 1625 545 1694 vel
573 1625 686 1693 saltem
703 1626 832 1717 copiam
850 1624 948 1693 libelli
965 1647 1063 1716 penes
1077 1647 1110 1691 se
1127 1624 1274 1709 retineat,
1290 1622 1330 1691 ad
1347 1644 1407 1689 ca-

255 1762 271 1798 «
296 1732 416 1800 vendas
431 1732 574 1800 fraudes.
594 1758 611 1797 u
634 1732 951 1821 (Schmalzgrueber,
969 1733 1039 1799 loco
1054 1732 1164 1817 citato,
1184 1754 1217 1799 n.
1236 1731 1303 1819 24.)

294 1842 437 1921 Quasrro
462 1843 507 1907 8⁸.
525 1878 570 1890 -
594 1838 766 1923 Quomodo
778 1839 931 1933 socienda
946 1839 989 1907 sit
1003 1838 1149 1906 caecutio
1164 1860 1219 1905 sea
1233 1838 1405 1905 intimatio

250 1948 438 2017 citationis?
450 1984 496 1997 -
521 1951 553 2013 1ο
570 1945 682 2014 Posset
694 1946 766 2014 fieri
783 1969 841 2038 per
853 1945 998 2037 judicem
1016 1947 1139 2036 ipsum,
1157 1944 1209 2013 vel
1224 1944 1407 2036 quemlibet

249 2055 374 2145 abipso
390 2053 480 2119 adid
495 2053 687 2143 deputatum
705 2079 713 2120 :
732 2051 788 2121 sed
815 2052 980 2122 ordinarie
997 2050 1034 2118 fit
1048 2074 1108 2143 per
1132 2051 1274 2141 aliquem
1298 2049 1405 2118 curiae

250 2160 405 2229 nuntium
421 2180 480 2225 seu
495 2180 676 2226 cursorem.
707 2162 741 2224 2⁰
767 2159 875 2227 Potest
905 2158 974 2225 fieri
992 2158 1109 2250 quovis
1125 2165 1287 2247 tempore;
1304 2156 1406 2225 modo

250 2268 291 2335 de
306 2265 358 2333 die
389 2293 396 2333 :
425 2288 501 2332 uam
526 2289 593 2334 uox
621 2267 655 2333 in
684 2266 844 2355 ejusmodi
870 2266 997 2333 actibus
1025 2265 1140 2333 merito
1169 2272 1316 2356 suspecta
1341 2265 1406 2331 ha-

249 2375 356 2458 hetur,
385 2379 422 2438 ut
447 2380 559 2438 teuent
582 2372 801 2439 communiter
817 2372 974 2439 doctores.
994 2374 1026 2437 3·
1041 2370 1075 2439 Si
1103 2372 1160 2438 liat
1174 2392 1232 2461 per
1247 2370 1404 2439 nuntium

252 2483 364 2563 curiae,
381 2480 499 2546 citatus
523 2486 652 2547 tenetur
679 2480 708 2546 ei
734 2480 857 2569 (utpote
882 2500 1032 2569 personae
1058 2477 1209 2569 publicae)
1233 2476 1363 2545 eredere
1393 2505 1401 2543 :

252 2590 280 2655 si
297 2606 375 2653 vero
393 2584 450 2651 fiat
472 2607 530 2674 per
543 2585 644 2653 alium
671 2584 713 2652 ed
737 2584 798 2652 hoc
812 2585 993 2675 specialiter
1009 2584 1214 2675 deputatum,
1231 2583 1259 2649 is
1274 2590 1405 2651 tenetur

252 2693 351 2761 simul
364 2715 438 2759 oum
454 2692 569 2759 litteris
593 2692 766 2777 citationis,
784 2693 880 2759 etiam
896 2692 1136 2760 commissionis
1150 2690 1213 2757 sibi
1236 2689 1328 2757 laetae
1345 2690 1406 2757 lit·
1520 2690 1521 2695 ’

255 2810 339 2866 teras
354 2797 520 2865 exhibere.
538 2802 571 2864 4⁰
584 2797 621 2864 Si
630 2797 732 2888 judex
746 2800 849 2865 citans
864 2799 907 2864 sit
922 2796 1092 2865 dumtaxat
1113 2795 1289 2885 delegatus,
1307 2796 1405 2863 debet
1520 2866 1521 2879 ,

254 2905 398 2973 citationi
414 2904 515 2971 inseri
530 2913 622 2971 tenor
638 2906 699 2994 ipsi
714 2903 808 2972 lectae
830 2904 1061 2993 delegationis;
1077 2903 1155 2994 quia
1169 2924 1286 2993 nempe
1299 2901 1405 2992 judex
1520 2960 1521 2985 ,

255 3013 422 3099 delegatus
451 3019 579 3079 tenetur
608 3032 676 3078 sese
707 3011 899 3098 legitimare,
929 3011 1037 3097 idest,
1054 3008 1289 3098 delegationem
1310 3032 1405 3078 suam
1520 2986 1521 3071 l

254 3121 409 3211 probaro;
427 3126 458 3184 et
482 3117 633 3208 alioquin
647 3118 766 3185 citatus
789 3140 855 3184 non
872 3124 999 3187 tenetur
1021 3115 1153 3185 credere
1179 3115 1282 3206 ipsius
1295 3116 1406 3208 juris·
1520 3142 1521 3157 ¹

257 3225 403 3293 dictioni.
436 3227 467 3290 5⁰
489 3222 560 3291 Nisi
583 3221 663 3314 quid
679 3224 796 3309 obstet,
813 3224 974 3292 citationis
999 3223 1166 3290 intimatio
1191 3222 1339 3291 iacienda
1357 3234 1406 3291 cst

257 3330 433 3412 infaciem,
450 3329 557 3414 idest,
576 3329 867 3417 ipsimetpersome
893 3328 1024 3397 citandi.
1053 3332 1085 3395 6ο
1111 3329 1147 3396 si
1171 3350 1264 3397 reum
1288 3330 1406 3420 inqui—

258 3440 357 3505 situm
386 3434 522 3502 nuntius
549 3455 615 3502 non
646 3436 816 3524 repererit,
845 3444 961 3525 potest,
992 3437 1044 3502 vel
1071 3436 1274 3527 procuratori
1299 3436 1407 3525 ipsius

261 3546 300 3636 (si
327 3564 424 3632 quem
440 3540 637 3629 reliquerit),
666 3541 717 3607 vel
742 3540 784 3608 ad
808 3562 911 3609 unum
939 3542 1154 3610 edomesticis
1174 3541 1339 3631 (adultiori
1355 3550 1408 3609 ta-

261 3673 348 3735 men,
366 3670 431 3722 non
445 3647 593 3735 infanti),
611 3648 663 3714 vel
678 3649 706 3713 si
732 3670 831 3716 nemo
856 3648 952 3734 adsit,
978 3649 1094 3716 vicinis
1123 3648 1408 3717 denuntiationem

260 3776 434 3849 exponere,
467 3755 576 3820 relicto
605 3752 726 3820 ibidem
756 3755 993 3822 commissionis
1021 3778 1090 3822 suae
1118 3754 1280 3843 exemplo,
1310 3757 1410 3823 atad
1520 3750 1521 3774 ¹

262 3888 354 3935 reum
367 3860 477 3929 citatio
492 3860 661 3949 perveniat
679 3861 795 3949 (capite
820 3864 966 3929 Causam
995 3867 1027 3950 3,
1045 3861 1084 3929 de
1099 3861 1208 3943 notet
1236 3861 1288 3928 vel
1303 3864 1329 3929 si
1348 3886 1412 3931 ne-

262 3994 325 4063 que
349 3970 410 4037 hoo
432 3965 528 4035 modo
551 3968 622 4033 lieri
636 3969 747 4057 possit,
767 3976 824 4036 aut
839 3968 1003 4059 expediat,
1020 3977 1123 4058 potest
1138 3969 1246 4037 citatio
1261 3968 1350 4057 affigi
1365 3973 1410 4038 ad
1520 3956 1521 3971 ³

261 4084 395 4147 domum
410 4077 446 4141 in
457 4095 523 4163 qua
537 4073 686 4140 citandus
699 4073 847 4142 habitare
857 4075 1037 4143 consuevit.
1058 4078 1091 4140 7⁰
1106 4074 1243 4155 Quando
1257 4076 1410 4143 citandus
1520 4148 1521 4165 ,

261 4191 371 4283 plures
385 4184 481 4250 habet
495 4179 594 4272 aedes,
609 4180 756 4265 executio
772 4180 829 4249 fiet
842 4183 883 4249 ad
907 4204 961 4250 eas
988 4182 1022 4249 in
1044 4182 1164 4272 quibus
1178 4182 1299 4271 majore
1314 4192 1409 4274 parte
