3050 4984
534 523 609 570 rsus
636 523 782 569 succum.
1164 505 1223 570 533

87 643 237 721 uolentes,
252 645 403 710 eumdem
418 645 590 709 dominum
608 645 641 707 N
643 691 663 722 .,
679 643 799 710 aarum
812 644 894 708 serie
907 644 1139 710 oim'canonici
1155 665 1225 710 mo-

86 751 203 816 nitorii
220 751 420 833 habentium,
440 753 578 818 citamus
592 751 640 816 od
655 751 910 835 comparendum
923 769 1038 816 coram
1056 752 1158 818 Nobis
1176 755 1227 818 in-

89 867 142 922 tra
161 866 284 943 septem
305 859 388 939 dies,
404 878 466 944 pro
485 861 578 925 tertio
594 869 627 925 et
640 860 858 944 peremptorio
876 861 1013 924 termino
1032 861 1065 924 ei
1079 862 1229 945 assipna-

87 973 148 1059 tos,
162 985 185 1030 a
195 969 404 1051 presentium
424 969 627 1034 intimatione
644 969 709 1052 ipsi
721 969 813 1049 sacta
826 967 1070 1051 computandos,
1085 975 1122 1032 ut
1140 968 1229 1034 dicat

87 1091 193 1156 quare
255 1074 301 1155 (et
317 1075 441 1159 reliquo
453 1080 491 1140 ut
506 1076 541 1140 in
555 1076 744 1158 praecedenti
757 1075 918 1158 formula).
932 1097 947 1134 c

131 1209 191 1277 [v.
215 1209 338 1278 Poterit
359 1217 468 1279 autem
490 1210 673 1281 executioni
691 1209 882 1279 demandari
904 1211 991 1278 etin
1011 1211 1090 1280 actis
1113 1211 1229 1281 referri

87 1316 230 1386 secunde
245 1318 383 1386 ettertio
397 1319 531 1388 monitio
544 1318 579 1386 in
593 1318 681 1387 hunc
695 1316 829 1387 modum
844 1342 851 1385 ε

130 1485 146 1517 α
164 1461 401 1545 Cortsequenter
421 1463 541 1527 iterum
554 1471 586 1527 et
602 1463 708 1542 tertio,
725 1462 887 1546 simulque
906 1465 1137 1546 peremptorie,
1156 1481 1227 1528 mo-

86 1568 285 1634 nitoriatiter
311 1570 428 1633 citatus
453 1571 521 1651 suit
547 1569 698 1635 dominus
724 1569 780 1645 N.;
813 1588 953 1653 quorum
980 1571 1228 1635 monitoriorum

88 1684 183 1739 tenor
201 1676 269 1756 fuit
290 1682 328 1739 ut
348 1677 511 1762 sequitur,
534 1676 682 1742 uidelicet
697 1675 807 1846 ((ῤὶὴί
830 1677 1036 1758 inseruntur).
1063 1678 1090 1741 A
1112 1678 1229 1760 quibus

88 1783 274 1847 monitoriis
294 1785 490 1869 exequendis
507 1802 655 1848 reversus
675 1801 696 1846 a
741 1801 794 1846 me
814 1783 999 1848 actuarium
1016 1785 1156 1849 ioannes
1174 1785 1206 1849 N
1208 1834 1228 1866 .,

87 1894 190 1957 curia
216 1889 369 1970 nuntius,
395 1892 506 1956 retntit
529 1892 706 1974 prefatum
734 1889 905 1954 dominum
928 1891 987 1970 N.,
1014 1893 1229 1975 respondisse,

88 1999 248 2064 inutiliter
266 1999 362 2075 redis,
384 2018 450 2063 non
471 1998 533 2063 ibo.
554 1998 637 2064 Acta
650 2003 727 2062 sunt
747 1997 852 2062 trec...
873 2033 911 2044 -
933 1997 1006 2082 Epo
1029 1999 1084 2078 N.,
1109 2002 1229 2083 episco-

85 2108 176 2191 patis
193 2109 294 2173 curia
304 2124 428 2185 cursor,
441 2105 566 2188 offirmo
582 2112 744 2186 utsupra.
760 2138 801 2150 -
813 2103 886 2186 Epo
899 2105 932 2167 N
934 2153 955 2184 .,
970 2108 1148 2172 actuarius.

134 2241 150 2272 o
172 2216 281 2298 ipitur
299 2215 459 2298 prefatus
488 2212 636 2278 Vicarius
657 2212 834 2294 pmeralis,
854 2219 891 2275 ut
912 2213 1043 2276 muneri
1058 2231 1117 2278 suo
1139 2217 1231 2278 sotis-

86 2323 205 2404 suciat,
229 2329 260 2386 et
283 2321 346 2386 tale
368 2320 590 2385 inobedientiae
612 2318 764 2383 delictum
787 2319 890 2382 debite
907 2326 1103 2400 coerceatur,
1123 2321 1231 2384 decre-

87 2431 140 2492 uit
158 2437 259 2512 prout
273 2437 305 2493 et
322 2428 464 2492 decernit
482 2434 594 2492 contra
612 2426 807 2509 pradictum
829 2425 999 2490 dominum
1017 2427 1049 2490 N
1051 2475 1072 2506 .,
1092 2436 1131 2491 ut
1143 2445 1229 2510 pra·-

86 2538 197 2618 sertur
231 2535 463 2600 inobedientem
495 2542 528 2598 et
560 2543 798 2613 contumacem,
832 2551 1045 2598 censurarum
1080 2553 1232 2600 mucrone

85 2643 273 2726 procedere,
293 2644 341 2707 ad
356 2643 414 2708 hoe
426 2651 465 2707 ut
480 2643 659 2726 resipiscat.
684 2643 890 2725 Quapropter
902 2641 1041 2724 protulit
1052 2650 1164 2706 contra
1184 2644 1232 2726 ip-

86 2770 166 2815 sum
183 2752 373 2815 sententiam
390 2749 730 2814 eccommunicationis
750 2747 823 2831 (vel)
843 2749 1060 2830 suspensionis
1073 2768 1094 2813 a
1108 2748 1230 2812 diuinis

89 2860 132 2938 (si
146 2862 321 2922 contumax
337 2859 426 2922 sitin
444 2858 569 2940 sacris);
585 2874 657 2940 quoe
674 2857 831 2920 sententio
850 2856 948 2938 hujus
963 2858 1080 2920 tenoris
1091 2857 1168 2937 suit,
1183 2858 1232 2918 oi-

90 2965 228 3030 delicet:
244 2965 346 3047 (etibi
366 2964 520 3029 inseritur
535 2963 685 3041 turmula,
702 2980 776 3045 quae
797 2963 935 3027 habetur
953 2964 1069 3044 iniru§
1088 2963 1130 3045 3).
1150 2965 1231 3029 Acta

88 3080 170 3137 sunt
183 3073 286 3138 nec...
301 3107 342 3120 -
354 3073 386 3137 N
388 3120 409 3150 .,
431 3073 578 3139 Vicorius
591 3070 762 3153 peneratis.
778 3103 818 3118 -
830 3069 862 3133 N
865 3117 885 3147 .,
901 3069 1078 3134 actuarius.
1093 3093 1108 3128 c

617 3269 639 3360 g
659 3269 701 3337 11.

91 3416 214 3467 Fcrmulu
227 3413 357 3466 citationis
367 3413 549 3474 monitos-iulis,
558 3411 641 3464 trihus
651 3412 839 3477 equivalentie,
853 3411 886 3462 cd
898 3411 1019 3462 eflectum
1033 3411 1194 3477 procedendi
1205 3413 1233 3464 iu

494 3496 589 3545 testem
602 3496 631 3544 ut
642 3496 832 3544 contumacem.

138 3662 154 3699 c
180 3640 246 3703 Nos
330 3637 382 3718 (ut
403 3655 503 3720 cupra
523 3636 560 3700 in
580 3636 720 3701 formula
746 3635 842 3719 primi
865 3635 1038 3713 monitorii,
1065 3653 1169 3719 usquc
1193 3637 1234 3700 ad

93 3748 196 3814 verba
212 3747 301 3809 intra
320 3743 430 3809 decem
441 3744 521 3823 dies,
535 3747 568 3808 et
580 3744 626 3807 sic
638 3742 855 3825 continuetur)
869 3761 881 3806 .·
900 3745 988 3806 intra
1004 3743 1072 3806 dies
1086 3743 1233 3824 triptota,

92 3874 116 3918 a
140 3853 352 3937 praesentium
380 3852 583 3916 intimatione
611 3851 676 3933 ipsi
699 3851 790 3931 sacta
816 3849 1066 3933 computandos;
1094 3866 1235 3932 quorum

93 3963 204 4027 decem
221 3979 284 4043 pro
301 3961 422 4044 primo,
444 3960 552 4024 decem
567 3958 805 4043 praeecundo,
825 3964 856 4022 et
875 3957 984 4022 decem
1001 3975 1062 4040 pro
1087 3958 1180 4021 tertio
1206 3964 1237 4021 et

90 4068 312 4153 peremptorio
329 4070 466 4132 termino
479 4069 695 4151 assipnamus.
715 4066 826 4150 Iqitur
838 4067 869 4130 si
886 4066 989 4148 (nulia
1007 4063 1154 4148 tepitima
1173 4067 1235 4130 im-

89 4177 243 4262 pediente
270 4178 386 4258 caeno)
411 4183 486 4242 onte
519 4176 643 4240 dictum
675 4175 933 4257 peremptorium
963 4174 1138 4237 terminum
1171 4193 1236 4238 non

97 4285 329 4368 comparuerit,
344 4285 471 4348 nouerit
486 4283 552 4348 Nos
566 4290 679 4349 contra
695 4284 814 4366 ipsum,
830 4288 988 4364 tanquam
1004 4285 1236 4361 contemnum,
