3050 4984
567 510 643 559 rurs
672 512 820 559 secunus.
1223 494 1263 562 tt

122 629 282 700 tiationem
307 629 411 700 lacere
435 632 543 719 vellet,
561 633 767 703 denuntiatio
788 634 1001 727 probabiliter
1015 658 1081 705 uon
1098 634 1221 706 valeret
1235 645 1267 706 et

121 763 139 805 a
163 740 271 831 judice
297 740 476 832 rejicienda
503 748 611 809 esset:
641 765 717 811 uam
753 770 770 807 a
798 750 911 811 utrum
947 743 1144 813 denuntians
1182 748 1271 815 testis

13 904 14 925 ,
126 874 141 910 a
163 869 229 915 esse
243 848 345 939 possit
359 848 394 916 iu
408 870 506 917 eausa
519 848 721 939 denuntiata,
738 849 896 918 dissident
912 850 997 919 inter
1015 875 1049 920 se
1071 850 1230 941 doctores,
1247 881 1265 919 o

122 953 164 1020 ait
183 952 473 1044 Sohmalzgrueber
494 955 540 1047 (in
561 956 614 1025 tit.
638 960 670 1043 l,
693 955 771 1027 libri
793 960 811 1023 t
832 956 974 1045 bearet,
993 981 1026 1027 n.
1049 959 1143 1050 ll7);
1167 960 1267 1049 unde,

121 1060 146 1125 si
162 1082 246 1129 uuus
260 1086 277 1129 e
293 1061 423 1131 duobus
438 1061 516 1131 solis
533 1064 669 1131 testibus
688 1062 841 1131 evaderet
860 1062 1082 1153 denuntietur,
1103 1064 1171 1157 jam
1191 1090 1270 1160 pro·

120 1167 267 1237 babiliter
280 1190 367 1237 uuus
381 1170 470 1239 solus
485 1170 638 1258 idoneus,
656 1194 693 1239 ao
704 1170 845 1263 proinde
857 1170 1073 1261 insufficiens,
1087 1183 1270 1243 remaneret

121 1274 220 1345 testis.

161 1384 376 1475 Exceptiones
398 1384 445 1453 od
451 1386 661 1477 premissam
680 1386 843 1477 reputem.
860 1390 954 1454 -10
973 1388 1079 1456 Datur
1096 1396 1206 1457 tamen
1225 1389 1268 1457 ad

120 1491 200 1559 bene
216 1492 343 1560 tertiam
360 1494 507 1582 regulam
526 1494 676 1563 notabilis
697 1494 770 1561 bea
788 1496 962 1587 exceptio:
980 1494 1134 1565 delictum
1151 1519 1269 1588 nempe

120 1599 279 1667 oecultum
305 1600 458 1691 quamvis
484 1601 616 1692 probari
640 1609 792 1693 nequeat,
816 1602 844 1669 si
868 1602 1094 1672 communitati
1120 1603 1173 1672 vel
1194 1604 1268 1695 pri-

121 1717 191 1773 uato
214 1729 314 1795 grave
335 1706 492 1775 damnum
514 1708 683 1779 illaturum
708 1708 763 1793 sit,
784 1730 879 1799 posse
897 1708 1084 1779 denuntiari
1108 1711 1270 1779 sustinent

118 1811 263 1881 doctores
285 1814 395 1882 multi.
417 1815 519 1883 Casus
541 1824 590 1883 est
612 1814 830 1907 hujusmodi:
852 1838 913 1906 ego
936 1816 1015 1904 saio,
1035 1816 1128 1886 verbi
1148 1818 1266 1906 gratia,

118 1920 239 1989 litium
259 1943 329 1989 sesa
347 1942 460 2012 parare
476 1922 521 1989 ad
544 1922 799 1991 comburendam
817 1923 994 2009 civitatem,
1011 1924 1267 1993 occidendumve

117 2031 317 2120 proximum,
341 2040 398 2098 aut
417 2030 481 2098 alia
503 2030 648 2099 facinora
673 2040 795 2098 secreto
821 2040 1020 2121 perpetrare,
1046 2032 1166 2123 quibus
1188 2055 1266 2124 per-

116 2136 165 2225 git
186 2136 330 2229 quotidie
352 2160 451 2227 greve
476 2136 634 2205 damnum
663 2138 889 2205 communitati
915 2146 972 2205 aut
998 2138 1095 2207 certis
1120 2139 1267 2231 personis

115 2244 249 2313 interra.
264 2244 338 2313 Non
354 2254 461 2313 tamen
481 2267 612 2336 possum
633 2242 736 2335 judioi
759 2244 959 2312 sullirientes
984 2253 1078 2312 testes
1099 2246 1268 2315 nominare

13 2374 15 2395 ⁵
117 2372 176 2417 neo
198 2349 265 2417 elia
290 2350 396 2419 media
415 2349 456 2419 sd
478 2349 631 2418 delictum
658 2350 865 2441 probandum
887 2348 1005 2419 idonea
1029 2352 1263 2443 suppeditare:

13 2484 14 2487 ¹
115 2466 227 2525 atvero
253 2457 391 2549 siquod
416 2457 481 2525 scio
496 2455 600 2548 judici
621 2457 778 2547 aperiam,
804 2456 989 2546 invigilabit
1014 2456 1069 2525 ille
1089 2457 1266 2527 damnum·

115 2588 178 2654 que
204 2574 339 2651 avertet,
367 2566 433 2633 imo
455 2572 488 2632 et
511 2564 593 2633 forte
616 2563 811 2631 sufficientia
836 2563 1030 2632 documenta
1056 2566 1207 2655 reperiet,
1231 2567 1266 2633 vi

13 2674 15 2703 '
114 2693 257 2761 quorum
279 2672 312 2741 in
335 2672 459 2739 Titium
480 2670 653 2763 procedere
676 2672 787 2762 possit.
812 2672 849 2738 ln
874 2672 934 2739 boe
957 2692 1037 2761 ergo
1060 2694 1136 2741 nasu
1157 2695 1263 2765 posse,

117 2778 182 2846 imo
203 2789 234 2846 et
257 2779 373 2847 debere
392 2779 554 2848 occultum
575 2778 729 2847 delictum
754 2777 953 2866 denuntiari,
974 2779 1135 2846 sustinent
1155 2779 1265 2849 doato-

13 2974 14 2979 Ὶ
115 2908 168 2951 res
180 2886 379 2975 gravissimi,
396 2910 477 2979 qnos
494 2885 566 2953 vide
582 2885 739 2953 indicatos
753 2886 840 2976 apud
857 2884 1068 2955 Reiffenstuel
1090 2888 1134 2976 (in
1153 2888 1201 2955 tit.
1229 2892 1261 2971 l,

115 2991 190 3058 libri
219 2992 399 3079 5Deoret.,
428 3016 461 3060 n.
488 2996 543 3077 93,
564 2996 623 3059 108
647 3003 679 3059 et
711 2995 799 3082 109).
825 2994 918 3060 Tune
941 3016 1020 3060 vero
1043 3014 1109 3061 non
1132 2993 1168 3061 in
1188 3017 1263 3063 eum

115 3098 214 3167 linem
230 3100 430 3169 denuntiatio
445 3098 512 3186 liet,
529 3106 566 3167 ut
579 3100 682 3190 judex
700 3100 735 3166 in
752 3122 845 3167 reum
860 3100 1020 3193 inquirat,
1036 3123 1111 3169 aum
1126 3113 1265 3194 nequest

115 3207 283 3299 inquisitio
297 3206 456 3296 inchoari,
472 3206 534 3275 uisi
547 3207 650 3298 judici
666 3207 866 3274 sufficientes
885 3208 1093 3298 probationes
1110 3210 1264 3301 suppedi-

114 3324 191 3383 tatee
206 3315 347 3397 fuerint;
366 3316 421 3385 sed
436 3324 561 3384 tantum
575 3323 611 3383 ut
627 3315 795 3406 invigilet;
812 3323 844 3383 et
859 3316 905 3385 sie
915 3315 1074 3386 damnum
1088 3317 1263 3389 imminens

13 3504 14 3509 ἵ
113 3432 308 3513 precaveat.

161 3534 194 3597 2·
205 3530 443 3621 Exeipiendum
455 3530 576 3621 pariter
588 3528 743 3598 delictum
758 3528 931 3617 haereseos,
944 3529 1038 3621 eujus
1048 3531 1263 3601 denuntiandi

112 3637 270 3727 obligatio
287 3638 427 3707 existere
448 3644 562 3729 potest,
585 3636 711 3704 etiamsi
734 3636 865 3728 probari
889 3645 1040 3728 nequeat.
1066 3638 1200 3708 Constat
1219 3664 1262 3711 ex

13 3814 14 3841 p
112 3744 230 3834 quinta
249 3744 506 3835 propositionum
524 3743 565 3810 ab
584 3740 773 3811 Alexandro
792 3742 855 3811 Vll
877 3742 1117 3829 damnatarum,
1140 3748 1262 3816 tenoris

13 3844 14 3847 '
113 3850 328 3942 hujusmodi:
348 3852 507 3934 Quotam
520 3850 682 3918 euidenter
697 3850 757 3917 tibi
776 3863 895 3918 constet
915 3855 1051 3921 Petrum
1074 3876 1138 3922 erse
1156 3856 1261 3923 haere-

113 3960 230 4041 ticum,
246 3982 313 4027 non
328 3959 443 4027 teneris
454 3956 659 4041 denuntiare,
676 3958 705 4025 si
712 3958 854 4048 probare
866 3981 933 4026 nou
941 3962 1056 4049 possis.
