3050 4984
298 462 360 530 438
672 482 848 533 reseratus
872 488 909 532 nn
931 484 1064 533 rrrnrcus.
1504 498 1505 562 p

340 605 477 688 Quando
514 616 621 675 auum
651 609 703 676 vel
736 632 756 676 a
788 608 888 677 Sacra
912 608 1171 698 congregatione
1199 606 1351 693 Consilii,
1383 608 1434 677 vel

295 738 314 780 a
343 714 599 803 Congregatinne
628 715 810 806 specialiter
840 715 1003 806 deputata,
1033 714 1087 783 vel
1115 738 1134 781 a
1163 714 1198 783 S.
1225 714 1338 783 Palatii
1364 718 1434 783 Au·
1504 710 1505 783 ἒ

292 821 411 889 ditorio
430 822 660 913 pronuntiatur
679 823 878 890 matrimonii
898 822 1040 909 nullitas,
1058 822 1222 913 quomodo
1242 824 1362 891 instare
1384 823 1434 889 val
1504 910 1505 919 ἵ

292 928 453 1020 appellare
466 928 579 996 debent
592 930 792 997 matrimonii
807 929 971 1014 defensor,
989 929 1132 997 decernit
1147 928 1340 997 Benedictus
1354 928 1434 998 XIV
1504 922 1505 1009 l

292 1036 344 1103 his
361 1037 467 1104 verbis
485 1062 493 1104 :
514 1062 530 1100 a
543 1036 648 1106 Unica
661 1035 795 1127 quidem
815 1036 967 1105 resolutio
983 1060 1042 1129 pro
1066 1037 1212 1104 nullitate
1235 1036 1435 1104 matrimonii

295 1170 313 1210 a
336 1154 495 1231 emanata,
512 1146 540 1212 si
553 1168 650 1213 causa
665 1144 698 1211 in
712 1145 972 1234 congregatione
985 1144 1208 1213 Cardinalium
1218 1144 1346 1213 concilii
1360 1146 1435 1213 Tri-

294 1280 311 1318 a
336 1252 459 1321 dentini
475 1254 702 1344 interpretum,
719 1252 771 1321 vel
787 1252 821 1320 in
837 1252 1095 1341 Congragatione
1114 1251 1302 1342 particulari
1326 1250 1435 1343 depu-

294 1388 310 1425 a
335 1370 400 1429 tata
428 1369 654 1449 cognoscatur,
681 1367 712 1427 et
738 1360 887 1428 similiter
911 1358 945 1426 in
975 1357 1083 1449 palatii
1108 1358 1217 1427 Nostri
1245 1357 1432 1445 auditorio,
1504 1352 1505 1421 l

294 1469 431 1537 «runica
458 1468 615 1535 sententia
638 1490 737 1559 super
760 1466 875 1535 eadem
902 1465 1049 1535 nullitate
1071 1466 1279 1557 pronuntiata
1300 1466 1435 1534 minime

293 1603 310 1639 a
335 1574 484 1660 sufficiat,
501 1573 543 1642 ad
557 1573 765 1641 tribuendam
780 1572 915 1641 liberam
931 1571 1126 1662 conjugibus
1137 1572 1319 1641 facultatem
1331 1596 1435 1641 novas

293 1708 310 1745 «
334 1681 463 1770 nuptias
483 1680 706 1748 conuehendi.
724 1678 789 1748 Sed
806 1680 832 1746 si
849 1701 946 1747 eausa
966 1679 1000 1747 in
1021 1679 1156 1769 praefata
1174 1680 1434 1769 Congregatione
1504 1660 1505 1729 ἶ

292 1814 309 1852 a
333 1786 557 1856 Cardinalium
575 1786 757 1854 Tridentini
778 1783 907 1854 concilii
930 1786 1142 1875 interpretum
1163 1784 1348 1854 introducta
1362 1786 1430 1855 fue

293 1919 309 1957 a
334 1893 391 1977 rit,
415 1914 529 1960 rursus
554 1892 588 1959 in
611 1890 737 1977 eadem,
761 1891 803 1959 ad
826 1890 1005 1958 defensoris
1022 1890 1221 1959 matrimonii
1245 1891 1433 1959 instantiam
1504 1956 1505 1959 ,

293 2026 310 2063 n
335 2006 581 2090 reproponatnr.
606 1997 642 2066 Si
667 2019 747 2066 vero
767 1998 1018 2087 congregationi
1046 1997 1232 2087 particulari
1260 1999 1434 2067 commissa
1504 2028 1505 2095 ᾗ

293 2133 310 2171 a
333 2105 442 2190 luerit,
457 2106 499 2173 ad
521 2104 711 2196 petitionem
733 2103 878 2194 ejusdem
900 2102 1090 2187 defensoris,
1112 2105 1216 2173 altera
1237 2104 1335 2173 etiam
1356 2128 1435 2196 par-
1504 2116 1505 2199 ᾖ

291 2241 308 2279 a
331 2214 474 2281 ticularis
493 2212 709 2301 congregatio
731 2210 950 2301 deputabitur.
975 2210 1011 2278 si
1032 2232 1111 2279 vero
1131 2212 1166 2278 in
1187 2212 1298 2304 palatii
1321 2213 1433 2282 Nostri
1504 2206 1505 2269 l

292 2350 308 2386 a
333 2320 504 2389 Auditorio
515 2319 660 2409 judicata
674 2319 727 2401 sit,
739 2341 758 2385 a
768 2319 905 2409 praefato
922 2317 1089 2387 defensore
1100 2319 1314 2411 appellatione
1330 2320 1433 2388 inter·

292 2456 309 2494 a
333 2430 448 2520 posita,
469 2428 511 2495 ab
525 2426 597 2494 aliis
611 2424 815 2493 auditoribus
829 2426 925 2518 juxta
940 2425 1088 2494 ordinem
1103 2426 1272 2516 ingyrum
1287 2448 1346 2495 seu
1359 2436 1434 2495 tur·

292 2563 309 2600 a
332 2558 412 2603 num
428 2533 613 2601 definiatur.
631 2531 667 2599 Si
680 2541 788 2599 autem
805 2554 903 2600 causa
920 2533 1076 2601 universo
1090 2532 1245 2601 tribunali
1260 2535 1433 2603 commissa
1504 2530 1505 2619 l

291 2669 307 2706 «
332 2642 442 2726 tuerit,
455 2641 496 2709 ab
506 2641 658 2707 omnibus
667 2638 871 2708 auditoribus
884 2662 1016 2708 rursum
1030 2640 1273 2709 examinabitur
1288 2667 1297 2707 ε
1311 2641 1434 2709 nolen-
1504 2622 1505 2681 l

289 2777 307 2815 n
331 2759 376 2817 tes
392 2749 537 2833 omnino,
554 2757 590 2815 ut
607 2746 675 2814 ullo
691 2745 725 2813 in
740 2768 817 2814 caso
834 2746 1031 2814 matrimonii
1049 2746 1216 2815 vinculum
1236 2746 1431 2817 dissolutum
1504 2758 1505 2825 ἶ

290 2886 307 2922 a
330 2855 512 2941 censeatur,
529 2854 593 2922 nisi
616 2850 682 2921 duo
700 2852 844 2943 judicata
863 2853 913 2921 vel
937 2854 1161 2940 resolutioneat,
1183 2862 1241 2923 aut
1261 2856 1431 2923 sententie
1504 2880 1505 2917 l

290 2964 460 3055 «penitus
481 2962 603 3029 similes
629 2970 661 3025 et
682 2960 863 3028 conformes
892 2960 1058 3049 (aquibus
1084 2982 1187 3051 neque
1214 2983 1300 3051 pars,
1327 2984 1432 3055 nequa

290 3100 307 3137 a
330 3071 480 3139 defensor
497 3067 696 3136 matrimonii
710 3065 884 3134 crediderit
898 3065 1140 3158 appellandum)
1157 3068 1394 3137 emanaverint.
1412 3096 1427 3133 a
1504 3064 1505 3159 l

340 3178 407 3266 14.)

292 3180 468 3373 &Insuper
481 3280 576 3348 debet
591 3278 789 3347 matrimonii
806 3278 956 3347 defensor
973 3281 1196 3371 juramentum
1218 3292 1377 3374 prestare
1393 3286 1433 3352 de

285 3391 426 3460 fideliter
443 3388 604 3479 explendo
624 3386 729 3454 officio
749 3408 821 3473 suo,
848 3408 913 3455 non
934 3395 1059 3455 tantum
1082 3387 1214 3478 quando
1234 3390 1341 3481 prima
1361 3392 1432 3459 rice

286 3496 505 3579 constituitur,
525 3494 580 3562 sed
595 3494 691 3562 ctiam
705 3494 740 3559 in
759 3494 898 3582 singulis
919 3494 1024 3560 causis
1039 3494 1073 3560 in
1089 3495 1209 3585 quibus
1233 3498 1431 3566 matrimonii

287 3605 486 3675 validitatem
499 3602 651 3670 tuendam
668 3600 820 3692 suscipit;
838 3609 934 3691 prout
949 3622 1100 3691 expresse
1114 3600 1301 3671 decernitur
1314 3606 1336 3696 ᾗ
1350 3611 1385 3673 7.

331 3714 480 3781 Puucruu
494 3708 538 3777 V.
553 3747 597 3760 -
614 3710 663 3775 An
679 3721 710 3775 et
730 3721 895 3798 quotanus
908 3707 954 3776 ud
960 3730 1129 3799 processus
1143 3710 1289 3779 valorem
1309 3734 1434 3781 maesse

287 3824 329 3889 sit
344 3817 539 3888 interuenire
554 3815 753 3906 defensorem
769 3815 985 3883 matrimonii.
1002 3816 1159 3885 -Citari
1173 3827 1206 3887 et
1225 3818 1337 3889 adesse
1358 3844 1433 3889 om-

287 3928 384 3995 nibus
406 3925 530 3993 actibus
542 3920 751 4012 judicialibus
770 3920 891 3988 dictum
913 3921 1114 3991 defensorem
1134 3922 1214 3993 adeo
1234 3926 1431 4015 requiritur,

287 4043 323 4102 ut
343 4035 421 4101 alias
443 4030 541 4100 iidem
565 4036 655 4095 actus
678 4049 812 4118 prorsus
835 4028 917 4096 nulli
938 4029 1003 4096 sint
1023 4037 1119 4121 atque
1139 4030 1223 4099 irriti
1230 4056 1239 4115 ;
1262 4030 1295 4099 id
1318 4030 1433 4101 dener-

287 4150 381 4210 nente
402 4138 610 4207 Benedictina
636 4134 865 4204 constitutione
893 4136 926 4203 in
954 4136 1043 4204 bunc
1074 4138 1240 4207 modum:
1270 4140 1434 4209 «Delen-

291 4273 307 4311 a
331 4246 413 4314 soris
428 4240 617 4339 hujusmodi
633 4261 784 4333 persona,
802 4248 956 4337 mnqrram
973 4264 1048 4339 pars
1062 4245 1242 4315 necessaria
1260 4245 1301 4314 ad
1313 4246 1434 4345 judicii
