3050 4984
277 470 336 536 tes
650 492 825 537 rnrcrlrus
847 491 885 536 ns
908 489 1041 537 runicus.

321 610 455 694 Quinto,
472 612 720 681 communitates
747 638 755 679 ε
783 634 831 681 ene
846 612 937 682 enim
961 611 1075 702 jurent
1090 633 1148 702 per
1171 610 1343 702 syndicum
1360 632 1418 679 seu

275 728 515 809 procuratorem
538 741 633 788 suum
650 718 847 809 generalem,
873 718 901 786 si
929 740 1027 811 quem
1041 718 1253 787 constitutum
1268 717 1333 785 sibi
1358 717 1418 785 he-

275 826 382 894 beant.
411 825 446 894 Si
466 826 591 895 nullum
612 826 769 895 heberent
784 825 945 917 ejusmodi
961 833 1219 915 procuratorem,
1231 826 1344 917 jurare
1359 822 1419 891 de-
1504 883 1506 914 ,

276 934 364 1000 beret
379 933 622 1002 communitatis
636 932 804 1025 praeletus,
822 933 875 1001 vel
894 932 985 1001 solus
1002 932 1042 1023 (si
1057 954 1154 1001 ceusu
1169 932 1210 1000 de
1223 933 1264 1000 iis
1280 933 1322 1001 sit
1336 954 1421 1024 ques

277 1044 380 1127 potest
402 1037 435 1104 in
448 1036 572 1127 judicio
595 1037 759 1129 suscipere
774 1037 897 1129 ubsque
912 1060 1073 1107 consensu
1094 1045 1273 1107 conventus
1287 1037 1351 1125 sui)
1367 1037 1421 1107 vel

279 1142 522 1233 (sisecus)cum
539 1144 761 1235 majoriperte
774 1153 967 1215 conventus.
1504 1146 1506 1149 ’

319 1251 359 1319 11.
388 1249 439 1317 Ad
464 1249 686 1341 praestendum
707 1251 932 1340 juramentum
957 1252 1129 1323 calumniae
1150 1260 1304 1321 tenentur
1322 1252 1422 1319 etiam
1504 1327 1505 1330 Ἴ

275 1366 510 1449 procuratores.
531 1356 628 1447 (Vide
644 1355 1229 1448 Schmelrgrucber,intitul07,libri
1243 1363 1263 1427 2
1275 1357 1421 1443 Decret,
1504 1403 1505 1424 2

190 1484 194 1493 ·
278 1488 311 1531 n.
332 1464 401 1554 11.)

319 1572 375 1641 111.
391 1570 438 1640 lle
450 1571 525 1662 jure
541 1572 720 1659 communi,
738 1581 925 1642 tenerentur
944 1574 1039 1642 etiem
1053 1574 1278 1665 juramentum
1293 1571 1424 1641 celum-
1504 1609 1505 1670 5

277 1679 341 1747 nim
365 1678 512 1745 omittere
527 1676 674 1747 advocati
690 1701 746 1748 seu
762 1682 890 1771 petroni
912 1701 1083 1752 causarum
1108 1706 1116 1747 ε
1138 1702 1254 1749 verum
1280 1678 1320 1747 de
1341 1702 1424 1747 oon·
1504 1701 1505 1706 ’

276 1784 448 1853 suetudine
463 1784 495 1853 id
510 1785 578 1875 jem
594 1806 660 1855 non
677 1786 801 1855 servari
815 1788 849 1854 in
870 1787 970 1857 curiis
984 1787 1221 1873 ecelesiasticis,
1243 1785 1319 1855 vide
1332 1786 1425 1878 apud

278 1891 571 1981 Schmelzgrueber
584 1891 693 1981 (citeto
708 1893 805 1983 loco).

321 1999 464 2081 Quesrro
482 2001 527 2069 3³.
541 2026 584 2050 -·-
601 2001 673 2082 Quo
686 2000 756 2069 rito
763 2002 920 2090 prestari
933 2000 1048 2070 debeat
1057 2002 1234 2070 calumnie
1241 2003 1425 2092 juramen-

279 2110 432 2174 tum?—
459 2111 491 2173 1⁰
513 2107 665 2175 Defertur
689 2108 877 2177 auctoritate
889 2108 1030 2198 judicis3
1055 2113 1089 2176 2⁰
1110 2117 1285 2199 praestutur
1311 2130 1425 2178 corum

277 2214 390 2283 eodem
413 2214 538 2306 judice3
568 2216 601 2281 3⁰
623 2224 785 2305 praesente
808 2215 996 2284 edversario
1011 2216 1064 2284 vel
1088 2216 1159 2306 ejus
1187 2223 1422 2306 procuratore;

279 2326 312 2387 4⁰
326 2320 418 2387 tectis
432 2320 532 2388 saeris
545 2320 728 2411 scripturis,
742 2322 769 2388 si
777 2320 894 2411 jumne
908 2341 975 2388 non
990 2321 1080 2389 sitin
1094 2321 1195 2389 sacris
1207 2321 1423 2399 constitutum

277 2428 449 2517 propositis
463 2434 589 2495 tentum
605 2426 804 2515 Evangeliis,
817 2437 848 2494 et
862 2448 962 2495 manu
974 2427 1097 2517 pectori
1108 2427 1252 2512 admotu,
1267 2428 1294 2494 si
1304 2428 1425 2517 jurans

276 2534 318 2601 sit
344 2532 535 2623 Episcopus,
561 2532 613 2600 vel
636 2532 734 2600 etiem
749 2533 886 2601 clericus
911 2533 946 2601 iu
966 2534 1065 2602 sacris
1091 2534 1296 2604 constitutus.
1323 2534 1426 2623 (Vide

278 2639 580 2728 Solimulzgrucber,
605 2640 674 2707 loco
700 2640 770 2723 cit,
797 2662 830 2708 n.
862 2640 930 2730 11.)
959 2640 1131 2710 Formulns
1158 2648 1268 2709 nutem
1295 2664 1372 2733 quae
1390 2643 1426 2709 in

277 2747 338 2815 hoo
354 2745 530 2815 emittendo
547 2747 733 2837 juramento
760 2745 910 2815 adhiberi
936 2746 1089 2831 solerent,
1117 2746 1192 2816 vide
1214 2746 1303 2839 opud
1317 2748 1426 2817 Pelle-

277 2853 365 2941 grini
393 2852 523 2942 (Promis
543 2851 757 2935 Vicarlornm,
776 2861 868 2943 perte
891 2856 924 2937 2,
951 2853 1091 2922 sectione
1113 2857 1147 2939 2,
1168 2852 1372 2923 subsectione
1389 2859 1424 2942 2,

279 2982 312 3027 n.
334 2958 399 3051 15).

322 3066 463 3149 Quesrro
481 3068 527 3133 4⁸.
550 3102 594 3116 —
613 3068 775 3148 Quaenam
789 3065 831 3132 sit
838 3088 942 3155 poeno
956 3067 1136 3134 recusantis
1147 3078 1307 3157 prestare
1314 3066 1428 3156 juro-

279 3184 427 3241 mcntum
442 3172 639 3241 colomnis?
650 3210 694 3225 -
707 3172 787 3241 Eum
803 3170 1001 3240 sicdecrevit
1016 3172 1249 3263 Gregoriule
1264 3200 1272 3240 ι
1290 3174 1428 3242 oPoena

284 3302 401 3345 «vero
425 3280 601 3347 recusantis
627 3278 688 3346 boc
701 3279 941 3370 jurameutum,
970 3302 1044 3347 cum
1061 3278 1286 3370 praestnndum
1311 3278 1426 3366 luerit,

283 3414 299 3452 n
319 3397 377 3472 est,
404 3394 440 3455 nt
454 3394 543 3455 ector
569 3387 608 3455 ab
626 3386 774 3456 institute
795 3386 1147 3457 endelectione1reus
1175 3395 1284 3456 eutem
1310 3386 1429 3455 heberi

282 3521 299 3559 «
322 3492 436 3562 debeat
450 3515 510 3585 pro
525 3494 681 3563 confesso.
697 3520 714 3561 e
736 3494 825 3586 (Cup.
844 3498 876 3583 7,
890 3493 975 3563 tituli
992 3499 1025 3580 7,
1042 3493 1119 3561 libri
1134 3500 1155 3561 2
1171 3493 1314 3583 Decrct.)

795 3794 816 3883 ς
839 3793 895 3860 111.

277 3963 412 4021 Quomodo
426 3966 486 4011 sule
498 3962 648 4012 recentiore
661 3966 780 4027 ternpore
796 3977 811 4012 e
827 3962 969 4013 cunonistis
981 3961 1156 4013 communiter
1165 3961 1329 4013 intellectum
1336 3961 1430 4029 fuerit,

337 4041 512 4108 juramentum
528 4041 664 4093 celumuioe
680 4038 707 4093 in
721 4042 807 4093 causis
821 4040 899 4093 etium
912 4041 1094 4093 criminalibus
1105 4056 1163 4093 esse
1177 4041 1362 4107 prestandum.

321 4264 571 4365 Cononisterum
601 4264 749 4339 doctrina
774 4265 814 4334 ds
840 4263 1028 4335 necessitate
1054 4264 1237 4350 emittendi,
1264 4266 1360 4335 etium
1394 4269 1431 4337 in
