3050 4984
296 414 360 485 272
672 436 849 485 rnacrarns
872 439 912 484 nu
933 438 1068 485 morans.
1486 411 1491 492 ἔ

295 558 597 651 Archiepiscopum‚
622 560 768 628 etaltera
787 559 830 629 ad
849 562 972 652 Papam
986 562 1076 651 (nam
1089 560 1131 628 ad
1146 558 1269 650 Papam
1283 556 1431 649 appellari

295 675 399 757 potest
419 668 538 735 omisso
553 667 686 757 medio),
702 668 759 760 qui
774 668 915 759 appellat
930 667 971 735 ad
989 667 1111 757 Papam
1124 666 1219 735 debet
1234 664 1275 733 de
1291 665 1353 733 hoc
1367 687 1431 732 cer-

294 774 407 840 tiorem
437 772 540 841 facere
567 774 858 864 Archicpiscopum
878 802 886 842 :
908 773 1053 866 alioquin
1080 774 1108 842 is
1140 772 1247 842 valide
1274 770 1430 863 procedet.
1488 773 1492 878 j

299 878 612 969 (Sehmalzgrueben
629 881 699 948 loco
715 881 785 962 cit,
803 903 836 947 u.
855 881 921 971 55.)
1489 883 1492 894 “

339 986 521 1054 Paoeosrrro
544 986 601 1053 11⁸.
623 1024 667 1037 -
687 985 738 1053 Ad
758 990 901 1077 Papam,
924 987 1050 1054 omr'ssis
1074 984 1276 1054 intermediis
1294 984 1432 1053 omnibns
1485 1029 1493 1094 3

293 1093 521 1174 tribunalibus,
540 1093 704 1185 appellari
712 1107 834 1186 potest,
854 1094 917 1161 m‘si
932 1098 1027 1185 Papa
1041 1095 1109 1186 ipse
1124 1093 1329 1162 contrarium
1344 1092 1433 1160 alicui

294 1199 420 1290 cepioni
432 1199 613 1269 indulserit.
637 1240 682 1252 -
702 1226 718 1265 a
736 1203 765 1267 Α
781 1223 987 1292 quocumque
1002 1201 1113 1291 judice
1132 1200 1189 1291 (ait
1208 1200 1389 1269 [euresius
1403 1200 1432 1265 iu

299 1332 316 1371 a
342 1309 423 1375 Foro
435 1308 656 1389 ecclesiastico,
670 1308 704 1375 in
720 1308 770 1377 tit.
784 1309 839 1392 28,
856 1309 880 1375 l.
899 1312 918 1374 2
935 1308 1122 1399 Decret.,q.
1142 1309 1239 1398 1063)
1252 1306 1434 1375 immediate

298 1439 315 1476 <r
339 1413 379 1480 ad
396 1414 518 1504 Papam
529 1413 685 1505 appellari
698 1420 802 1504 potest
817 1437 859 1482 ex
872 1423 940 1483 toto
950 1415 1040 1500 orbe,
1059 1414 1209 1483 incausis
1221 1412 1432 1481 ecclesiastiris

301 1547 316 1583 a
340 1528 372 1586 et
387 1520 621 1609 spiritualibus.
644 1520 748 1611 Cujus
764 1522 845 1588 ratio
865 1529 914 1589 est
934 1521 1103 1614 plenitudo
1118 1522 1283 1612 potestatis
1299 1519 1433 1589 residens
1494 1535 1495 1540 ’

301 1654 316 1690 a
342 1627 376 1694 in
400 1627 500 1718 Papa,
527 1628 679 1718 quodque
701 1627 789 1718 Papa
813 1628 856 1695 sit
879 1627 1074 1696 Ordinarias
1094 1628 1345 1697 ordinariorum
1370 1648 1433 1693 om-

299 1759 317 1801 n
341 1734 433 1800 nium
456 1733 604 1824 judicum
621 1734 830 1820 inferiorum,
846 1743 1093 1804 concurrentem
1117 1758 1193 1804 cum
1213 1735 1276 1803 illis
1296 1735 1331 1802 in
1349 1732 1434 1801 dictis

299 1876 315 1912 a
341 1842 446 1915 causis
468 1840 729 1931 jurisdictionem
752 1840 886 1909 habens.
914 1842 1026 1933 Neque
1051 1840 1323 1909 communicando
1340 1840 1435 1932 juris-
1496 1891 1497 1898 κ

300 1984 317 2021 a
341 1952 515 2021 dictionem
530 1956 597 2015 tam
613 1946 821 2015 Ordinariam
834 1971 932 2039 quam
949 1948 1128 2039 delegatam
1143 1948 1230 2035 aliis,
1241 1972 1260 2017 a
1270 1971 1305 2017 se
1315 1948 1436 2016 abdicat

303 2090 320 2127 a
344 2080 449 2128 suam.
471 2081 488 2119 n

346 2163 548 2252 «Excipitur
559 2183 726 2252 casusquo
743 2162 925 2253 appellatur
935 2162 1172 2253 asubdelegato
1180 2164 1321 2251 delegati
1332 2163 1434 2254 Papae,

302 2302 319 2341 a
342 2274 400 2365 qui
414 2268 650 2357 subdelegavit,
667 2290 734 2335 non
752 2268 788 2334 in
804 2280 924 2349 totam,
941 2268 997 2336 sed
1012 2270 1137 2360 aliquid
1157 2270 1219 2338 sibi
1233 2269 1434 2339 reservando.

303 2409 320 2448 a
344 2382 436 2449 Tunc
450 2376 550 2457 enim,
567 2397 642 2443 cum
655 2373 822 2463 delegatus
837 2374 933 2465 Papae
949 2384 1158 2467 repraesentet
1169 2399 1343 2469 personam
1356 2377 1437 2467 ejus·

302 2516 319 2554 a
343 2487 431 2572 dem,
447 2505 513 2551 non
528 2481 622 2549 debet
635 2481 791 2572 appellari
805 2481 846 2548 ad
870 2482 978 2573 ipsum
993 2482 1130 2574 Papam,
1152 2481 1209 2551 sed
1224 2484 1265 2551 ad
1287 2483 1435 2573 delegan-

301 2622 319 2661 α
343 2606 419 2662 tem.
438 2618 455 2655 n
473 2587 791 2679 (Schmalzgrueher,
807 2587 842 2655 in
856 2589 906 2656 tit.
924 2592 979 2675 28,
997 2588 1021 2656 l.
1039 2590 1180 2677 anna,
1193 2612 1227 2658 n.
1241 2592 1309 2680 ot.)
1327 2589 1435 2658 Mutti-

296 2702 396 2795 plices
416 2696 501 2789 juris
520 2702 642 2779 textus,
667 2694 788 2784 quibus
815 2716 959 2785 praesens
983 2696 1094 2784 thesis,
1122 2719 1249 2766 necnon
1275 2695 1436 2766 memorati

296 2830 389 2877 casus
411 2804 570 2894 exceptio,
596 2802 720 2869 firmari
746 2800 861 2886 solent,
886 2802 1044 2871 indicatos
1068 2804 1166 2872 habes
1188 2804 1275 2897 apud
1298 2804 1437 2873 laudatas

295 2924 456 2998 auctores,
479 2910 584 2977 citatis
598 2908 687 2976 locis.

341 3020 408 3089 Nos
422 3017 527 3085 fusius
542 3012 757 3105 probandam,
776 3035 835 3104 pro
848 3014 951 3106 ipsius
964 3016 1138 3104 gravitate,
1151 3016 1300 3084 eamdem
1313 3014 1436 3099 thesim,

296 3128 525 3195 adtractatum
542 3120 582 3187 de
598 3124 692 3209 Papa
713 3121 924 3207 remittentes,
942 3121 997 3189 hic
1015 3122 1187 3190 dumtaxat
1202 3123 1437 3205 adnotabimus,

296 3232 495 3303 contrariam
523 3227 708 3295 doctrinam
738 3249 944 3318 nequaquam
973 3252 993 3295 a
1022 3228 1094 3297 viro
1132 3229 1289 3298 catholico
1317 3229 1438 3298 admitti

296 3361 406 3432 possm
423 3344 534 3426 utpote
556 3356 630 3424 quae
648 3334 782 3402 omnino
797 3356 934 3403 erronea
948 3344 1008 3421 est,
1024 3336 1059 3402 iu
1072 3336 1213 3405 schisma
1226 3337 1395 3424 inducens,
1409 3344 1438 3403 et

296 3444 429 3537 sapiens
445 3440 610 3509 haeresim.

343 3554 529 3621 Psorosruo
543 3547 614 3615 111².
633 3587 677 3600 —
693 3553 740 3618 De
752 3550 842 3639 sacto
854 3548 966 3639 quoad
981 3551 1129 3619 Galliam
1140 3574 1201 3643 per
1211 3552 1439 3622 concordatum

298 3682 373 3729 cnm
387 3656 556 3726 Francisco
573 3657 590 3720 1
604 3642 737 3737 initiam,
755 3655 854 3724 Sedes
870 3658 1054 3747 Apostolica
1069 3658 1262 3741 indulserat,
1285 3673 1324 3729 nt
1339 3659 1383 3728 ad
1392 3662 1440 3751 ip

298 3789 371 3834 snm
385 3761 511 3832 omissis
526 3761 727 3830 intermediis
737 3760 908 3851 judicibus
921 3787 987 3831 reon
996 3778 1107 3856 posset
1121 3766 1296 3858 appellari.
1309 3807 1352 3820 -
1363 3765 1441 3834 Vide

299 3874 331 3941 id
346 3875 380 3941 in
398 3872 469 3962 ipso
489 3868 566 3935 dicti
583 3869 768 3937 concordati
789 3878 881 3938 textu
897 3893 1102 3963 expressum.
1124 3874 1324 3945 Perdurasse
1338 3884 1440 3943 autem

300 3980 418 4047 dictam
433 3973 677 4065 dispositionem
695 3998 799 4067 usque
814 3976 855 4044 ad
872 4001 995 4046 novum
1007 4004 1085 4048 cum
1099 3981 1265 4051 Gallicana
1284 3983 1442 4076 republica

300 4083 531 4153 concordatum
545 4080 623 4147 anni
641 4084 738 4167 1802,
757 4082 894 4152 dubium
909 4107 975 4153 non
995 4096 1053 4154 est.
1073 4089 1125 4155 Ab
1146 4111 1183 4156 ea
1203 4099 1312 4157 tamen
1330 4112 1442 4180 excep·
1496 4093 1498 4238 p

300 4202 343 4261 tre
360 4195 584 4258 remanserant
606 4187 743 4278 (dejure
766 4191 892 4277 saltem,
911 4191 1072 4284 quidquid
1091 4195 1126 4261 in
1146 4194 1230 4265 iacto
1254 4206 1441 4266 attentatum
