3050 4984
282 422 345 489 tbi
652 442 828 492 mtcrtrns
849 442 889 490 nr
911 442 1042 493 saman

277 565 366 635 noris
388 562 576 655 hujusmodi
599 592 606 631 :
628 590 645 629 s
667 562 813 649 Censuit,
837 565 966 634 decreto
990 566 1142 637 sessionis
1170 568 1224 654 ll,
1247 568 1364 660 capitis
1389 568 1418 654 l,

282 698 299 737 a
322 682 501 741 correctum
522 694 590 740 esse
614 682 710 765 capiat
733 678 750 741 l
772 676 828 741 Ea
851 686 961 741 tenore
981 673 1033 763 (ds
1054 676 1139 743 Foro
1157 676 1379 767 competenti),
1392 685 1421 745 et

282 804 299 843 a
322 788 416 870 caput
434 784 452 846 b
470 778 521 847 Ad
533 802 630 848 aures
655 780 779 870 (eodem
791 780 911 871 titulo),
924 789 956 848 et
977 782 1187 872 ampliatam
1214 782 1259 851 ita
1274 792 1311 849 ut
1331 806 1423 851 som·

282 886 500 976 «prehendet
528 908 657 977 qaoque
679 885 812 953 clericos
838 886 1009 955 saculares
1034 888 1143 977 (etiam
1167 887 1345 978 dignitates
1372 889 1421 956 vel

281 1018 299 1057 α
320 990 489 1075 beneficia,
512 992 631 1081 quibus
651 1014 801 1060 annexus
821 993 862 1060 sit
880 988 974 1077 ordo,
1000 994 1205 1085 obtinentes),
1225 1004 1291 1063 tam
1314 994 1423 1086 quoad

156 1192 158 1199 Ι
280 1124 298 1164 s
321 1098 503 1167 facultatem
520 1098 713 1189 probibendi
725 1121 895 1167 ascensum
909 1098 948 1167 nd
965 1098 1107 1186 ordines,
1123 1123 1221 1192 quem
1236 1102 1334 1169 etiam
1350 1124 1422 1171 sus

281 1230 297 1269 a
321 1204 499 1296 pendendi;
515 1206 657 1295 ipsisque
675 1207 870 1295 fucabatem
890 1206 1080 1297 appellandi
1095 1207 1287 1300 ademptam
1306 1232 1420 1277 esse.»

280 1312 322 1403 (V
325 1312 378 1381 ide
400 1312 482 1381 hanc
504 1311 698 1381 decisionem
718 1314 852 1381 relatam
877 1314 964 1404 apud
985 1313 1122 1400 Giraldi,
1141 1316 1316 1406 dispositio
1333 1316 1425 1406 juris

269 1419 447 1509 pontificii,
464 1428 548 1509 part.
568 1422 600 1502 2,
618 1428 693 1487 sect.
719 1419 789 1507 lb.)

319 1524 512 1593 Benedictus
526 1524 618 1609 XIV,
641 1526 869 1593 constitutione
883 1526 936 1595 Aa
947 1527 1134 1607 militantis,
1155 1531 1167 1595 l
1189 1528 1302 1619 aprilis
1322 1532 1423 1617 stit,

276 1632 384 1699 varios
397 1652 568 1700 recensens
579 1653 672 1699 casus
688 1632 724 1699 in
734 1632 855 1722 quibus
869 1655 933 1701 non
945 1632 1040 1703 dntrrr
1051 1634 1239 1726 appellatio,
1248 1637 1424 1704 sententias
1503 1691 1506 1707 ι

275 1760 315 1805 ea
326 1738 506 1827 internicio
515 1737 708 1806 commentia
717 1738 757 1804 iis
772 1739 902 1806 casibus
911 1750 1117 1827 annumerat,
1133 1741 1185 1809 his
1198 1741 1308 1811 verbis
1320 1769 1330 1809 ι
1340 1744 1424 1810 ltem

182 1844 189 1861 '
275 1872 296 1915 a
313 1853 522 1935 denepatione
532 1871 702 1917 sanorum
711 1853 878 1931 ordinum,
889 1854 1099 1919 uelascensus
1112 1856 1249 1921 adalias
1262 1860 1422 1939 majores,¹

273 1969 374 2044 prout
383 1963 483 2025 etiam
502 1960 659 2025 aduersus
672 1962 913 2045 smpensionem
934 1962 976 2025 ab
989 1963 1158 2027 ordinibus
1165 1965 1241 2044 jnm
1254 1968 1422 2049 susceptis,

276 2069 315 2132 ab
328 2070 450 2133 crimen
464 2068 636 2147 occuitum,
650 2070 717 2133 siae
728 2088 770 2132 aa
784 2070 962 2150 infamata
976 2072 1182 2150 conscientia,
1197 2076 1302 2155 justa
1317 2074 1423 2156 dispo

275 2177 423 2241 sitionem
443 2176 541 2241 Sacri
558 2175 708 2253 Consilii,
723 2177 861 2240 sessione
876 2182 924 2252 rt,
941 2176 981 2241 de
1001 2178 1254 2259 deformatione,
1269 2182 1378 2263 capite
1392 2188 1419 2245 t.

319 2282 413 2351 Unde
424 2284 557 2352 omnino
573 2290 659 2350 certa
677 2291 724 2349 est
740 2282 839 2350 thesis
859 2305 959 2374 quom
982 2306 1242 2375 propugnamus,
1266 2308 1336 2355 non
1352 2287 1422 2356 dari

273 2389 392 2457 scilicet
410 2388 658 2480 appellationem
679 2411 698 2457 a
717 2389 885 2457 sententiis
907 2391 1155 2482 episcopalibus,
1183 2414 1224 2460 ex
1246 2392 1421 2463 informato

273 2496 466 2564 couscientia
489 2496 576 2580 latis,
606 2495 727 2587 quibus
754 2495 807 2564 vel
837 2496 1043 2564 interdicitur
1062 2520 1215 2567 ascensus
1238 2500 1281 2567 ed
1314 2524 1421 2569 sacros

273 2602 415 2687 ordines,
440 2601 493 2670 vel
507 2602 627 2693 aliquis
642 2602 779 2671 clericas
793 2603 835 2670 nb
854 2602 1036 2689 ordinibus,
1057 2604 1283 2693 dignitatibus,
1307 2608 1422 2696 gradi-

271 2710 346 2795 bus,
365 2708 583 2777 honoribusve
604 2708 827 2799 suspenditur.

321 2816 500 2885 Psorosmo
522 2814 595 2883 qu
614 2852 658 2867 -
684 2815 799 2883 Valent
819 2814 914 2884 duta
936 2819 1154 2908 suspensiones
1178 2841 1219 2886 ea
1238 2820 1420 2910 infamata

273 2921 477 3003 conscientia,
500 2921 565 2988 siue
580 2920 761 3013 Episcopus
779 2921 953 3013 suspendat
973 2923 1019 2991 ad
1037 2936 1163 3015 tempus
1183 2924 1421 2995 indetermina-

276 3042 360 3110 tum,
377 3028 443 3095 siae
463 3026 677 3095 determinate
698 3026 744 3095 ad
758 3028 824 3096 tale
848 3041 988 3119 tempus,
1005 3029 1072 3097 sine
1086 3052 1232 3122 expresse
1244 3031 1280 3099 in
1299 3056 1420 3126 perpe-

276 3148 382 3203 tuum.
399 3173 443 3187 -
465 3134 626 3202 Probatur
644 3137 675 3201 1ο
692 3157 733 3202 ex
750 3134 942 3204 Tridentino
955 3144 1059 3224 textu,
1081 3136 1116 3203 iu
1131 3160 1198 3227 qno
1213 3139 1360 3229 positum
1373 3149 1420 3208 est

275 3242 470 3310 vocabulum
489 3240 748 3323 Quomodolibet,
768 3240 878 3327 idest,
896 3262 1102 3333 quocumque
1118 3243 1217 3313 modo
1231 3248 1419 3338 suspensio·

276 3372 350 3415 nem
364 3350 552 3439 pronuntiet
569 3370 669 3436 :ergo
683 3350 780 3417 etiam
795 3348 927 3438 quando
941 3349 1111 3439 suspendit
1132 3352 1278 3441 praelatis
1299 3354 1415 3422 modis.

321 3456 479 3523 Probatur
500 3444 534 3521 20'
550 3476 590 3521 ex
611 3454 719 3523 Sacrae
742 3456 1012 3545 Congregationis
1030 3456 1166 3525 Consilii
1186 3458 1416 3528 decisionibus.

319 3565 357 3630 ln
372 3562 456 3629 libro
478 3565 496 3627 7
519 3562 741 3647 Decretorum,
768 3562 845 3630 lolio
871 3565 1066 3651 abstergo,
1092 3563 1139 3631 sic
1157 3566 1239 3630 meis
1256 3567 1328 3656 ipse
1343 3589 1420 3635 ocu-

278 3671 317 3739 lis
336 3669 402 3759 legi
428 3694 435 3735 :
466 3668 682 3759 Conprepatio
709 3667 845 3737 Consilii
863 3668 997 3749 censuit,
1020 3682 1121 3760 caput
1136 3670 1287 3760 primum
1308 3674 1420 3741 sessio-

273 3790 324 3852 nis
349 3791 387 3849 tt
410 3784 459 3863 (de
486 3783 740 3864 deformatione)
766 3782 883 3847 babere
908 3784 1015 3847 locum
1041 3786 1076 3846 in
1100 3788 1364 3867 suspensionibus
1389 3799 1420 3853 et
1506 3821 1507 3836 κ

273 3890 544 3977 prohibitionibus
568 3898 636 3953 tam
658 3890 864 3971 temporariis
882 3910 984 3974 quam
1001 3894 1186 3973 perpetuis;
1206 3902 1239 3956 et
1261 3903 1420 3981 tempora·

276 4004 337 4065 iem
359 3998 617 4085 prohibitionem
644 4004 676 4060 et
700 3999 944 4092 suspensionem
968 3998 1035 4061 dici
1051 4016 1136 4077 eam,
1157 4001 1216 4064 ubi
1238 4021 1280 4066 es
1303 4004 1419 4069 deluto
1506 4079 1507 4094 ἶ

275 4099 396 4164 coemto
423 4094 726 4177 eatraiudiciaiiter
748 4096 899 4177 procedit
926 4097 1116 4179 Episcopus,
1140 4099 1188 4161 ad
1208 4117 1306 4164 mum
1327 4103 1418 4167 bene
1506 4111 1507 4168 i

273 4207 431 4289 placitum
442 4202 641 4288 probibendo
656 4202 955 4285 aelsuspendenda.
1506 4195 1507 4200 ’
