3050 4984
508 478 582 523 raas
604 478 748 523 ιιιιιιιιιιι.
1151 459 1213 522 209

87 599 196 689 juncti,
212 599 372 691 peculiare
394 599 616 691 capitulorum
631 621 750 669 nomen
772 621 814 667 ex
834 599 1046 690 frequentiori
1070 622 1132 668 usu
1154 600 1218 667 sibi

89 706 256 775 vindicant.
273 706 368 775 Unde
384 705 529 797 capitula
542 705 623 773 nibil
647 705 736 775 abud
749 715 826 773 suut
850 728 948 797 quem
969 706 1117 796 praedicti
1140 708 1220 774 arti·

89 811 146 878 ruli
160 820 192 878 et
206 811 393 901 positiones,
416 821 576 902 quatenus
601 812 636 879 in
651 811 756 880 causis
770 811 995 881 criminalibus
1008 811 1217 881 adhibentur.

93 915 324 1007 «Capitulum,
345 916 391 983 ait
416 915 619 1005 Pellegrinus
643 917 724 1007 (loco
750 916 822 1000 cit,
840 940 873 984 n.
895 916 960 1007 ll),
987 927 1036 985 est
1062 917 1221 985 terminus

92 1050 105 1085 ι
128 1022 228 1111 magis
257 1022 434 1111 generalis,
456 1022 732 1116 comprehendens
759 1023 952 1114 positionem
975 1032 1008 1090 et
1032 1022 1219 1093 articulum.

93 1158 108 1193 ι
128 1130 209 1197 Hinc
223 1130 383 1198 terminus
398 1128 493 1199 datus
510 1129 552 1197 nd
567 1128 829 1220 capitulandu'm,
844 1128 1149 1198 censeturdatosad
1162 1152 1221 1222 po·

94 1266 108 1301 a
130 1238 270 1306 nendum
296 1246 328 1307 et
351 1236 590 1307 articulandum
610 1236 729 1305 :sede
752 1247 865 1307 contra
885 1238 1044 1307 terminus
1070 1237 1165 1305 datus
1180 1236 1221 1305 ad

93 1344 322 1436 tpoamdum,
353 1367 419 1414 non
444 1353 593 1413 censetur
607 1344 703 1413 datus
729 1343 771 1412 ad
797 1344 1052 1435 capitulandum.
1073 1344 1158 1411 Hinc
1175 1352 1223 1411 est

93 1478 107 1515 t
127 1451 212 1542 qnod
232 1453 268 1519 in
291 1451 515 1521 criminalibus
543 1450 678 1519 inolevit
703 1452 828 1543 praxis,
854 1451 943 1543 quod
965 1451 1096 1542 quando
1118 1450 1222 1542 judex

93 1559 268 1650 «procedit
290 1569 403 1629 contra
426 1582 499 1628 reos
521 1567 552 1627 et
566 1558 711 1627 concedit
726 1558 790 1627 illis
811 1557 1029 1638 defensiones,
1051 1558 1224 1627 decernere

93 1690 108 1728 ι
128 1667 205 1735 solet
227 1666 315 1757 quod
331 1666 450 1735 dentur
464 1666 612 1758 capitolo
626 1687 683 1733 reo
701 1665 873 1758 inquisito,
900 1663 942 1732 ad
961 1664 1223 1756 respondendum

94 1794 108 1832 ι
127 1792 222 1860 snper
246 1770 324 1857 illis,
343 1792 419 1862 qum
442 1770 575 1839 collecta
589 1779 666 1841 sunt
685 1792 705 1837 a
729 1768 807 1839 fisco
820 1793 863 1839 ex
888 1771 1118 1841 informatione
1132 1781 1225 1862 capta

93 1902 108 1939 ι
127 1885 236 1945 contra
251 1878 359 1968 ipsum
385 1877 504 1969 (reum)
517 1905 526 1965 3
550 1876 591 1947 ad
611 1877 671 1945 hoe
685 1886 722 1947 ut
737 1876 834 1945 fiscus
847 1878 950 1969 possit
964 1878 1083 1946 babere
1097 1877 1225 1946 confes-

93 2010 106 2046 ι
126 1985 248 2053 sionem
264 1984 307 2052 ab
321 1984 489 2077 inquisito,
506 2007 603 2075 super
619 1984 735 2054 delicto
763 1983 884 2077 dequo
904 1985 1101 2077 inquiritur;
1120 1993 1152 2052 et
1177 1984 1223 2052 sic

92 2116 107 2153 ι
128 2090 303 2181 inquisitus
316 2089 511 2181 quandoque
524 2092 643 2159 citatur
656 2089 702 2159 ad
709 2090 907 2180 capitulum,
925 2091 958 2158 id
971 2100 1020 2159 est
1032 2091 1073 2159 ad
1088 2113 1224 2182 respon-

92 2222 106 2259 ι
127 2196 268 2266 dendum
283 2195 436 2286 capitulis
445 2221 459 2279 ,·
471 2206 503 2264 et
516 2218 644 2287 semper
657 2196 877 2265 criminalistae
895 2206 1033 2266 utuntur
1048 2198 1110 2265 boe
1123 2199 1224 2267 verbo

93 2327 108 2367 ι
128 2302 322 2395 capitulum.
341 2302 491 2394 Capitula
504 2303 591 2371 euim
608 2303 785 2372 succedunt
795 2302 866 2372 loco
880 2304 1081 2394 positionum
1099 2313 1131 2371 et
1143 2306 1222 2371 arti-

93 2436 107 2473 ι
128 2411 288 2496 culorum,
305 2432 403 2503 super
417 2410 539 2502 quibus
554 2412 645 2479 ouria
659 2410 797 2501 probare
809 2410 948 2479 intendit
962 2433 1056 2480 suam
1071 2411 1224 2479 intentio-

92 2542 106 2579 ι
127 2540 199 2586 nem
215 2528 327 2587 contm
350 2539 442 2585 reum
468 2518 673 2610 inquisitum,
690 2518 742 2585 vel
759 2540 816 2608 per
836 2517 1082 2604 confessionem,
1101 2518 1153 2585 vel
1166 2540 1224 2609 per

92 2649 106 2686 t
127 2634 232 2712 testes,
250 2634 286 2693 ut
300 2624 438 2693 babetur
453 2624 604 2716 incapite
618 2623 768 2707 Qualiter
781 2636 811 2691 et
827 2624 968 2714 quando,
985 2624 1024 2692 de
1038 2625 1222 2693 Munatio-

92 2757 108 2795 ι
127 2733 231 2802 nibus.
251 2760 268 2799 ι)

127 2842 209 2910 Huic
223 2841 347 2910 notioni
363 2842 403 2909 de
420 2840 647 2933 positionibus,
671 2840 818 2909 ortimrlis
840 2850 871 2907 et
884 2841 1047 2933 capitulas,
1066 2842 1222 2931 tantisper

89 2948 326 3018 immorandum
340 2947 509 3035 duximus,
524 2970 564 3015 ne
579 2946 692 3015 relicta
707 2946 767 3015 hac
785 2948 819 3014 in
843 2970 877 3013 re
892 2947 1050 3034 conlusio,
1068 2947 1222 3015 diceudo-
1298 3014 1303 3025 ,

88 3078 156 3123 rum
171 3056 416 3146 intelligentiam
431 3054 542 3123 lectori
553 3052 776 3145 praecluderet.

607 3358 628 3449 ς
650 3358 691 3427 ιι.

117 3534 153 3581 tn
169 3534 195 3581 et
206 3530 339 3597 quomodo
357 3542 421 3580 usus
435 3529 601 3594 positionum,
620 3529 790 3579 articulorum
804 3532 831 3579 et
849 3530 1030 3595 capitulorum,
1044 3532 1077 3582 sit
1088 3533 1188 3597 dejure

499 3610 632 3661 communi
645 3608 808 3660 servandus?

127 3810 311 3881 Prorosrrro
333 3808 374 3878 1⁸.
392 3848 436 3861 -
455 3811 536 3877 Uarro
552 3808 765 3901 positionum,
792 3809 1010 3878 articulorum
1037 3821 1069 3875 et
1089 3810 1220 3900 copita-

87 3914 202 4000 lorom,
220 3920 287 3987 vim
297 3918 389 4008 juris
411 3916 593 3985 commouit
606 3916 725 3984 labere
739 3914 913 3984 cernendus
928 3928 985 3983 est.
1002 3914 1219 3985 -Probatur

89 4027 118 4087 1ο
131 4048 172 4093 ex
182 4026 384 4094 Clementiae
392 4027 487 4115 Saepe
501 4025 547 4115 (2,
560 4022 599 4090 de
616 4022 793 4090 Verborum
800 4022 940 4114 olymp),
949 4046 1015 4115 qua
1026 4020 1218 4113 praedictum

89 4151 196 4218 usum,
220 4134 317 4201 etiam
333 4133 367 4200 in
388 4130 520 4224 judiciis
541 4130 728 4197 summariis
752 4122 951 4199 servandum
964 4129 1108 4197 essehoc
1123 4131 1220 4199 modo

89 4234 293 4307 decernitur:
311 4242 357 4307 Et
370 4238 448 4329 quio
460 4237 636 4330 positiones
658 4235 705 4303 ad
724 4237 907 4326 faciliorem
919 4235 1156 4329 expeditionem
1181 4238 1224 4335 [ι’-ι

245 4364 277 4409 ιι.
1025 4348 1062 4407 rt
