<?xml version="1.0" encoding="UTF-8"?>
<!DOCTYPE html PUBLIC "-//W3C//DTD XHTML 1.0 Transitional//EN"
    "http://www.w3.org/TR/xhtml1/DTD/xhtml1-transitional.dtd">
<html xmlns="http://www.w3.org/1999/xhtml" xml:lang="en" lang="en">
 <head>
  <title>
</title>
<meta http-equiv="Content-Type" content="text/html;charset=utf-8" />
  <meta name='ocr-system' content='tesseract 3.04.00' />
  <meta name='ocr-capabilities' content='ocr_page ocr_carea ocr_par ocr_line ocrx_word'/>
</head>
<body>
  <div class='ocr_page' id='page_1' title='image "./tractatusdejudi00goog_0465.png"; bbox 0 0 3050 4984; ppageno 0'>
   <div class='ocr_carea' id='block_1_1' title="bbox 550 510 1244 576">
    <p class='ocr_par' dir='ltr' id='par_1_1' title="bbox 550 510 1244 576">
     <span class='ocr_line' id='line_1_1' title="bbox 550 510 1244 576; baseline -0.001 0"><span class='ocrx_word' id='word_1_1' title='bbox 550 528 626 576; x_wconf 78' lang='lat' dir='ltr'><strong>rens</strong></span> <span class='ocrx_word' id='word_1_2' title='bbox 648 527 795 576; x_wconf 78' lang='lat' dir='ltr'><strong>securus.</strong></span> <span class='ocrx_word' id='word_1_3' title='bbox 1182 510 1244 575; x_wconf 83' lang='lat' dir='ltr'><strong>t57</strong></span> 
     </span>
    </p>
   </div>
   <div class='ocr_carea' id='block_1_2' title="bbox 99 638 1264 4383">
    <p class='ocr_par' dir='ltr' id='par_1_2' title="bbox 99 638 1247 1678">
     <span class='ocr_line' id='line_1_2' title="bbox 100 638 1244 733; baseline 0.003 -24"><span class='ocrx_word' id='word_1_4' title='bbox 100 640 249 710; x_wconf 87' lang='lat' dir='ltr'><strong>validum</strong></span> <span class='ocrx_word' id='word_1_5' title='bbox 262 639 316 709; x_wconf 92' lang='lat' dir='ltr'><strong>vel</strong></span> <span class='ocrx_word' id='word_1_6' title='bbox 333 638 465 711; x_wconf 91' lang='lat' dir='ltr'><strong>irritum</strong></span> <span class='ocrx_word' id='word_1_7' title='bbox 487 640 569 729; x_wconf 87' lang='lat' dir='ltr'><strong>fore,</strong></span> <span class='ocrx_word' id='word_1_8' title='bbox 591 648 664 733; x_wconf 88' lang='lat' dir='ltr'><strong>post</strong></span> <span class='ocrx_word' id='word_1_9' title='bbox 683 642 849 712; x_wconf 79' lang='lat' dir='ltr'><strong>obtentam</strong></span> <span class='ocrx_word' id='word_1_10' title='bbox 869 640 1154 733; x_wconf 69' lang='lat' dir='ltr'><strong>dispensationem,</strong></span> <span class='ocrx_word' id='word_1_11' title='bbox 1174 650 1244 712; x_wconf 89' lang='lat' dir='ltr'><strong>tum</strong></span> 
     </span>
     <span class='ocr_line' id='line_1_3' title="bbox 100 734 1246 842; baseline 0.003 -25"><span class='ocrx_word' id='word_1_12' title='bbox 100 770 228 819; x_wconf 90' lang='lat' dir='ltr'><strong>novum</strong></span> <span class='ocrx_word' id='word_1_13' title='bbox 241 748 487 819; x_wconf 82' lang='lat' dir='ltr'><strong>matrimonium</strong></span> <span class='ocrx_word' id='word_1_14' title='bbox 502 748 590 841; x_wconf 91' lang='lat' dir='ltr'><strong>quod</strong></span> <span class='ocrx_word' id='word_1_15' title='bbox 602 748 861 835; x_wconf 73' lang='lat' dir='ltr'><strong>contraheretur,</strong></span> <span class='ocrx_word' id='word_1_16' title='bbox 879 756 949 818; x_wconf 92' lang='lat' dir='ltr'><strong>tum</strong></span> <span class='ocrx_word' id='word_1_17' title='bbox 965 734 1057 842; x_wconf 90' lang='lat' dir='ltr'><strong>prius</strong></span> <span class='ocrx_word' id='word_1_18' title='bbox 1073 748 1246 820; x_wconf 91' lang='lat' dir='ltr'><strong>matrimo-</strong></span> 
     </span>
     <span class='ocr_line' id='line_1_4' title="bbox 100 855 1247 948; baseline 0.002 -24"><span class='ocrx_word' id='word_1_19' title='bbox 100 855 209 944; x_wconf 89' lang='lat' dir='ltr'><strong>nium,</strong></span> <span class='ocrx_word' id='word_1_20' title='bbox 225 876 287 947; x_wconf 88' lang='lat' dir='ltr'><strong>pro</strong></span> <span class='ocrx_word' id='word_1_21' title='bbox 308 878 375 947; x_wconf 89' lang='lat' dir='ltr'><strong>quo</strong></span> <span class='ocrx_word' id='word_1_22' title='bbox 387 856 544 926; x_wconf 87' lang='lat' dir='ltr'><strong>solvendo</strong></span> <span class='ocrx_word' id='word_1_23' title='bbox 561 856 692 927; x_wconf 80' lang='lat' dir='ltr'><strong>obtenta</strong></span> <span class='ocrx_word' id='word_1_24' title='bbox 706 855 821 926; x_wconf 84' lang='lat' dir='ltr'><strong>fuisset</strong></span> <span class='ocrx_word' id='word_1_25' title='bbox 835 855 1042 948; x_wconf 81' lang='lat' dir='ltr'><strong>dispensatio.</strong></span> <span class='ocrx_word' id='word_1_26' title='bbox 1065 856 1154 947; x_wconf 83' lang='lat' dir='ltr'><strong>Ergo</strong></span> <span class='ocrx_word' id='word_1_27' title='bbox 1168 878 1247 926; x_wconf 90' lang='lat' dir='ltr'><strong>oau-</strong></span> 
     </span>
     <span class='ocr_line' id='line_1_5' title="bbox 100 962 1247 1055; baseline 0.003 -23"><span class='ocrx_word' id='word_1_28' title='bbox 100 984 172 1031; x_wconf 88' lang='lat' dir='ltr'><strong>sam</strong></span> <span class='ocrx_word' id='word_1_29' title='bbox 193 962 446 1055; x_wconf 87' lang='lat' dir='ltr'><strong>dispensationis</strong></span> <span class='ocrx_word' id='word_1_30' title='bbox 462 962 662 1035; x_wconf 87' lang='lat' dir='ltr'><strong>matrimonii</strong></span> <span class='ocrx_word' id='word_1_31' title='bbox 675 964 738 1033; x_wconf 88' lang='lat' dir='ltr'><strong>rati</strong></span> <span class='ocrx_word' id='word_1_32' title='bbox 757 986 825 1035; x_wconf 86' lang='lat' dir='ltr'><strong>uon</strong></span> <span class='ocrx_word' id='word_1_33' title='bbox 844 964 1061 1034; x_wconf 86' lang='lat' dir='ltr'><strong>consummati</strong></span> <span class='ocrx_word' id='word_1_34' title='bbox 1081 963 1247 1055; x_wconf 85' lang='lat' dir='ltr'><strong>dirimere,</strong></span> 
     </span>
     <span class='ocr_line' id='line_1_6' title="bbox 101 1068 1247 1143; baseline 0.002 -4"><span class='ocrx_word' id='word_1_35' title='bbox 101 1077 152 1139; x_wconf 90' lang='lat' dir='ltr'><strong>est</strong></span> <span class='ocrx_word' id='word_1_36' title='bbox 166 1069 265 1139; x_wconf 92' lang='lat' dir='ltr'><strong>simul</strong></span> <span class='ocrx_word' id='word_1_37' title='bbox 279 1077 313 1139; x_wconf 91' lang='lat' dir='ltr'><strong>et</strong></span> <span class='ocrx_word' id='word_1_38' title='bbox 331 1068 496 1141; x_wconf 89' lang='lat' dir='ltr'><strong>indivulse</strong></span> <span class='ocrx_word' id='word_1_39' title='bbox 510 1070 664 1141; x_wconf 86' lang='lat' dir='ltr'><strong>dirimere</strong></span> <span class='ocrx_word' id='word_1_40' title='bbox 678 1092 810 1142; x_wconf 85' lang='lat' dir='ltr'><strong>oausam</strong></span> <span class='ocrx_word' id='word_1_41' title='bbox 827 1070 985 1141; x_wconf 89' lang='lat' dir='ltr'><strong>nullitatis</strong></span> <span class='ocrx_word' id='word_1_42' title='bbox 998 1071 1051 1141; x_wconf 89' lang='lat' dir='ltr'><strong>vel</strong></span> <span class='ocrx_word' id='word_1_43' title='bbox 1066 1070 1247 1143; x_wconf 85' lang='lat' dir='ltr'><strong>validitatis</strong></span> 
     </span>
     <span class='ocr_line' id='line_1_7' title="bbox 99 1176 1247 1270; baseline 0.005 -25"><span class='ocrx_word' id='word_1_44' title='bbox 99 1176 241 1269; x_wconf 86' lang='lat' dir='ltr'><strong>alicujus</strong></span> <span class='ocrx_word' id='word_1_45' title='bbox 255 1179 469 1249; x_wconf 88' lang='lat' dir='ltr'><strong>matrimonii.</strong></span> <span class='ocrx_word' id='word_1_46' title='bbox 487 1179 582 1249; x_wconf 87' lang='lat' dir='ltr'><strong>Unde</strong></span> <span class='ocrx_word' id='word_1_47' title='bbox 597 1179 626 1249; x_wconf 90' lang='lat' dir='ltr'><strong>si</strong></span> <span class='ocrx_word' id='word_1_48' title='bbox 641 1200 756 1249; x_wconf 89' lang='lat' dir='ltr'><strong>revera</strong></span> <span class='ocrx_word' id='word_1_49' title='bbox 771 1178 902 1249; x_wconf 88' lang='lat' dir='ltr'><strong>deberet</strong></span> <span class='ocrx_word' id='word_1_50' title='bbox 916 1178 1015 1249; x_wconf 87' lang='lat' dir='ltr'><strong>Sacra</strong></span> <span class='ocrx_word' id='word_1_51' title='bbox 1029 1179 1247 1270; x_wconf 78' lang='lat' dir='ltr'><strong>Congregatio</strong></span> 
     </span>
     <span class='ocr_line' id='line_1_8' title="bbox 99 1282 1246 1378; baseline 0.001 -24"><span class='ocrx_word' id='word_1_52' title='bbox 99 1282 238 1354; x_wconf 72' lang='lat' dir='ltr'><strong>eonati</strong></span> <span class='ocrx_word' id='word_1_53' title='bbox 253 1286 454 1355; x_wconf 90' lang='lat' dir='ltr'><strong>matrimonii</strong></span> <span class='ocrx_word' id='word_1_54' title='bbox 468 1286 531 1355; x_wconf 87' lang='lat' dir='ltr'><strong>rati</strong></span> <span class='ocrx_word' id='word_1_55' title='bbox 545 1286 820 1378; x_wconf 74' lang='lat' dir='ltr'><strong>dispensationem</strong></span> <span class='ocrx_word' id='word_1_56' title='bbox 836 1286 909 1377; x_wconf 89' lang='lat' dir='ltr'><strong>ipsa</strong></span> <span class='ocrx_word' id='word_1_57' title='bbox 922 1285 1110 1373; x_wconf 81' lang='lat' dir='ltr'><strong>concedere,</strong></span> <span class='ocrx_word' id='word_1_58' title='bbox 1127 1287 1246 1377; x_wconf 87' lang='lat' dir='ltr'><strong>exequi</strong></span> 
     </span>
     <span class='ocr_line' id='line_1_9' title="bbox 100 1390 1247 1485; baseline 0.002 -26"><span class='ocrx_word' id='word_1_59' title='bbox 100 1390 234 1461; x_wconf 78' lang='lat' dir='ltr'><strong>deberat</strong></span> <span class='ocrx_word' id='word_1_60' title='bbox 248 1392 469 1462; x_wconf 76' lang='lat' dir='ltr'><strong>benedictinae</strong></span> <span class='ocrx_word' id='word_1_61' title='bbox 483 1393 722 1463; x_wconf 78' lang='lat' dir='ltr'><strong>constitutionis</strong></span> <span class='ocrx_word' id='word_1_62' title='bbox 737 1392 1015 1485; x_wconf 77' lang='lat' dir='ltr'><strong>praescriptiones,</strong></span> <span class='ocrx_word' id='word_1_63' title='bbox 1026 1414 1101 1461; x_wconf 88' lang='lat' dir='ltr'><strong>oum</strong></span> <span class='ocrx_word' id='word_1_64' title='bbox 1116 1391 1158 1461; x_wconf 86' lang='lat' dir='ltr'><strong>ad</strong></span> <span class='ocrx_word' id='word_1_65' title='bbox 1169 1415 1247 1461; x_wconf 88' lang='lat' dir='ltr'><strong>oon-</strong></span> 
     </span>
     <span class='ocr_line' id='line_1_10' title="bbox 100 1498 1247 1593; baseline 0.003 -25"><span class='ocrx_word' id='word_1_66' title='bbox 100 1498 280 1569; x_wconf 89' lang='lat' dir='ltr'><strong>cedeudam</strong></span> <span class='ocrx_word' id='word_1_67' title='bbox 295 1500 568 1593; x_wconf 86' lang='lat' dir='ltr'><strong>dispensationem</strong></span> <span class='ocrx_word' id='word_1_68' title='bbox 582 1498 712 1570; x_wconf 87' lang='lat' dir='ltr'><strong>deberet</strong></span> <span class='ocrx_word' id='word_1_69' title='bbox 725 1501 819 1593; x_wconf 89' lang='lat' dir='ltr'><strong>prius</strong></span> <span class='ocrx_word' id='word_1_70' title='bbox 833 1520 947 1573; x_wconf 86' lang='lat' dir='ltr'><strong>veram</strong></span> <span class='ocrx_word' id='word_1_71' title='bbox 963 1522 1093 1569; x_wconf 89' lang='lat' dir='ltr'><strong>oausam</strong></span> <span class='ocrx_word' id='word_1_72' title='bbox 1109 1500 1247 1571; x_wconf 86' lang='lat' dir='ltr'><strong>nullita-</strong></span> 
     </span>
     <span class='ocr_line' id='line_1_11' title="bbox 103 1606 586 1678; baseline 0.008 -4"><span class='ocrx_word' id='word_1_73' title='bbox 103 1606 145 1675; x_wconf 92' lang='lat' dir='ltr'><strong>tis</strong></span> <span class='ocrx_word' id='word_1_74' title='bbox 160 1628 218 1676; x_wconf 88' lang='lat' dir='ltr'><strong>seu</strong></span> <span class='ocrx_word' id='word_1_75' title='bbox 231 1607 410 1677; x_wconf 84' lang='lat' dir='ltr'><strong>validitatis</strong></span> <span class='ocrx_word' id='word_1_76' title='bbox 421 1606 586 1678; x_wconf 88' lang='lat' dir='ltr'><strong>dirimere.</strong></span> 
     </span>
    </p>

    <p class='ocr_par' dir='ltr' id='par_1_3' title="bbox 99 1714 1250 2559">
     <span class='ocr_line' id='line_1_12' title="bbox 146 1714 1247 1810; baseline 0.002 -27"><span class='ocrx_word' id='word_1_77' title='bbox 146 1718 179 1783; x_wconf 83' lang='lat'><strong>2.</strong></span> <span class='ocrx_word' id='word_1_78' title='bbox 200 1714 265 1785; x_wconf 90' lang='lat' dir='ltr'><strong>Sed</strong></span> <span class='ocrx_word' id='word_1_79' title='bbox 285 1714 466 1786; x_wconf 89' lang='lat' dir='ltr'><strong>notandum</strong></span> <span class='ocrx_word' id='word_1_80' title='bbox 491 1724 551 1804; x_wconf 87' lang='lat' dir='ltr'><strong>est,</strong></span> <span class='ocrx_word' id='word_1_81' title='bbox 576 1715 851 1810; x_wconf 87' lang='lat' dir='ltr'><strong>dispensationem</strong></span> <span class='ocrx_word' id='word_1_82' title='bbox 874 1715 1073 1785; x_wconf 87' lang='lat' dir='ltr'><strong>matrimonii</strong></span> <span class='ocrx_word' id='word_1_83' title='bbox 1093 1716 1157 1786; x_wconf 88' lang='lat' dir='ltr'><strong>rati</strong></span> <span class='ocrx_word' id='word_1_84' title='bbox 1180 1738 1247 1787; x_wconf 91' lang='lat' dir='ltr'><strong>nou</strong></span> 
     </span>
     <span class='ocr_line' id='line_1_13' title="bbox 99 1822 1249 1915; baseline 0.002 -24"><span class='ocrx_word' id='word_1_85' title='bbox 99 1822 319 1892; x_wconf 87' lang='lat' dir='ltr'><strong>consummati</strong></span> <span class='ocrx_word' id='word_1_86' title='bbox 339 1845 407 1892; x_wconf 90' lang='lat' dir='ltr'><strong>nou</strong></span> <span class='ocrx_word' id='word_1_87' title='bbox 420 1822 554 1893; x_wconf 86' lang='lat' dir='ltr'><strong>concedi</strong></span> <span class='ocrx_word' id='word_1_88' title='bbox 565 1847 584 1893; x_wconf 92' lang='lat' dir='ltr'><strong>a</strong></span> <span class='ocrx_word' id='word_1_89' title='bbox 595 1823 694 1893; x_wconf 85' lang='lat' dir='ltr'><strong>Sacra</strong></span> <span class='ocrx_word' id='word_1_90' title='bbox 708 1824 980 1915; x_wconf 72' lang='lat' dir='ltr'><strong>congregatione,</strong></span> <span class='ocrx_word' id='word_1_91' title='bbox 999 1822 1055 1893; x_wconf 88' lang='lat' dir='ltr'><strong>sod</strong></span> <span class='ocrx_word' id='word_1_92' title='bbox 1069 1845 1090 1893; x_wconf 87' lang='lat' dir='ltr'><strong>a</strong></span> <span class='ocrx_word' id='word_1_93' title='bbox 1105 1823 1249 1894; x_wconf 89' lang='lat' dir='ltr'><strong>Sanctis·</strong></span> 
     </span>
     <span class='ocr_line' id='line_1_14' title="bbox 101 1929 1249 2023; baseline 0.002 -24"><span class='ocrx_word' id='word_1_94' title='bbox 101 1930 189 2000; x_wconf 91' lang='lat' dir='ltr'><strong>simo</strong></span> <span class='ocrx_word' id='word_1_95' title='bbox 195 1957 206 2017; x_wconf 83' lang='lat'>3</span> <span class='ocrx_word' id='word_1_96' title='bbox 218 1938 252 2000; x_wconf 90' lang='lat' dir='ltr'><strong>et</strong></span> <span class='ocrx_word' id='word_1_97' title='bbox 264 1929 365 2000; x_wconf 87' lang='lat' dir='ltr'><strong>Sacra</strong></span> <span class='ocrx_word' id='word_1_98' title='bbox 384 1931 602 2023; x_wconf 77' lang='lat' dir='ltr'><strong>Congregatio</strong></span> <span class='ocrx_word' id='word_1_99' title='bbox 623 1932 742 2001; x_wconf 90' lang='lat' dir='ltr'><strong>emittit</strong></span> <span class='ocrx_word' id='word_1_100' title='bbox 763 1932 935 2001; x_wconf 85' lang='lat' dir='ltr'><strong>dumtaxat</strong></span> <span class='ocrx_word' id='word_1_101' title='bbox 955 1941 1070 2002; x_wconf 91' lang='lat' dir='ltr'><strong>votum</strong></span> <span class='ocrx_word' id='word_1_102' title='bbox 1092 1931 1249 2001; x_wconf 88' lang='lat' dir='ltr'><strong>cousulti-</strong></span> 
     </span>
     <span class='ocr_line' id='line_1_15' title="bbox 101 2037 1250 2132; baseline 0.001 -23"><span class='ocrx_word' id='word_1_103' title='bbox 101 2061 196 2109; x_wconf 86' lang='lat' dir='ltr'><strong>vum.</strong></span> <span class='ocrx_word' id='word_1_104' title='bbox 210 2037 306 2108; x_wconf 85' lang='lat' dir='ltr'><strong>Unde</strong></span> <span class='ocrx_word' id='word_1_105' title='bbox 318 2060 395 2107; x_wconf 89' lang='lat' dir='ltr'><strong>cum</strong></span> <span class='ocrx_word' id='word_1_106' title='bbox 408 2039 627 2109; x_wconf 87' lang='lat' dir='ltr'><strong>solemnitates</strong></span> <span class='ocrx_word' id='word_1_107' title='bbox 644 2062 664 2109; x_wconf 89' lang='lat' dir='ltr'><strong>a</strong></span> <span class='ocrx_word' id='word_1_108' title='bbox 681 2038 856 2109; x_wconf 83' lang='lat' dir='ltr'><strong>benedicto</strong></span> <span class='ocrx_word' id='word_1_109' title='bbox 869 2038 949 2110; x_wconf 86' lang='lat' dir='ltr'><strong>XIV</strong></span> <span class='ocrx_word' id='word_1_110' title='bbox 965 2038 1162 2132; x_wconf 78' lang='lat' dir='ltr'><strong>praescriptas</strong></span> <span class='ocrx_word' id='word_1_111' title='bbox 1178 2062 1250 2109; x_wconf 89' lang='lat' dir='ltr'><strong>res-</strong></span> 
     </span>
     <span class='ocr_line' id='line_1_16' title="bbox 100 2144 1249 2239; baseline 0 -24"><span class='ocrx_word' id='word_1_112' title='bbox 100 2146 235 2239; x_wconf 87' lang='lat' dir='ltr'><strong>piciant,</strong></span> <span class='ocrx_word' id='word_1_113' title='bbox 252 2144 423 2215; x_wconf 82' lang='lat' dir='ltr'><strong>dumtaxat</strong></span> <span class='ocrx_word' id='word_1_114' title='bbox 442 2146 579 2239; x_wconf 83' lang='lat' dir='ltr'><strong>judices,</strong></span> <span class='ocrx_word' id='word_1_115' title='bbox 601 2148 659 2239; x_wconf 91' lang='lat' dir='ltr'><strong>qui</strong></span> <span class='ocrx_word' id='word_1_116' title='bbox 676 2148 899 2239; x_wconf 66' lang='lat' dir='ltr'><strong>nocentiore</strong></span> <span class='ocrx_word' id='word_1_117' title='bbox 913 2146 1031 2216; x_wconf 91' lang='lat' dir='ltr'><strong>debent</strong></span> <span class='ocrx_word' id='word_1_118' title='bbox 1046 2145 1087 2215; x_wconf 90' lang='lat' dir='ltr'><strong>de</strong></span> <span class='ocrx_word' id='word_1_119' title='bbox 1101 2147 1249 2216; x_wconf 90' lang='lat' dir='ltr'><strong>nullitate</strong></span> 
     </span>
     <span class='ocr_line' id='line_1_17' title="bbox 100 2253 1250 2346; baseline 0 -23"><span class='ocrx_word' id='word_1_120' title='bbox 100 2254 155 2323; x_wconf 90' lang='lat' dir='ltr'><strong>vel</strong></span> <span class='ocrx_word' id='word_1_121' title='bbox 166 2253 331 2325; x_wconf 90' lang='lat' dir='ltr'><strong>validitate</strong></span> <span class='ocrx_word' id='word_1_122' title='bbox 342 2254 641 2343; x_wconf 87' lang='lat' dir='ltr'><strong>matrimoniorum,</strong></span> <span class='ocrx_word' id='word_1_123' title='bbox 658 2278 725 2325; x_wconf 88' lang='lat' dir='ltr'><strong>nou</strong></span> <span class='ocrx_word' id='word_1_124' title='bbox 740 2262 850 2325; x_wconf 88' lang='lat' dir='ltr'><strong>autem</strong></span> <span class='ocrx_word' id='word_1_125' title='bbox 870 2276 925 2325; x_wconf 91' lang='lat' dir='ltr'><strong>eos</strong></span> <span class='ocrx_word' id='word_1_126' title='bbox 944 2254 1002 2346; x_wconf 92' lang='lat' dir='ltr'><strong>qui</strong></span> <span class='ocrx_word' id='word_1_127' title='bbox 1020 2262 1134 2324; x_wconf 90' lang='lat' dir='ltr'><strong>votum</strong></span> <span class='ocrx_word' id='word_1_128' title='bbox 1149 2254 1250 2323; x_wconf 90' lang='lat' dir='ltr'><strong>dum-</strong></span> 
     </span>
     <span class='ocr_line' id='line_1_18' title="bbox 102 2361 1249 2451; baseline 0.001 -21"><span class='ocrx_word' id='word_1_129' title='bbox 102 2368 193 2430; x_wconf 86' lang='lat' dir='ltr'><strong>taxat</strong></span> <span class='ocrx_word' id='word_1_130' title='bbox 218 2361 440 2432; x_wconf 90' lang='lat' dir='ltr'><strong>cousultivum</strong></span> <span class='ocrx_word' id='word_1_131' title='bbox 460 2362 676 2432; x_wconf 87' lang='lat' dir='ltr'><strong>emittendum</strong></span> <span class='ocrx_word' id='word_1_132' title='bbox 694 2362 828 2448; x_wconf 88' lang='lat' dir='ltr'><strong>babent,</strong></span> <span class='ocrx_word' id='word_1_133' title='bbox 849 2362 1009 2451; x_wconf 81' lang='lat' dir='ltr'><strong>inrigare</strong></span> <span class='ocrx_word' id='word_1_134' title='bbox 1036 2383 1103 2430; x_wconf 91' lang='lat' dir='ltr'><strong>nou</strong></span> <span class='ocrx_word' id='word_1_135' title='bbox 1122 2371 1249 2431; x_wconf 90' lang='lat' dir='ltr'><strong>tenetur</strong></span> 
     </span>
     <span class='ocr_line' id='line_1_19' title="bbox 101 2466 967 2559; baseline -0.002 -21"><span class='ocrx_word' id='word_1_136' title='bbox 101 2469 202 2539; x_wconf 87' lang='lat' dir='ltr'><strong>Sacra</strong></span> <span class='ocrx_word' id='word_1_137' title='bbox 215 2466 434 2559; x_wconf 78' lang='lat' dir='ltr'><strong>congregatio</strong></span> <span class='ocrx_word' id='word_1_138' title='bbox 449 2468 550 2538; x_wconf 85' lang='lat' dir='ltr'><strong>dictas</strong></span> <span class='ocrx_word' id='word_1_139' title='bbox 565 2469 786 2539; x_wconf 88' lang='lat' dir='ltr'><strong>solemnitates</strong></span> <span class='ocrx_word' id='word_1_140' title='bbox 801 2468 967 2539; x_wconf 88' lang='lat' dir='ltr'><strong>adbibere.</strong></span> 
     </span>
    </p>

    <p class='ocr_par' dir='ltr' id='par_1_4' title="bbox 100 2574 1264 3849">
     <span class='ocr_line' id='line_1_20' title="bbox 148 2574 1249 2668; baseline 0.002 -25"><span class='ocrx_word' id='word_1_141' title='bbox 148 2578 180 2644; x_wconf 81' lang='grc'><strong>3.</strong></span> <span class='ocrx_word' id='word_1_142' title='bbox 204 2574 301 2667; x_wconf 78' lang='lat' dir='ltr'><strong>Saepe</strong></span> <span class='ocrx_word' id='word_1_143' title='bbox 318 2583 428 2645; x_wconf 90' lang='lat' dir='ltr'><strong>autem</strong></span> <span class='ocrx_word' id='word_1_144' title='bbox 447 2576 610 2667; x_wconf 81' lang='lat' dir='ltr'><strong>contingit</strong></span> <span class='ocrx_word' id='word_1_145' title='bbox 624 2585 663 2647; x_wconf 89' lang='lat' dir='ltr'><strong>ut</strong></span> <span class='ocrx_word' id='word_1_146' title='bbox 676 2599 776 2647; x_wconf 88' lang='lat' dir='ltr'><strong>causa</strong></span> <span class='ocrx_word' id='word_1_147' title='bbox 790 2575 1041 2668; x_wconf 89' lang='lat' dir='ltr'><strong>dispensationis</strong></span> <span class='ocrx_word' id='word_1_148' title='bbox 1056 2574 1097 2643; x_wconf 90' lang='lat' dir='ltr'><strong>ad</strong></span> <span class='ocrx_word' id='word_1_149' title='bbox 1116 2575 1249 2645; x_wconf 87' lang='lat' dir='ltr'><strong>Sacram</strong></span> 
     </span>
     <span class='ocr_line' id='line_1_21' title="bbox 101 2680 1250 2777; baseline 0 -24"><span class='ocrx_word' id='word_1_150' title='bbox 101 2682 397 2774; x_wconf 78' lang='lat' dir='ltr'><strong>Congregatiouem</strong></span> <span class='ocrx_word' id='word_1_151' title='bbox 412 2683 521 2753; x_wconf 89' lang='lat' dir='ltr'><strong>veniat</strong></span> <span class='ocrx_word' id='word_1_152' title='bbox 529 2683 641 2771; x_wconf 91' lang='lat' dir='ltr'><strong>simul,</strong></span> <span class='ocrx_word' id='word_1_153' title='bbox 658 2684 918 2777; x_wconf 79' lang='lat' dir='ltr'><strong>conjunctarum</strong></span> <span class='ocrx_word' id='word_1_154' title='bbox 930 2704 1026 2751; x_wconf 86' lang='lat' dir='ltr'><strong>eausa</strong></span> <span class='ocrx_word' id='word_1_155' title='bbox 1037 2680 1197 2751; x_wconf 89' lang='lat' dir='ltr'><strong>nullitatis</strong></span> <span class='ocrx_word' id='word_1_156' title='bbox 1207 2706 1250 2753; x_wconf 88' lang='lat' dir='ltr'><strong>ex</strong></span> 
     </span>
     <span class='ocr_line' id='line_1_22' title="bbox 100 2790 1250 2886; baseline 0.001 -27"><span class='ocrx_word' id='word_1_157' title='bbox 100 2791 336 2883; x_wconf 91' lang='lat' dir='ltr'><strong>impedimento</strong></span> <span class='ocrx_word' id='word_1_158' title='bbox 350 2792 563 2886; x_wconf 77' lang='lat' dir='ltr'><strong>impotentia,</strong></span> <span class='ocrx_word' id='word_1_159' title='bbox 580 2793 635 2862; x_wconf 89' lang='lat' dir='ltr'><strong>vel</strong></span> <span class='ocrx_word' id='word_1_160' title='bbox 652 2814 695 2862; x_wconf 83' lang='lat' dir='ltr'><strong>ex</strong></span> <span class='ocrx_word' id='word_1_161' title='bbox 708 2792 836 2862; x_wconf 82' lang='lat' dir='ltr'><strong>delectu</strong></span> <span class='ocrx_word' id='word_1_162' title='bbox 851 2812 1039 2861; x_wconf 88' lang='lat' dir='ltr'><strong>cousensus.</strong></span> <span class='ocrx_word' id='word_1_163' title='bbox 1055 2790 1168 2859; x_wconf 88' lang='lat' dir='ltr'><strong>Partes</strong></span> <span class='ocrx_word' id='word_1_164' title='bbox 1183 2792 1250 2860; x_wconf 87' lang='lat' dir='ltr'><strong>sci-</strong></span> 
     </span>
     <span class='ocr_line' id='line_1_23' title="bbox 101 2896 1249 2992; baseline 0 -25"><span class='ocrx_word' id='word_1_165' title='bbox 101 2899 177 2967; x_wconf 90' lang='lat' dir='ltr'><strong>licet</strong></span> <span class='ocrx_word' id='word_1_166' title='bbox 205 2898 402 2991; x_wconf 86' lang='lat' dir='ltr'><strong>disjunctive</strong></span> <span class='ocrx_word' id='word_1_167' title='bbox 425 2908 553 2992; x_wconf 89' lang='lat' dir='ltr'><strong>petunt,</strong></span> <span class='ocrx_word' id='word_1_168' title='bbox 580 2900 633 2969; x_wconf 92' lang='lat' dir='ltr'><strong>vel</strong></span> <span class='ocrx_word' id='word_1_169' title='bbox 659 2900 906 2969; x_wconf 86' lang='lat' dir='ltr'><strong>matrimonium</strong></span> <span class='ocrx_word' id='word_1_170' title='bbox 925 2896 1082 2968; x_wconf 86' lang='lat' dir='ltr'><strong>declarari</strong></span> <span class='ocrx_word' id='word_1_171' title='bbox 1106 2897 1249 2985; x_wconf 88' lang='lat' dir='ltr'><strong>nullum,</strong></span> 
     </span>
     <span class='ocr_line' id='line_1_24' title="bbox 101 3002 1250 3100; baseline -0.001 -25"><span class='ocrx_word' id='word_1_172' title='bbox 101 3004 157 3075; x_wconf 92' lang='lat' dir='ltr'><strong>vel</strong></span> <span class='ocrx_word' id='word_1_173' title='bbox 167 3004 280 3075; x_wconf 89' lang='lat' dir='ltr'><strong>saltem</strong></span> <span class='ocrx_word' id='word_1_174' title='bbox 295 3005 427 3077; x_wconf 91' lang='lat' dir='ltr'><strong>concedi</strong></span> <span class='ocrx_word' id='word_1_175' title='bbox 441 3005 716 3100; x_wconf 86' lang='lat' dir='ltr'><strong>dispensationem</strong></span> <span class='ocrx_word' id='word_1_176' title='bbox 733 3028 828 3076; x_wconf 89' lang='lat' dir='ltr'><strong>exeo</strong></span> <span class='ocrx_word' id='word_1_177' title='bbox 844 3004 944 3098; x_wconf 89' lang='lat' dir='ltr'><strong>quud,</strong></span> <span class='ocrx_word' id='word_1_178' title='bbox 962 3004 1022 3073; x_wconf 90' lang='lat' dir='ltr'><strong>etsi</strong></span> <span class='ocrx_word' id='word_1_179' title='bbox 1044 3002 1152 3073; x_wconf 89' lang='lat' dir='ltr'><strong>valide</strong></span> <span class='ocrx_word' id='word_1_180' title='bbox 1171 3028 1250 3075; x_wconf 89' lang='lat' dir='ltr'><strong>con·</strong></span> 
     </span>
     <span class='ocr_line' id='line_1_25' title="bbox 100 3111 1252 3201; baseline 0 -20"><span class='ocrx_word' id='word_1_181' title='bbox 100 3120 255 3201; x_wconf 84' lang='lat' dir='ltr'><strong>tractum,</strong></span> <span class='ocrx_word' id='word_1_182' title='bbox 281 3121 545 3183; x_wconf 82' lang='lat' dir='ltr'><strong>consummatum</strong></span> <span class='ocrx_word' id='word_1_183' title='bbox 568 3121 677 3183; x_wconf 71' lang='lat' dir='ltr'><strong>mmeu</strong></span> <span class='ocrx_word' id='word_1_184' title='bbox 700 3134 767 3182; x_wconf 90' lang='lat' dir='ltr'><strong>uou</strong></span> <span class='ocrx_word' id='word_1_185' title='bbox 791 3111 901 3182; x_wconf 84' lang='lat' dir='ltr'><strong>fuerit.</strong></span> <span class='ocrx_word' id='word_1_186' title='bbox 931 3112 1024 3179; x_wconf 86' lang='lat' dir='ltr'><strong>Tunc</strong></span> <span class='ocrx_word' id='word_1_187' title='bbox 1049 3132 1129 3180; x_wconf 93' lang='lat' dir='ltr'><strong>vero</strong></span> <span class='ocrx_word' id='word_1_188' title='bbox 1152 3111 1252 3181; x_wconf 87' lang='lat' dir='ltr'><strong>Sacra</strong></span> 
     </span>
     <span class='ocr_line' id='line_1_26' title="bbox 101 3218 1253 3313; baseline -0.002 -22"><span class='ocrx_word' id='word_1_189' title='bbox 101 3220 322 3312; x_wconf 77' lang='lat' dir='ltr'><strong>Congregatio</strong></span> <span class='ocrx_word' id='word_1_190' title='bbox 338 3220 548 3313; x_wconf 84' lang='lat' dir='ltr'><strong>judicandam</strong></span> <span class='ocrx_word' id='word_1_191' title='bbox 568 3219 667 3289; x_wconf 89' lang='lat' dir='ltr'><strong>babet</strong></span> <span class='ocrx_word' id='word_1_192' title='bbox 688 3227 763 3291; x_wconf 88' lang='lat' dir='ltr'><strong>ante</strong></span> <span class='ocrx_word' id='word_1_193' title='bbox 782 3222 892 3290; x_wconf 85' lang='lat' dir='ltr'><strong>omnia</strong></span> <span class='ocrx_word' id='word_1_194' title='bbox 910 3240 1048 3289; x_wconf 86' lang='lat' dir='ltr'><strong>causam</strong></span> <span class='ocrx_word' id='word_1_195' title='bbox 1065 3218 1253 3302; x_wconf 54' lang='lat' dir='ltr'><strong>nullitatim</strong></span> 
     </span>
     <span class='ocr_line' id='line_1_27' title="bbox 101 3326 1251 3421; baseline -0.002 -23"><span class='ocrx_word' id='word_1_196' title='bbox 101 3350 142 3398; x_wconf 90' lang='lat' dir='ltr'><strong>ac</strong></span> <span class='ocrx_word' id='word_1_197' title='bbox 154 3328 292 3421; x_wconf 88' lang='lat' dir='ltr'><strong>proinde</strong></span> <span class='ocrx_word' id='word_1_198' title='bbox 309 3327 485 3421; x_wconf 89' lang='lat' dir='ltr'><strong>procedere</strong></span> <span class='ocrx_word' id='word_1_199' title='bbox 505 3327 600 3398; x_wconf 87' lang='lat' dir='ltr'><strong>debet</strong></span> <span class='ocrx_word' id='word_1_200' title='bbox 619 3328 715 3421; x_wconf 84' lang='lat' dir='ltr'><strong>juxta</strong></span> <span class='ocrx_word' id='word_1_201' title='bbox 729 3348 879 3398; x_wconf 88' lang='lat' dir='ltr'><strong>normam</strong></span> <span class='ocrx_word' id='word_1_202' title='bbox 894 3326 1114 3396; x_wconf 79' lang='lat' dir='ltr'><strong>Bunedictiuae</strong></span> <span class='ocrx_word' id='word_1_203' title='bbox 1129 3327 1251 3397; x_wconf 89' lang='lat' dir='ltr'><strong>cousti-</strong></span> 
     </span>
     <span class='ocr_line' id='line_1_28' title="bbox 103 3433 1251 3525; baseline -0.003 -21"><span class='ocrx_word' id='word_1_204' title='bbox 103 3435 249 3505; x_wconf 90' lang='lat' dir='ltr'><strong>tutionis.</strong></span> <span class='ocrx_word' id='word_1_205' title='bbox 274 3435 369 3517; x_wconf 83' lang='lat' dir='ltr'><strong>Quod</strong></span> <span class='ocrx_word' id='word_1_206' title='bbox 392 3436 420 3505; x_wconf 90' lang='lat' dir='ltr'><strong>si</strong></span> <span class='ocrx_word' id='word_1_207' title='bbox 440 3434 546 3505; x_wconf 92' lang='lat' dir='ltr'><strong>valide</strong></span> <span class='ocrx_word' id='word_1_208' title='bbox 569 3444 771 3505; x_wconf 73' lang='lat' dir='ltr'><strong>conuectum</strong></span> <span class='ocrx_word' id='word_1_209' title='bbox 791 3433 1038 3503; x_wconf 86' lang='lat' dir='ltr'><strong>matrimonium</strong></span> <span class='ocrx_word' id='word_1_210' title='bbox 1058 3435 1251 3525; x_wconf 87' lang='lat' dir='ltr'><strong>pronuntia-</strong></span> 
     </span>
     <span class='ocr_line' id='line_1_29' title="bbox 102 3540 1248 3632; baseline -0.003 -19"><span class='ocrx_word' id='word_1_211' title='bbox 102 3542 200 3630; x_wconf 86' lang='lat' dir='ltr'><strong>verit,</strong></span> <span class='ocrx_word' id='word_1_212' title='bbox 218 3542 432 3613; x_wconf 91' lang='lat' dir='ltr'><strong>emittendum</strong></span> <span class='ocrx_word' id='word_1_213' title='bbox 444 3542 476 3611; x_wconf 93' lang='lat' dir='ltr'><strong>ei</strong></span> <span class='ocrx_word' id='word_1_214' title='bbox 496 3550 642 3613; x_wconf 88' lang='lat' dir='ltr'><strong>remanet</strong></span> <span class='ocrx_word' id='word_1_215' title='bbox 656 3552 769 3612; x_wconf 90' lang='lat' dir='ltr'><strong>votum</strong></span> <span class='ocrx_word' id='word_1_216' title='bbox 784 3540 1004 3610; x_wconf 90' lang='lat' dir='ltr'><strong>cousultivum</strong></span> <span class='ocrx_word' id='word_1_217' title='bbox 1022 3562 1122 3632; x_wconf 90' lang='lat' dir='ltr'><strong>super</strong></span> <span class='ocrx_word' id='word_1_218' title='bbox 1136 3541 1248 3629; x_wconf 94' lang='lat' dir='ltr'><strong>dubio,</strong></span> 
     </span>
     <span class='ocr_line' id='line_1_30' title="bbox 102 3646 1251 3741; baseline -0.003 -21"><span class='ocrx_word' id='word_1_219' title='bbox 102 3671 148 3720; x_wconf 89' lang='lat' dir='ltr'><strong>au</strong></span> <span class='ocrx_word' id='word_1_220' title='bbox 158 3648 395 3719; x_wconf 87' lang='lat' dir='ltr'><strong>consulendum</strong></span> <span class='ocrx_word' id='word_1_221' title='bbox 406 3650 448 3718; x_wconf 92' lang='lat' dir='ltr'><strong>sit</strong></span> <span class='ocrx_word' id='word_1_222' title='bbox 462 3649 673 3719; x_wconf 78' lang='lat' dir='ltr'><strong>sanctissimo</strong></span> <span class='ocrx_word' id='word_1_223' title='bbox 687 3672 748 3741; x_wconf 90' lang='lat' dir='ltr'><strong>pro</strong></span> <span class='ocrx_word' id='word_1_224' title='bbox 761 3646 966 3717; x_wconf 89' lang='lat' dir='ltr'><strong>concedenda</strong></span> <span class='ocrx_word' id='word_1_225' title='bbox 978 3648 1177 3717; x_wconf 88' lang='lat' dir='ltr'><strong>matrimonii</strong></span> <span class='ocrx_word' id='word_1_226' title='bbox 1188 3647 1251 3717; x_wconf 90' lang='lat' dir='ltr'><strong>rati</strong></span> 
     </span>
     <span class='ocr_line' id='line_1_31' title="bbox 103 3755 1264 3849; baseline -0.001 -21"><span class='ocrx_word' id='word_1_227' title='bbox 103 3780 172 3828; x_wconf 93' lang='lat' dir='ltr'><strong>uou</strong></span> <span class='ocrx_word' id='word_1_228' title='bbox 188 3757 404 3827; x_wconf 86' lang='lat' dir='ltr'><strong>consummati</strong></span> <span class='ocrx_word' id='word_1_229' title='bbox 419 3755 670 3849; x_wconf 89' lang='lat' dir='ltr'><strong>dispensatione.</strong></span> <span class='ocrx_word' id='word_1_230' title='bbox 1262 3765 1264 3771; x_wconf 85' lang='lat'>&#39;</span> 
     </span>
    </p>

    <p class='ocr_par' dir='ltr' id='par_1_5' title="bbox 103 3861 1252 4383">
     <span class='ocr_line' id='line_1_32' title="bbox 150 3861 1249 3935; baseline -0.004 0"><span class='ocrx_word' id='word_1_231' title='bbox 150 3870 182 3935; x_wconf 82' lang='lat'><strong>4.</strong></span> <span class='ocrx_word' id='word_1_232' title='bbox 209 3863 274 3934; x_wconf 88' lang='lat' dir='ltr'><strong>Sed</strong></span> <span class='ocrx_word' id='word_1_233' title='bbox 296 3862 356 3934; x_wconf 89' lang='lat' dir='ltr'><strong>etsi</strong></span> <span class='ocrx_word' id='word_1_234' title='bbox 384 3864 493 3934; x_wconf 90' lang='lat' dir='ltr'><strong>solum</strong></span> <span class='ocrx_word' id='word_1_235' title='bbox 517 3864 635 3933; x_wconf 89' lang='lat' dir='ltr'><strong>habeat</strong></span> <span class='ocrx_word' id='word_1_236' title='bbox 655 3861 873 3933; x_wconf 87' lang='lat' dir='ltr'><strong>emittendum</strong></span> <span class='ocrx_word' id='word_1_237' title='bbox 893 3861 1114 3932; x_wconf 86' lang='lat' dir='ltr'><strong>cousultivum</strong></span> <span class='ocrx_word' id='word_1_238' title='bbox 1137 3868 1249 3931; x_wconf 91' lang='lat' dir='ltr'><strong>votum</strong></span> 
     </span>
     <span class='ocr_line' id='line_1_33' title="bbox 103 3969 1250 4067; baseline -0.007 -23"><span class='ocrx_word' id='word_1_239' title='bbox 103 3974 146 4044; x_wconf 91' lang='lat' dir='ltr'><strong>de</strong></span> <span class='ocrx_word' id='word_1_240' title='bbox 183 3971 425 4067; x_wconf 89' lang='lat' dir='ltr'><strong>opportunitate</strong></span> <span class='ocrx_word' id='word_1_241' title='bbox 460 3970 675 4041; x_wconf 79' lang='lat' dir='ltr'><strong>concedendas</strong></span> <span class='ocrx_word' id='word_1_242' title='bbox 721 3970 982 4064; x_wconf 89' lang='lat' dir='ltr'><strong>dispensationis,</strong></span> <span class='ocrx_word' id='word_1_243' title='bbox 1020 3969 1101 4038; x_wconf 87' lang='lat' dir='ltr'><strong>solet</strong></span> <span class='ocrx_word' id='word_1_244' title='bbox 1141 3975 1250 4037; x_wconf 91' lang='lat' dir='ltr'><strong>tamen</strong></span> 
     </span>
     <span class='ocr_line' id='line_1_34' title="bbox 105 4074 1252 4167; baseline -0.005 -18"><span class='ocrx_word' id='word_1_245' title='bbox 105 4075 308 4151; x_wconf 88' lang='lat' dir='ltr'><strong>matrimonii</strong></span> <span class='ocrx_word' id='word_1_246' title='bbox 329 4076 533 4148; x_wconf 85' lang='lat' dir='ltr'><strong>defensorem</strong></span> <span class='ocrx_word' id='word_1_247' title='bbox 549 4078 744 4149; x_wconf 87' lang='lat' dir='ltr'><strong>constituere</strong></span> <span class='ocrx_word' id='word_1_248' title='bbox 757 4086 792 4147; x_wconf 92' lang='lat' dir='ltr'><strong>et</strong></span> <span class='ocrx_word' id='word_1_249' title='bbox 813 4076 949 4159; x_wconf 88' lang='lat' dir='ltr'><strong>audire;</strong></span> <span class='ocrx_word' id='word_1_250' title='bbox 965 4074 1060 4167; x_wconf 83' lang='lat' dir='ltr'><strong>cujus</strong></span> <span class='ocrx_word' id='word_1_251' title='bbox 1081 4081 1159 4143; x_wconf 89' lang='lat' dir='ltr'><strong>tuno</strong></span> <span class='ocrx_word' id='word_1_252' title='bbox 1174 4096 1252 4165; x_wconf 90' lang='lat' dir='ltr'><strong>par-</strong></span> 
     </span>
     <span class='ocr_line' id='line_1_35' title="bbox 103 4181 1252 4275; baseline -0.009 -17"><span class='ocrx_word' id='word_1_253' title='bbox 103 4204 153 4259; x_wconf 89' lang='lat' dir='ltr'><strong>tes</strong></span> <span class='ocrx_word' id='word_1_254' title='bbox 170 4194 249 4258; x_wconf 91' lang='lat' dir='ltr'><strong>suut</strong></span> <span class='ocrx_word' id='word_1_255' title='bbox 267 4186 428 4256; x_wconf 89' lang='lat' dir='ltr'><strong>sustinere</strong></span> <span class='ocrx_word' id='word_1_256' title='bbox 448 4194 569 4255; x_wconf 89' lang='lat' dir='ltr'><strong>certam</strong></span> <span class='ocrx_word' id='word_1_257' title='bbox 584 4206 667 4271; x_wconf 90' lang='lat' dir='ltr'><strong>esee,</strong></span> <span class='ocrx_word' id='word_1_258' title='bbox 691 4184 744 4255; x_wconf 89' lang='lat' dir='ltr'><strong>vel</strong></span> <span class='ocrx_word' id='word_1_259' title='bbox 766 4184 878 4254; x_wconf 90' lang='lat' dir='ltr'><strong>saltem</strong></span> <span class='ocrx_word' id='word_1_260' title='bbox 895 4181 1159 4275; x_wconf 74' lang='lat' dir='ltr'><strong>praesumendam</strong></span> <span class='ocrx_word' id='word_1_261' title='bbox 1180 4204 1252 4249; x_wconf 87' lang='lat' dir='ltr'><strong>ma-</strong></span> 
     </span>
     <span class='ocr_line' id='line_1_36' title="bbox 106 4288 1249 4383; baseline -0.009 -17"><span class='ocrx_word' id='word_1_262' title='bbox 106 4294 253 4367; x_wconf 91' lang='lat' dir='ltr'><strong>trimonii</strong></span> <span class='ocrx_word' id='word_1_263' title='bbox 275 4294 602 4383; x_wconf 88' lang='lat' dir='ltr'><strong>consummationem,</strong></span> <span class='ocrx_word' id='word_1_264' title='bbox 619 4291 707 4363; x_wconf 89' lang='lat' dir='ltr'><strong>etde</strong></span> <span class='ocrx_word' id='word_1_265' title='bbox 727 4292 889 4362; x_wconf 88' lang='lat' dir='ltr'><strong>contrario</strong></span> <span class='ocrx_word' id='word_1_266' title='bbox 905 4311 972 4360; x_wconf 92' lang='lat' dir='ltr'><strong>uou</strong></span> <span class='ocrx_word' id='word_1_267' title='bbox 986 4288 1063 4357; x_wconf 86' lang='lat' dir='ltr'><strong>setis</strong></span> <span class='ocrx_word' id='word_1_268' title='bbox 1085 4296 1249 4375; x_wconf 83' lang='lat' dir='ltr'><strong>ocustare3</strong></span> 
     </span>
    </p>
   </div>
   <div class='ocr_carea' id='block_1_3' title="bbox 0 0 1535 4984">
    <p class='ocr_par' dir='ltr' id='par_1_6' title="bbox 0 0 1535 4984">
     <span class='ocr_line' id='line_1_37' title="bbox 0 0 1535 4984; baseline 0 0"><span class='ocrx_word' id='word_1_269' title='bbox 0 0 1535 4984; x_wconf 95' lang='lat' dir='ltr'><strong> </strong></span> 
     </span>
    </p>
   </div>
  </div>
 </body>
</html>
