3050 4984
292 456 333 527 ld
663 478 839 525 rmcrnrus
860 480 900 524 oe
921 480 1054 527 moreris.

333 605 461 673 lineum
484 606 531 669 7².
549 636 593 653 -
610 600 662 668 Ad
681 599 952 683 denuntiandum,
974 602 1092 671 saltem
1109 606 1302 697 euonpeliec,
1323 606 1431 698 quod-

290 733 428 803 cumque
453 708 603 800 proximi
629 707 802 788 delictum,
832 709 1028 799 repuleriter
1055 732 1167 780 omnes
1197 725 1359 781 teneatur.
1388 754 1432 767 -

288 821 492 909 Praeceptum
509 816 596 884 enim
610 814 732 884 Christi
751 815 849 906 (apud
864 815 1069 905 Matthaeum,
1089 820 1141 909 18)
1161 820 1310 908 generale
1324 828 1385 906 est,
1400 831 1432 889 et

288 926 329 994 ed
344 946 456 994 omnes
471 923 644 991 directum.
659 921 748 991 Idem
765 922 912 1013 sequitur
927 946 968 993 ex
976 924 1052 1015 jure
1065 926 1221 1013 naturali3
1235 950 1276 996 cx
1288 928 1431 1018 generali

288 1034 407 1103 scilieet
419 1031 585 1101 charitatis
600 1036 773 1122 praecepto,
791 1028 825 1097 vi
840 1028 933 1120 cujus
948 1033 1223 1125 teneturquisque
1234 1043 1365 1105 aterne
1379 1060 1432 1106 aa·

287 1141 349 1211 luti
362 1139 506 1231 proximi
521 1137 701 1207 consulere.
719 1137 871 1205 Diximus
885 1146 994 1208 autem
1010 1140 1218 1230 repuleriter,
1232 1142 1274 1211 ob
1288 1166 1432 1235 sequen-

288 1258 337 1319 tes
352 1247 564 1338 excipiendos
577 1267 671 1313 casus
690 1272 697 1311 :

335 1361 366 1423 10
382 1356 419 1424 Si
438 1353 521 1422 nihil
540 1352 712 1444 prolatura
731 1352 774 1419 sit
791 1351 978 1442 evangelica
996 1352 1214 1438 denuntiatio;
1229 1362 1263 1424 2⁰
1283 1358 1309 1426 si
1326 1361 1430 1451 majus

288 1464 446 1532 damnum
461 1459 613 1547 allatara3
633 1464 666 1527 3⁰
682 1460 709 1527 si
724 1459 839 1527 nociva
853 1459 1057 1529 denuntianti
1072 1461 1183 1532 futura
1198 1466 1427 1556 praevideatur.

289 1574 336 1642 De
352 1592 418 1661 quo
432 1568 507 1637 vide
522 1567 699 1657 theologos.

332 1677 409 1746 Dari
424 1684 533 1744 autem
548 1697 642 1743 casus
656 1675 690 1743 in
706 1676 827 1767 quibus
838 1675 936 1745 etiam
952 1674 994 1743 ad
1007 1676 1267 1747 denuntiandum
1275 1681 1428 1773 judicia-

289 1786 364 1855 liter
376 1790 492 1875 urgeat
506 1782 671 1872 obligatio,
685 1782 773 1851 inira
787 1784 973 1875 exponitur.

332 1891 412 1959 Haec
433 1889 473 1957 de
496 1888 681 1979 evangelion
701 1889 957 1980 denuntiatione,
978 1899 1133 1983 tanquam
1152 1892 1193 1961 de
1212 1895 1347 1963 materia
1365 1898 1431 1965 mi·

265 2020 267 2025 ·
289 2020 352 2065 nus
368 1996 409 2065 ad
429 2004 622 2087 praesentem
647 2003 819 2066 tractatum
839 1999 1031 2089 pertinente,
1047 1998 1169 2067 cursim
1189 2000 1428 2073 adnotavimus.

288 2104 335 2175 ne
349 2103 496 2195 judiciali
515 2124 592 2172 vero
612 2102 856 2173 denuntiatione
878 2128 954 2195 qum
976 2106 1128 2197 proprius
1149 2116 1198 2175 est
1219 2107 1317 2199 hujus
1337 2111 1429 2203 capi-

290 2212 331 2279 tis
346 2232 473 2302 scopus,
489 2210 687 2281 enucleando
702 2212 857 2283 canonico
868 2210 949 2303 juri,
965 2234 1053 2281 nunc
1071 2214 1168 2304 paulo
1188 2216 1293 2305 magis
1311 2217 1432 2287 immo-

290 2318 441 2387 randum.

807 2542 906 2633 §nr

546 2733 564 2785 Α
590 2745 641 2797 quo
665 2731 722 2783 fleri
748 2732 829 2797 possit
850 2732 980 2798 judicialia
1006 2732 1177 2785 denuntiatio.

336 2962 441 3031 Facile
462 2981 526 3028 non
546 2966 606 3046 est,
626 2958 668 3027 ob
686 2957 772 3049 juris
791 2958 874 3028 sacri
888 2966 1039 3029 textuum
1055 2960 1115 3029 hac
1133 2960 1168 3028 in
1189 2983 1225 3029 re
1243 2970 1430 3051 egestatem,

292 3073 475 3140 discernere
495 3066 628 3159 quinam
649 3057 903 3157 ad'judicialiter
926 3066 1187 3137 denuntiandum
1210 3068 1335 3137 habiles
1351 3071 1429 3155 aiut,

291 3178 342 3249 vel
352 3175 519 3245 inhabiles.
535 3174 601 3243 Nec
612 3173 732 3241 mirum
743 3174 974 3242 vetustioribus
986 3175 1122 3244 decretis
1132 3176 1307 3267 eliquatam
1321 3200 1432 3268 quaes-

292 3288 410 3355 tionem
431 3305 497 3351 non
513 3281 627 3367 fuisse;
648 3302 723 3349 curn
740 3280 943 3349 denuntiatio
958 3304 1023 3350 uon
1043 3282 1228 3351 introducta
1245 3282 1300 3369 sit,
1318 3283 1380 3351 uisi
1397 3293 1433 3351 ut

289 3395 330 3464 ad
351 3388 591 3484 inquisitorium
612 3408 799 3479 processum
821 3388 873 3454 via
891 3396 1105 3475 sterneretnr3
1128 3389 1334 3481 inquisitorie
1354 3414 1432 3459 vero

288 3504 395 3572 iorma
408 3506 482 3567 ante
496 3494 705 3564 undecimum
717 3493 846 3561 circiter
858 3495 1016 3564 saeculum
1029 3496 1078 3585 (ut
1094 3495 1180 3564 inira
1194 3496 1381 3588 probamus)
1396 3499 1431 3566 in

289 3606 492 3681 ordinarium
524 3601 719 3694 pror-edendi
752 3602 884 3669 modurn
916 3625 982 3671 nou
1013 3602 1193 3684 transierit3
1221 3603 1352 3696 solaque
1378 3629 1433 3674 re-

288 3716 445 3810 gulariter
476 3710 656 3801 antiquitus
686 3708 863 3778 obtinuerit
884 3709 1083 3779 accusatoria
1112 3710 1178 3778 via.
1209 3710 1295 3779 Hinc
1319 3712 1433 3783 sedulo

288 3819 502 3919 expendenda
520 3822 684 3885 momenta
704 3817 827 3903 omnia,
847 3839 866 3885 e
884 3816 1005 3909 quibus
1022 3816 1139 3886 deduci
1158 3840 1251 3908 posse
1270 3818 1434 3890 conclusio

290 3936 450 4006 videatur.

332 4043 357 4110 Ι.
386 4034 477 4121 Quid
490 4028 748 4101 concludendum
766 4032 809 4099 sit
828 4054 869 4099 ex
889 4032 1030 4101 textibus
1044 4032 1136 4125 juna
1149 4034 1210 4125 qui
1226 4034 1338 4126 offerri
1348 4058 1433 4126 pos-

286 4162 373 4221 sunt.
392 4184 436 4197 -
453 4147 484 4209 1.
500 4139 552 4209 Ad
568 4162 637 4208 rem
652 4137 755 4207 faeere
770 4139 899 4208 videtur
910 4138 1265 4209 decretalislnnooentii
1285 4143 1330 4209 111
1343 4144 1431 4212 Cum

285 4257 419 4329 dilectus
434 4251 474 4347 (o.
494 4252 548 4337 to,
568 4246 652 4315 tituli
672 4248 702 4333 i,
715 4245 791 4315 libri
810 4252 827 4317 5
848 4246 1091 4341 Decretalium),
1109 4245 1202 4342 cujus
1217 4248 1343 4318 occasio
1358 4250 1431 4319 hmo
