3050 4984
546 471 622 520 ecus
643 473 791 522 saccum.
1174 455 1236 521 575

97 591 199 661 tentia
212 603 244 661 et
263 589 389 662 decreto
396 616 410 676 ,·
424 603 455 662 ct
464 606 669 689 protestatus
688 609 734 664 est
754 595 795 665 de
807 593 962 665 nullitate
974 608 1137 680 actarum,
1152 594 1241 665 siod

95 699 255 770 ulteriora
274 699 480 793 procedetur,
500 714 616 794 petens
642 703 806 796 apostolos
832 703 993 774 instanter
1012 716 1043 773 et
1069 705 1239 774 instantis·

96 807 188 876 sime.
214 809 294 877 Acta
313 820 389 878 sunt
411 808 481 878 leuc
501 809 554 878 die
648 811 767 880 menu's
855 833 983 880 omia...
1010 852 1055 865 -
1077 815 1151 904 Epo
1177 813 1236 894 N„

92 928 268 1008 patronus,
286 927 452 1008 protestor
467 928 498 986 et
520 918 648 1010 appello
671 931 709 987 nt
723 941 837 1012 snpra.
854 957 898 972 -
913 921 987 1012 Epo
1011 921 1071 1002 tt,
1093 919 1241 988 Vitarius

94 1023 267 1115 pennalis.
283 1061 329 1076 -
341 1027 418 1115 Epo
433 1027 491 1108 N„
508 1026 690 1096 actuarius.
708 1051 726 1092 n

141 1185 178 1255 Si
189 1186 292 1277 judex
307 1187 460 1256 maluerit
480 1193 558 1256 tunc
581 1189 846 1280 prorogationem
865 1187 1054 1278 concedere,
1071 1187 1169 1258 scribi
1184 1210 1238 1280 po·

95 1293 173 1363 ierit
185 1293 221 1363 in
236 1292 324 1363 huna
340 1293 475 1364 modum
493 1321 501 1362 :

145 1472 163 1512 a
187 1444 302 1515 Vidans
323 1459 435 1516 autem
455 1446 650 1517 reuerendus
673 1451 717 1520 N.
747 1449 895 1518 Vicarius
913 1447 1073 1542 pennalis
1091 1469 1239 1539 perseve-

95 1553 245 1622 rantiam
261 1551 342 1622 dicti
352 1557 568 1646 comparentis
581 1555 617 1623 in
639 1555 848 1647 appellando,
867 1569 898 1624 ct
917 1554 1124 1625 cussiderons
1137 1552 1237 1646 quod,

95 1661 248 1754 quamuis
262 1660 440 1754 appellatio
456 1662 557 1754 ipsius
571 1662 614 1730 sit
623 1661 745 1752 friuola
758 1673 791 1730 et
805 1684 913 1732 causat
927 1663 1074 1757 superius
1089 1660 1239 1731 adducta

94 1789 164 1834 non
186 1767 351 1858 tepinnae,
370 1769 476 1858 mapis
498 1781 608 1837 tamen
627 1767 852 1860 protelaretur
870 1769 1043 1861 judicium
1064 1768 1099 1836 in
1123 1766 1239 1836 iisdem

95 1871 315 1957 discutiendis,
332 1898 434 1968 quarn
454 1875 490 1944 in
512 1873 712 1944 concedendo
731 1875 876 1966 petitum
898 1898 1021 1944 nouum
1043 1875 1220 1944 terminum
1225 1898 1239 1957 ;

92 1980 275 2073 prudneter
287 1980 461 2052 recedendo
477 2005 498 2050 a
512 1980 636 2051 decreta
652 1981 872 2074 denepationis
879 1984 959 2075 jam
981 1984 1082 2074 sacto,
1104 1980 1240 2052 indulsit

95 2089 206 2158 alium
222 2090 401 2159 terminum
416 2100 485 2159 octo
498 2087 636 2174 dicrum,
652 2089 694 2159 ab
710 2090 861 2182 capituto
871 2089 982 2182 priori
995 2090 1134 2159 termino
1148 2113 1239 2159 com-

91 2197 336 2290 putandorum.
358 2199 439 2269 Acta
457 2210 534 2266 sunt
552 2197 623 2267 leuc
637 2195 690 2266 die
760 2197 878 2266 muisis
949 2219 1079 2268 anno...
1105 2236 1150 2250 -
1164 2198 1237 2288 Epo

94 2307 157 2388 N„
179 2304 325 2374 Vicarius
338 2304 509 2397 punctalis.
527 2343 571 2360 -
582 2307 656 2396 Epo
672 2307 731 2390 tt„
748 2305 964 2376 actuarius.»

506 2641 650 2714 CAPUT
673 2641 828 2714 XXXIV.

96 2846 203 2895 FORHA
233 2845 361 2894 cneum
392 2847 613 2896 nssemmortutt
639 2847 770 2894 Tttstlutt
801 2847 839 2893 ΕΤ
861 2845 1048 2893 inoccatum
1076 2845 1239 2894 instemus

524 2952 817 3002 mnnoouomos.

147 3170 272 3237 «Anno
345 3190 505 3238 mense
523 3169 576 3238 die
593 3220 644 3250 ...,
657 3167 691 3236 in
703 3167 790 3236 atrio
806 3165 959 3259 episcopii
965 3165 1070 3234 causis
1077 3164 1239 3256 judican-

95 3273 149 3344 dis
160 3275 331 3360 destinato,
346 3276 531 3368 comparuit
545 3298 659 3344 coram
672 3273 845 3344 reverendo
858 3276 917 3354 N„
941 3272 1069 3342 Vicorio
1083 3274 1228 3365 qenerali

95 3381 251 3451 dominus
265 3385 323 3467 N„
342 3397 503 3476 patronus
521 3382 590 3474 (seu
609 3381 811 3474 procurator)
829 3379 957 3449 domini
973 3382 1017 3452 N.
1035 3381 1104 3464 rci;
1123 3393 1154 3448 et
1177 3403 1239 3449 no-

95 3489 189 3560 mine
202 3491 257 3559 sui
268 3491 466 3583 principalis
487 3489 583 3582 petiit
595 3489 673 3581 ficti
687 3487 919 3582 'repetitionem
933 3487 1064 3556 testium
1081 3487 1238 3578 (omnium

95 3598 152 3668 vel
166 3597 281 3666 lelium
296 3605 328 3666 et
341 3597 486 3690 lolium),
502 3619 577 3666 cum
590 3595 852 3687 interropatoriis
874 3593 1023 3662 articulis
1033 3617 1124 3686 quos,
1140 3595 1194 3663 lzic
1208 3607 1239 3662 ct

96 3729 187 3775 nuno
195 3705 417 3796 producebat;
445 3718 477 3773 et
500 3703 601 3772 sintnl
616 3703 830 3795 presentavit
847 3701 999 3770 chartam
1020 3702 1238 3794 interropato·

96 3815 187 3883 riam
209 3835 281 3907 qun
296 3813 412 3904 incipit
499 3825 531 3880 et
552 3808 667 3879 desinit
687 3835 748 3893 ...,·
763 3831 866 3902 quarn
879 3806 1073 3877 renuendas
1094 3810 1240 3879 Vicatius

96 3921 298 4014 pencralissi
313 3919 391 3986 etin
406 3930 568 4010 quantum
582 3917 762 4006 acceptavit
769 3941 784 4000 ,·
799 3937 963 4007 quamque
976 3938 1016 3983 eu
1031 3913 1176 4006 ejusdem
1187 3939 1239 3984 re-

96 4028 232 4098 verendi
252 4027 373 4096 Vicarii
386 4026 543 4119 peneralis
555 4023 714 4093 mandato
728 4023 813 4091 inter
825 4034 900 4091 octo
915 4023 1056 4114 reposui,
1073 4021 1239 4114 sipnatam

95 4159 276 4208 numero...
295 4137 482 4226 lnquorum
491 4131 604 4225 fidem.
621 4169 666 4183 -
680 4133 754 4219 Epo
766 4132 824 4211 N„
836 4142 1013 4220 patronus.
1031 4165 1076 4180 -
1089 4130 1162 4220 Epo
1177 4130 1235 4215 N„

105 4243 253 4317 Vicarius
267 4242 438 4333 pennulis.
456 4277 501 4294 -
516 4243 589 4332 Epo
604 4240 662 4320 N„
680 4237 858 4308 actuarius.
874 4262 892 4300 n
