3050 4984
518 460 592 504 rans
616 458 762 505 saeuum.
1141 442 1203 506 289

116 585 148 647 5⁰
161 580 360 649 Generaliter
379 587 482 672 potest
496 580 655 671 quidquid
677 590 736 665 est,
761 579 811 647 vel
832 580 868 647 in
880 580 1074 650 beneficium
1095 582 1205 674 appel-

75 686 208 773 lationis,
234 688 285 755 vel
309 688 420 755 saltem
444 710 508 755 non
531 692 564 754 in
582 686 726 778 ejusdem
748 686 989 777 praejudicium.
1021 689 1113 779 (llaec
1133 689 1208 759 vide

75 794 196 863 firmata
225 795 312 886 apud
340 794 641 883 Schmalzgrueber,
674 794 707 861 in
739 795 787 861 tit.
819 796 874 881 28,
910 795 987 863 libri
1016 800 1035 862 2
1064 796 1205 883 Deerat,

75 926 104 971 n.
124 905 213 993 115.)

112 1012 315 1093 0666616222
334 1047 378 1062 -
395 1009 562 1093 Quidnam
578 1009 610 1075 vi
630 1008 861 1100 appellationis
881 1008 1040 1077 reddatur
1060 1022 1209 1078 attenta-

77 1126 163 1187 tam?
184 1158 228 1171 -
250 1124 282 1185 l·
295 1119 497 1186 Attentatum
521 1140 586 1185 non
606 1115 756 1203 efficitur,
775 1126 811 1185 ut
832 1116 929 1185 modo
944 1118 1099 1204 diximus,
1121 1119 1208 1209 quod

76 1225 143 1293 facit
157 1226 260 1316 judex
274 1250 295 1293 a
311 1250 375 1318 quo
386 1226 466 1293 citra
482 1224 709 1315 prejudicium
722 1223 960 1315 appellationis,
971 1225 1027 1293 sed
1039 1224 1210 1293 dumtaxat

77 1333 156 1422 quod
172 1332 348 1426 appellanti
364 1331 567 1423 praejudicat.

115 1445 147 1506 2ο
163 1439 513 1532 Quandoappellatum
533 1446 581 1506 est
600 1461 621 1505 a
641 1436 800 1505 sententia
818 1438 999 1526 definitiva,
1019 1446 1209 1507 attentatum

77 1548 179 1615 evadit
195 1576 202 1614 :
218 1548 340 1639 primo,
363 1545 523 1638 quidquid
539 1544 576 1611 fit
599 1553 670 1635 post
694 1544 915 1636 interpositam
936 1544 1208 1636 appellationem:

76 1654 220 1736 secundo,
238 1654 395 1746 quidquid
412 1654 507 1721 etiam
523 1653 644 1721 lactum
660 1661 707 1719 est
723 1652 829 1720 medio
844 1662 988 1743 tempore
1000 1654 1084 1721 iuter
1099 1654 1210 1745 prola-

78 1770 136 1829 tam
148 1764 341 1831 senteutiam
350 1772 382 1829 et
391 1761 590 1852 interjectam
600 1759 861 1851 appellationem.
876 1759 972 1849 (Vide
984 1764 1107 1831 Forum
1116 1764 1181 1829 ecel
1196 1802 1212 1813 ·

78 1870 239 1939 siasticum
255 1869 419 1955 Leurenii,
437 1869 470 1935 iu
487 1869 536 1935 tit.
556 1872 611 1955 28,
629 1868 652 1933 l.
672 1870 690 1933 2
711 1865 853 1953 Decret,
871 1891 905 1958 q.
924 1869 1036 1958 1134.)

117 1982 147 2044 3⁰
162 1978 197 2046 Si
212 1977 406 2068 appellatum
419 1977 460 2043 sit
471 1975 512 2043 ab
524 1974 770 2043 interlocutoria
783 1974 851 2041 vim
864 1973 1045 2042 definitiva
1060 1975 1210 2067 habente,

77 2084 157 2152 idem
184 2084 358 2152 dicendum
382 2106 418 2151 ac
448 2082 488 2149 de
512 2105 588 2150 casu
615 2080 840 2171 appellationis
863 2103 883 2148 a
906 2081 1086 2150 definitiva.
1117 2085 1212 2173 (Vide

76 2190 373 2280 Scbmalzgrueber,
389 2190 424 2257 iu
440 2190 488 2257 tit.
508 2192 564 2276 28,
580 2188 637 2255 lib.
657 2193 676 2255 2
692 2190 835 2276 Deerat,
851 2211 885 2255 n.
907 2190 995 2279 122.)

116 2304 148 2366 lo
164 2299 203 2367 Si
217 2298 396 2389 appelletur
412 2297 452 2363 ab
468 2295 710 2364 interlocutoria
724 2296 877 2387 simplici,
897 2293 931 2362 id
945 2306 994 2363 est
1008 2298 1074 2363 vim
1091 2296 1212 2366 delini-

75 2404 145 2472 tivae
160 2428 226 2473 non
242 2404 391 2490 habente,
409 2426 466 2470 sen
483 2425 548 2470 non
565 2402 723 2469 inferente
739 2423 918 2492 gravamen
934 2424 991 2492 per
1006 2400 1210 2473 definitivam

75 2530 135 2578 non
151 2509 344 2601 reparabile,
363 2508 445 2576 nihil
458 2510 489 2574 vi
506 2508 689 2575 istiusmodi
705 2507 930 2599 appellationis
945 2507 1055 2577 evadit
1070 2519 1212 2578 attenta-

76 2625 159 2705 tnm;
178 2618 256 2708 quia
269 2615 523 2707 talisappellatio
536 2638 554 2681 a
571 2626 714 2706 tempore
730 2614 932 2683 Tridentinae
948 2617 1066 2708 synodi
1080 2630 1128 2687 est
1143 2618 1212 2687 illi-

75 2724 132 2791 cita
145 2733 177 2792 et
190 2724 291 2792 nulla.

118 2838 149 2899 5ο
164 2832 202 2901 Si
222 2831 418 2923 appellatum
435 2832 476 2898 sit
491 2830 532 2898 ab
553 2830 688 2920 antiquo
702 2838 775 2896 actu
791 2829 1057 2919 extra-judiciali,
1075 2839 1213 2899 attenta-

76 2942 141 3003 tum
164 2937 271 3004 evadit
296 2935 455 3027 quidquid
481 2944 553 3025 post
580 2934 802 3025 interpositam
829 2934 1077 3025 appellationem
1103 2946 1214 3006 eontra

76 3043 175 3133 ipsam
192 3046 370 3135 peragitur.
541 3118 546 3127 ¹
940 3034 948 3051 ⁹

128 3151 272 3232 Quasno
290 3155 334 3217 36.
352 3190 396 3203 -
414 3148 585 3232 Quomodo
601 3148 647 3217 ad
659 3151 899 3217 revocationem
914 3162 1155 3219 attentatarum
1170 3154 1212 3220 sit

72 3257 330 3345 procedendum?
343 3296 388 3308 -
406 3261 436 3323 1⁰
455 3255 562 3325 ludex
582 3255 622 3323 ad
639 3279 735 3345 quem
753 3264 907 3323 attentata
924 3277 1075 3324 revocare
1096 3269 1210 3349 potest,

77 3372 143 3433 tum
168 3389 208 3435 ex
230 3366 348 3451 officio,
379 3374 446 3432 tum
472 3364 722 3453 adpetitionem
751 3362 953 3455 appellantis.
975 3368 1009 3430 2⁰
1035 3365 1213 3457 Appellans

77 3480 180 3539 autem
211 3488 317 3564 petere
340 3482 442 3563 potest
468 3482 503 3539 ut
535 3474 589 3537 liat
619 3479 850 3538 attentatornm
876 3471 1053 3558 revocatio,
1080 3473 1147 3540 sive
1178 3474 1212 3539 in

77 3589 272 3648 antecessum
285 3590 316 3647 et
328 3578 499 3669 separatim
512 3602 531 3645 a
542 3600 638 3645 causa
652 3577 836 3669 principali,
852 3578 921 3647 sive
932 3579 1031 3646 simul
1040 3601 1114 3647 cum
1123 3580 1213 3669 judi-

78 3686 126 3751 cio
138 3709 240 3755 causae
254 3686 452 3777 principalis.
474 3689 505 3751 3⁰
521 3685 628 3753 Potest
647 3687 690 3775 let
704 3685 798 3751 debet
811 3686 839 3750 si
855 3684 915 3752 hoc
934 3694 1022 3774 petat
1034 3686 1210 3777 appellans)

78 3800 303 3863 attentatornm
318 3794 478 3862 revocatio
495 3794 578 3878 beri,
592 3805 771 3881 antequam
786 3791 964 3882 appellatio
976 3793 1078 3881 suerit
1087 3794 1214 3884 justifi-

78 3912 162 3981 cata,
178 3901 209 3969 id
235 3911 294 3988 est,
318 3909 491 3992 antequam
506 3908 642 3985 constet,
663 3920 706 3965 an
727 3899 914 3988 appellandi
934 3922 1030 3967 causa
1050 3900 1093 3966 sit
1115 3922 1215 3969 necne

75 4002 160 4091 justa
180 4016 210 4074 et
230 4006 385 4097 legitima.
408 4008 448 4073 Et
468 4006 529 4074 hoc
551 4029 665 4073 verum
688 4014 747 4091 est,
774 4005 842 4071 sive
864 4005 1078 4095 appellatura
1093 4004 1215 4075 defini-

79 4110 155 4199 tiva,
184 4116 251 4182 sive
282 4114 323 4182 ab
361 4114 603 4181 interlocutoria
641 4112 709 4179 vim
747 4111 926 4179 definitivae
958 4112 1107 4199 habente,
1147 4116 1216 4182 sive

79 4218 118 4283 ab
144 4220 252 4312 aliquo
277 4230 351 4290 actu
373 4220 637 4311 extra-judiciali.
666 4221 776 4311 Atque
800 4220 844 4286 ita
869 4229 976 4286 tenere
1001 4222 1217 4291 communiter

241 4348 271 4391 n.
1022 4332 1057 4389 29
