3050 4984
581 432 655 479 runs
683 432 829 479 suenum.
1256 418 1273 481 5

131 578 148 615 n
175 550 332 621 differunt
351 560 516 622 accusator
537 558 568 621 et
589 554 730 646 simplex
751 554 972 640 denuntiator,
990 554 1076 647 quod
1096 558 1274 624 accusatori

133 686 151 721 a
175 661 338 729 incumbit
348 682 431 730 onus
446 660 605 753 probandi
617 688 626 749 ;
640 661 860 731 denuntiaturi
875 663 1054 733 minime.»
1070 664 1223 754 (Lessius,
1235 663 1275 731 cle

129 768 268 835 leutitia
284 780 315 835 et
328 772 417 849 lure,
434 768 493 835 lib.
512 772 628 859 2,csp.
646 772 700 855 29,
717 768 796 837 duh.
816 772 870 854 12,
887 791 921 835 n.
944 769 1030 859 103.)

177 876 398 944 Determineta
412 884 522 945 eutem
532 875 689 969 predicto
704 875 803 945 modo
813 877 1028 944 accusationis
1035 877 1144 945 stricte
1159 900 1276 970 sump-

134 990 174 1050 tre
195 984 339 1066 notione,
364 983 457 1052 incile
477 984 595 1076 poterit
614 990 701 1053 rectu
722 983 868 1075 ejusdem
894 984 1082 1052 concinnari
1098 983 1271 1054 definitio:

133 1114 281 1159 accusare
294 1092 414 1163 scilicet
427 1092 462 1159 in
478 1114 574 1161 sensu
588 1092 673 1183 juris
686 1100 746 1178 est,
763 1092 910 1185 alc'prtem
922 1091 1092 1184 deliquisse
1100 1092 1210 1183 judici
1223 1097 1275 1185 as-

131 1200 278 1290 pirruare,
294 1198 341 1267 orl
352 1199 521 1291 publicam
542 1199 735 1283 uindictam,
754 1212 787 1268 et
806 1212 976 1293 assumpto
990 1198 1155 1290 probandi
1167 1223 1273 1271 onere.

681 1461 721 1529 ll.

204 1630 371 1683 Conditianes
385 1632 474 1697 ajars
486 1632 619 1698 mestre
633 1632 663 1682 r'n
676 1631 750 1683 modo
765 1632 819 1697 ipro
836 1632 1021 1683 accusationem
1033 1632 1200 1699 propmersdi.

174 1839 277 1907 Pnnrs
287 1860 439 1908 connino.
453 1878 497 1891 -
510 1839 610 1907 Debet
622 1839 788 1908 accusatio
794 1838 944 1930 proponi
956 1838 1137 1931 inscriptis,
1149 1862 1207 1907 seu
1215 1864 1276 1932 per

129 1946 289 2014 libellum.
306 1947 498 2015 -Constet
518 1946 575 2014 ills
590 1946 752 2036 generalis
768 1946 882 2035 regule
896 1968 938 2013 ex
954 1968 1077 2014 cunone
1098 1948 1275 2016 Accusato-

130 2076 209 2121 ram
223 2054 270 2143 (1,
293 2052 484 2145 quaestionis
501 2056 533 2140 8,
551 2076 658 2121 csusae
675 2052 706 2143 2)
734 2079 742 2120 ε
764 2054 1000 2123 Accusatorum
1017 2075 1165 2143 persone
1186 2078 1274 2123 nun-

130 2182 231 2252 qaam
238 2160 442 2251 recipiantur
453 2162 522 2228 sine
532 2161 663 2251 scripto.
682 2159 817 2227 Constat
828 2160 966 2250 insuper
980 2182 1020 2228 ex
1038 2161 1274 2249 legclustinie·

130 2289 192 2335 nea
207 2268 408 2337 libellorum
427 2268 471 2357 (3,
493 2267 580 2335 tituli
596 2270 629 2353 2,
647 2266 724 2335 libri
740 2272 780 2334 tt
798 2266 1020 2359 Digestorum)
1042 2292 1051 2335 r
1073 2267 1275 2337 Libellorum

131 2374 350 2468 inscriptionis
364 2375 528 2467 conceptio
545 2375 621 2443 talis
635 2375 707 2457 erit,
726 2380 787 2443 ete.
804 2373 886 2456 Qum
900 2375 1002 2443 verba
1018 2382 1208 2465 supponunt
1220 2400 1275 2443 ac·

128 2484 328 2552 cusationem
344 2506 409 2550 non
425 2505 518 2574 posse
534 2482 606 2549 fieri
619 2482 683 2549 nisi
698 2504 757 2573 per
773 2481 932 2563 libellum,
950 2504 988 2549 uc
1001 2480 1139 2573 proinde
1154 2483 1219 2549 nisi
1236 2483 1272 2550 in

23 2640 24 2651 ,
131 2590 272 2681 scriptis.
285 2590 413 2657 Petitur
424 2597 535 2657 tamen
546 2588 706 2679 generalis
721 2588 791 2657 haec
800 2588 914 2677 regula
927 2588 1092 2679 duplicem
1106 2589 1274 2658 limitatio-

131 2720 207 2765 nem
224 2723 232 2762 :
250 2700 283 2763 1⁰
297 2718 337 2765 ex
353 2696 496 2783 generali
511 2694 745 2764 consuetudine
760 2695 1113 2787 potestsccusetiofieri
1124 2705 1275 2765 oretenus

131 2812 161 2871 et
175 2804 246 2871 sine
260 2803 437 2895 scriptura,
455 2802 704 2895 dremmodopcr
715 2803 887 2871 notorium
897 2803 950 2870 vel
960 2803 1151 2871 actuarium
1160 2805 1274 2894 pulli·

131 2933 205 2977 enm
222 2910 258 2978 in
273 2910 400 3001 seriptis
414 2910 598 3001 redipatur.
613 2912 662 2979 ltu
677 2918 787 2978 tenent
803 2910 977 2978 cunonistae
989 2910 1219 2996 communiter,
1238 2920 1275 2978 ut

130 3017 239 3085 videre
255 3026 303 3087 est
316 3018 403 3109 apud
418 3018 628 3087 Reiffenstnel
645 3019 693 3109 (in
715 3018 765 3086 tit.
786 3021 817 3104 1,
835 3018 912 3086 libri
928 3022 945 3084 5
963 3019 1104 3103 Decret,
1125 3040 1160 3086 n.
1180 3019 1227 3109 c),
1243 3028 1274 3087 et

23 3220 24 3227 ἵ
130 3125 220 3220 aiios,
238 3124 295 3193 ubi
319 3124 451 3193 titulum
473 3131 506 3211 2,
527 3126 603 3195 libri
626 3131 643 3193 5
664 3125 882 3194 Decretulium
908 3126 1155 3194 commentariis
1175 3126 1274 3195 illus-

132 3240 229 3303 trent.
254 3232 325 3301 Dici
340 3240 450 3301 nutem
471 3234 617 3301 obsolute
633 3240 740 3324 posset
760 3232 794 3300 id
810 3255 877 3301 non
898 3254 967 3299 esse
989 3232 1212 3323 exceptionem
1232 3235 1273 3301 ad

133 3340 338 3430 praemissum
354 3341 540 3429 generalem
556 3340 719 3430 regulum,
737 3362 814 3408 eum
828 3340 926 3407 etiem
942 3340 978 3406 in
997 3338 1058 3407 hoc
1080 3362 1157 3408 casn
1173 3341 1274 3408 inter-

133 3448 239 3515 veniet
252 3448 373 3539 scripta
387 3448 564 3529 accusatio,
587 3447 674 3538 quod
691 3447 799 3516 solum
823 3447 991 3538 requirere
1013 3445 1168 3515 videntur
1186 3448 1275 3515 citati

129 3554 213 3645 juris
229 3562 347 3623 textus.
366 3558 398 3621 2ο
414 3556 452 3623 ln
467 3554 645 3623 levioribus
661 3551 855 3623 criminibus
869 3576 998 3621 necesse
1013 3576 1080 3621 non
1098 3564 1147 3621 est
1165 3556 1274 3645 scrip-

134 3670 197 3727 tam
214 3661 353 3752 proferri
373 3662 622 3731 accusationem.
650 3662 784 3731 Constet
806 3683 848 3729 ex
870 3683 909 3730 eo
928 3660 1016 3753 quod
1037 3661 1115 3729 talia
1135 3662 1275 3730 crimina

132 3768 269 3858 judicari
285 3770 421 3837 debeant
432 3768 472 3837 de
482 3770 597 3859 plano,
616 3769 650 3836 id
665 3778 724 3857 est,
742 3792 809 3837 non
824 3776 953 3835 servato
958 3768 1132 3859 judiciario
1145 3768 1272 3854 ordine,

135 3885 228 3965 prout
239 3875 384 3944 sancitur
394 3876 465 3966 lege
477 3876 578 3945 levio
596 3878 640 3969 (6,
659 3877 708 3944 tit.
725 3880 758 3963 2,
772 3876 848 3944 libri
861 3879 901 3942 tt
919 3876 1168 3967 Pandccterum)
1185 3904 1192 3943 :
1211 3880 1274 3944 Le·

135 3982 185 4049 uia
208 3981 348 4050 crimina
366 3982 483 4052 audire
498 3996 529 4052 et
542 3982 699 4052 discutere
718 3982 757 4052 cle
765 3984 872 4073 plano
883 3982 1111 4073 proconsulem
1125 3994 1253 4073 oportet
1260 4008 1274 4063 ,·

24 4114 29 4151 τ
133 4114 206 4183 quse
224 4092 278 4159 ies
295 4092 415 4183 injure
431 4094 584 4163 canonico
602 4093 723 4184 (utpote
739 4093 774 4161 in
789 4092 852 4163 hoc
867 4114 934 4163 non
950 4090 1124 4182 contrario)
1143 4101 1272 4185 receptu

134 4198 293 4271 censenda
307 4209 365 4270 est.
