3050 4984
276 460 341 525 398
650 476 829 526 moranus
851 478 891 525 ns
911 476 1044 525 sunum

274 598 424 669 civilium
438 620 554 669 norma
566 624 577 687 ;
591 601 625 667 2·
639 606 677 669 ut
684 598 826 693 propria
841 598 1010 669 nonnullis
1023 596 1184 691 ejusmodi
1206 620 1409 691 processuum

274 706 443 798 speciebus
454 704 561 777 forma
574 706 832 777 subnecteretur.

318 814 479 883 Neutrum
506 822 613 883 umen
638 812 822 883 membrum
837 812 945 905 quarm
958 820 1060 883 totam
1074 812 1178 905 ipsius
1191 812 1411 883 extensionem

274 920 485 991 lustrabimus
492 948 503 1009 ;
528 920 586 990 sed
614 922 725 989 minus
755 920 851 991 utilia
875 928 1067 1008 resecantes,
1095 921 1182 989 circa
1209 943 1413 989 camouorem

274 1028 429 1099 omnibus
453 1028 635 1120 generatim
662 1028 816 1097 civilibus
839 1028 972 1120 judiciis
1001 1050 1167 1116 normam,
1195 1027 1413 1099 describemus

275 1135 446 1206 dumtaxat
459 1136 627 1231 synopsim
640 1134 817 1229 quemdem
830 1136 929 1206 totius
940 1136 1014 1205 telae
1026 1136 1223 1228 judiciariae,
1244 1137 1279 1205 in
1298 1136 1413 1228 liujus·

274 1241 364 1312 modi
378 1243 580 1335 processibus
593 1236 717 1312 servari
742 1242 859 1330 solite,
876 1266 915 1311 ea
940 1241 1122 1334 supplendo
1147 1264 1223 1335 quas
1242 1244 1285 1311 ad
1315 1244 1414 1313 diue

273 1372 443 1443 processus
465 1350 627 1443 pertinent
640 1358 673 1419 et
687 1350 834 1421 nondum
859 1348 993 1420 fuerunt
1015 1351 1174 1442 exposita.
1202 1350 1319 1420 Postea
1337 1372 1413 1419 vero

274 1479 342 1527 non
361 1481 474 1527 omnes
487 1458 726 1528 recensebimus
740 1456 886 1527 civilium
902 1480 1074 1527 causarum
1090 1458 1225 1549 species,
1243 1457 1279 1527 in
1294 1458 1414 1551 quibm

275 1563 488 1657 expediendis
520 1563 645 1658 aliquid
673 1564 880 1657 particulare
912 1565 1055 1657 reperire
1082 1573 1131 1633 est
1159 1564 1194 1633 in
1222 1564 1298 1657 jure
1326 1587 1414 1658 prae-

272 1671 450 1763 scriptum3
466 1670 501 1739 id
515 1671 606 1742 enim
627 1679 661 1739 et
686 1670 785 1740 nimis
810 1671 959 1762 longum,
976 1680 1009 1741 et
1023 1670 1131 1764 quoad
1147 1671 1276 1764 praxim
1297 1694 1412 1765 parum
1486 1718 1487 1721 =

274 1777 354 1848 utile
378 1775 462 1847 foret
491 1804 499 1845 ε
528 1778 585 1847 sed
612 1778 786 1870 specialem
812 1779 985 1849 dumtaxat
1010 1798 1160 1848 normam
1189 1778 1413 1869 expendemus

273 1884 576 1953 matrimouralium
590 1906 778 1955 consanam.
792 1886 830 1955 ln
848 1885 898 1955 hie
912 1886 1002 1955 euim
1017 1895 1101 1955 recte
1115 1885 1330 1978 expediendis
1343 1906 1414 1954 om·
1488 1888 1490 1977 'q

272 1990 353 2060 nino
373 1990 522 2060 solertem
539 2014 608 2061 esse
628 1992 771 2085 judicem
786 1993 1052 2079 ecclesiasticum,
1070 2002 1102 2061 et
1116 1993 1165 2061 rei
1179 1994 1326 2083 gravitas
1339 2014 1415 2085 pos·
1490 2045 1491 2083 q

272 2096 369 2185 tolet,
383 2106 416 2167 et
436 2096 598 2189 ejusmodi
621 2098 730 2169 litium
758 2098 794 2167 iu
809 2098 882 2169 foro
893 2098 1108 2169 ecclesiastico
1124 2098 1319 2191 frequentia.
1335 2100 1413 2167 Item
1491 2149 1492 2157 1

273 2204 432 2273 nonnulle
459 2202 667 2297 subjiciemus
694 2205 869 2275 decausis
895 2206 982 2274 circa
1008 2204 1188 2275 nullitatem
1205 2204 1415 2297 professionis

273 2310 449 2402 religiosae.
465 2310 580 2394 Quoad
595 2320 730 2381 ceteras
744 2334 824 2381 vero
837 2312 983 2382 civilium
995 2334 1171 2382 cumarum
1186 2312 1320 2404 specics,
1336 2311 1415 2403 quid

271 2419 466 2513 particulare
479 2421 515 2488 iu
537 2416 633 2488 modo
650 2418 847 2510 procedendi
861 2421 1007 2510 exigant,
1022 2418 1199 2489 dicendum
1216 2420 1415 2488 remittimus

272 2527 394 2619 passim
409 2526 443 2594 iu
459 2526 585 2594 crateris
596 2527 796 2613 tractatibus,
814 2527 870 2596 ubi
885 2526 927 2595 de
941 2526 1134 2618 hujusmodi
1150 2524 1323 2597 causarum
1346 2549 1416 2595 me·

273 2633 356 2702 teria
366 2632 506 2725 questio
519 2632 718 2701 instituetur.

316 2739 401 2807 Hinc
425 2747 620 2829 presentem
646 2740 819 2809 sectionem
843 2740 877 2808 in
902 2740 1021 2833 triplex
1042 2747 1140 2833 caput
1164 2740 1412 2819 distribuimus3

272 2868 414 2938 quorum
426 2847 576 2936 menum
590 2867 797 2915 communem
811 2846 917 2915 civilis
936 2868 1104 2938 processus
1116 2846 1213 2915 telum
1225 2848 1412 2917 summatim

272 2951 458 3035 exhibebit;
474 2951 651 3023 secundum
667 2975 744 3022 sero
758 2954 930 3045 specialem
947 2954 1133 3045 indigitabit
1158 2955 1192 3022 in
1219 2952 1327 3022 causis
1343 2974 1414 3021 ma-

272 3058 512 3128 trimonialibus
532 3058 727 3151 procedendi
746 3082 923 3149 normam
949 3062 1086 3130 tertium
1106 3060 1246 3154 denique
1266 3060 1412 3153 subjiciet

272 3164 356 3259 qnid
371 3166 567 3235 servandum
582 3168 624 3237 sit
637 3169 672 3236 in
681 3168 789 3237 ausis
802 3167 843 3237 de
858 3167 1067 3261 professionis
1078 3166 1239 3258 religiosae
1253 3166 1406 3235 nullitate.

742 3428 886 3501 CAPUT
908 3428 934 3498 l.

326 3620 481 3671 fflsslllfls
502 3620 692 3670 auectam
714 3621 851 3669 ctutum
873 3620 951 3669 tuus
974 3618 1130 3669 sumnam
1153 3618 1355 3668 ammiras.

317 3815 344 3884 1.
362 3819 410 3883 lle
423 3813 541 3884 libello.
558 3852 604 3867 -·
616 3842 634 3881 a
648 3814 811 3885 iudicium
824 3813 919 3883 civile
936 3812 1133 3907 principium
1144 3812 1273 3882 sumita
1287 3812 1407 3897 libello,

277 3945 375 3992 oseu
390 3921 623 4014 comparitioue
648 3922 777 3991 actoris.
795 3922 867 4014 lpse
892 3922 993 4009 euim,
1010 3921 1078 3989 sive
1107 3942 1166 4011 per
1193 3942 1241 4007 se,
1259 3920 1328 3989 eive
1354 3938 1409 4012 per

276 4054 294 4097 s
315 4036 558 4149 procuratorem
571 4038 736 4119 comparet
749 4050 860 4097 coram
871 4026 994 4119 judice,
1011 4026 1064 4095 oui
1090 4025 1230 4119 porrigit
1245 4024 1407 4107 libellum,

275 4160 295 4203 a
315 4134 431 4226 inquo
445 4134 525 4225 petit
539 4156 574 4203 ee
597 4132 716 4202 debere
730 4155 883 4226 consequi
874 4132 1022 4224 'aliquid
1050 4132 1091 4201 ab
1105 4131 1228 4223 aliquo,
1249 4132 1301 4201 vel
1315 4132 1413 4201 instat

275 4268 295 4314 a
315 4242 439 4333 aliquid
451 4242 540 4314 aliud
553 4241 617 4312 sibi
633 4244 716 4313 fleri.
