3050 4984
252 432 315 497 tta
624 454 800 500 marmus
823 454 862 499 nu
884 452 1018 499 muscus.

251 594 361 663 presse
374 594 393 638 e
406 579 520 640 contra
534 572 567 640 id
592 574 737 641 muneris
757 572 931 661 diligenter
948 572 991 639 ab
1010 571 1089 661 ipsis
1104 568 1292 637 obeundum
1311 590 1397 635 san-

251 679 331 747 civit
343 680 495 747 Clemens
514 680 613 749 vbis
630 682 765 749 verbis:
786 684 923 770 Propter
936 678 1036 770 quod,
1055 677 1101 747 ad
1123 678 1181 745 uei
1194 677 1337 768 qloriam
1357 688 1397 743 ct

250 795 463 867 auqmentum
479 786 624 868 quum
637 787 726 867 fidei,
738 796 776 851 ut
786 788 955 869 ueqotium
969 786 1189 868 inquisitionis
1201 782 1399 865 hujusmodi

251 911 288 954 eo
304 901 513 975 prosperetur
527 894 667 973 felicius,
686 914 751 977 quo
771 894 920 975 deinceps
938 893 1083 975 ejusdem
1101 892 1183 955 labis
1202 890 1322 971 indaqo
1342 907 1398 951 so-

251 1000 404 1075 lemnius,
433 1000 622 1083 dib'qentius
647 1010 678 1064 et
704 1002 834 1065 cmrdrts
859 1009 1056 1083 pcraqetur,·
1084 1002 1209 1082 ipsulm,
1238 1005 1307 1059 lam
1332 1014 1399 1077 W

251 1107 447 1170 uacuam
468 1108 657 1190 Episcopus,
679 1126 783 1190 wara
801 1126 861 1189 per
884 1109 1089 1189 immutares
1106 1125 1128 1170 a
1146 1106 1231 1171 Sede
1254 1108 1397 1187 Aposto-
1508 1124 1509 1201 ι

252 1214 317 1282 lica
334 1214 510 1306 deputatos
530 1214 731 1283 deauramus
751 1216 893 1283 cauco-i
918 1214 1132 1303 (Clementini
1153 1213 1336 1282 bladorum
1360 1214 1397 1297 l,
1508 1292 1509 1327 ζ

251 1321 338 1389 irruo
353 1326 385 1405 o,
404 1322 479 1390 mu
494 1321 539 1411 a).

294 1428 337 1495 ll.
358 1428 494 1496 Certum
516 1437 566 1495 est
588 1428 713 1519 pariter
728 1428 927 1520 Episcopum
951 1450 1021 1495 esse
1039 1427 1185 1517 jndicem
1207 1432 1401 1516 competen—
1508 1468 1509 1479 ι

252 1542 331 1620 tam,
347 1535 450 1602 etiam
464 1534 571 1624 quoad
586 1543 771 1625 exemptos,
785 1535 918 1627 quando
931 1534 1032 1626 injus
1046 1543 1203 1603 vocantur
1213 1532 1255 1600 ob
1269 1532 1401 1599 crimen
1508 1518 1509 1533 ¹

251 1640 421 1730 pravitatis
436 1640 609 1709 haereticae.
625 1641 758 1709 consui
772 1664 812 1709 ex
833 1642 938 1733 capita
953 1640 1004 1709 Ad
1015 1639 1212 1709 abolendam
1229 1641 1274 1729 (9,
1291 1638 1343 1705 tit.
1360 1642 1398 1723 7,
1508 1658 1509 1661 ¹

252 1746 329 1813 libri
345 1752 363 1813 5
379 1746 611 1831 Decretalinm,
627 1747 660 1813 in
673 1769 740 1837 quo
754 1749 801 1814 sic
812 1748 1022 1815 decernitur:
1039 1747 1081 1815 Si
1094 1747 1155 1838 qui
1169 1768 1244 1813 uero
1256 1745 1398 1835 firmini,
1508 1800 1509 1851 4

252 1855 312 1933 qui
324 1853 428 1932 aleqe
443 1852 631 1917 dioecesana
639 1854 880 1934 jurisdictionis
893 1856 1048 1936 eaenrpti,
1061 1854 1124 1917 soli
1137 1852 1328 1933 subjaceant
1341 1851 1401 1915 Se·
1508 1900 1509 1905 1

253 1958 303 2021 dis
327 1959 516 2039 Apostolr'eae
537 1962 708 2041 potestati,
729 1960 942 2024 nihilominus
964 1962 998 2024 in
1022 1960 1071 2023 bis
1091 1979 1164 2043 quae
1186 1967 1263 2022 sunt
1283 1966 1401 2021 contra
1508 1948 1509 1993 3

254 2064 419 2129 barcticos
442 2067 603 2145 instituta,
623 2067 863 2149 Episcoporum
885 2067 1022 2131 subeant
1037 2066 1224 2149 judicium;
1244 2074 1274 2128 et
1293 2066 1339 2128 eis
1363 2066 1400 2127 in
1508 2080 1509 2085 ’

253 2170 315 2234 bac
327 2180 425 2254 parte
445 2180 604 2255 tanquam
624 2193 646 2237 a
665 2173 751 2238 Sede
771 2173 956 2256 apostolica
974 2174 1129 2255 deleqatis
1151 2174 1228 2253 (non
1245 2172 1401 2235 obstanti·

254 2278 312 2341 bus
326 2278 484 2342 libertatis
496 2297 565 2343 sua
577 2281 772 2362 priuileqiis)
787 2281 1015 2363 obsequantur.

297 2386 355 2453 lll.
372 2388 426 2454 An
437 2395 548 2455 auum
558 2386 739 2479 Episcopus
752 2386 861 2479 quoad
872 2396 1042 2478 exemptos
1057 2388 1091 2454 in
1107 2386 1401 2455 crimine-haeresis

255 2491 297 2559 eit
310 2490 499 2559 ordinarius
512 2491 716 2583 deleqatusve
729 2492 915 2583 inquisitor,
930 2493 1135 2583 aliquatenus
1147 2494 1233 2560 inter
1250 2492 1401 2561 doctores

254 2600 517 2666 controvertitur.
533 2598 753 2667 Communiua
769 2608 878 2667 tamen
890 2599 1168 2668 existimanteum
1184 2620 1254 2667 esse
1267 2598 1402 2687 delega-
1508 2674 1509 2687 2

255 2713 327 2772 tum
341 2704 527 2788 dumtaxat,
541 2713 578 2772 ut
591 2705 762 2774 satisclare
771 2707 922 2795 arguitur
931 2730 973 2775 ex
990 2706 1088 2774 modo
1098 2707 1195 2774 citato
1210 2714 1316 2774 textu.
1335 2706 1400 2775 Sed

254 2811 354 2878 simul
368 2809 537 2895 adnotant,
555 2810 716 2900 ejusmodi
733 2810 968 2903 Episcoporum
980 2812 1015 2879 in
1031 2821 1203 2903 exemptos
1216 2812 1400 2901 delegatam

251 2917 513 3009 jurisdictionem
528 2917 705 2987 ordinaria
719 2920 928 3010 aequiparari,
938 2942 1028 3007 cum,
1039 2930 1174 3011 excepta
1186 2919 1402 3011 appellatione
1508 2922 1509 2993 j

257 3030 341 3113 [quae
359 3023 430 3091 fieri
445 3024 540 3092 debet
556 3024 597 3092 ad
617 3025 740 3116 Papam
759 3025 979 3113 delegantem,
994 3037 1026 3094 et
1042 3050 1107 3095 non
1121 3025 1162 3094 ad
1177 3025 1400 3116 Metropolita-

257 3128 367 3217 num),
384 3129 484 3196 iidem
497 3130 562 3197 siut
574 3130 706 3199 effectus
725 3132 845 3199 caeteri.
865 3131 983 3213 «Quia
999 3142 1108 3200 umen
1128 3132 1185 3221 (ait
1203 3132 1400 3219 Laureolus,

260 3263 277 3299 a
301 3238 428 3303 Forum
440 3237 702 3320 eccbsiasticum,
718 3238 754 3305 in
766 3239 818 3306 tit.
836 3242 868 3324 7,
884 3238 960 3306 libri
977 3243 994 3304 5
1011 3239 1151 3323 Decret,
1169 3261 1203 3330 q.
1224 3240 1300 3323 183,
1313 3260 1348 3305 n.
1364 3238 1397 3327 2)

260 3366 277 3405 a
301 3341 372 3408 haec
383 3341 542 3431 delegatio
557 3352 704 3433 respectu
713 3353 943 3435 exemplorum
958 3344 1040 3411 lacta
1050 3345 1125 3435 jure
1136 3344 1308 3411 communi
1322 3344 1402 3435 Epi·

261 3472 279 3513 α
301 3448 419 3539 scopia,
431 3470 498 3516 uon
509 3449 633 3516 ratione
645 3450 875 3539 personas,sad
886 3451 1009 3519 ratione
1018 3452 1188 3539 diguitatis
1197 3449 1400 3541 episcopalis,

259 3580 277 3619 «
300 3555 446 3645 adeoque
459 3563 491 3622 et
502 3555 743 3625 successoribus
756 3556 890 3625 illorum
907 3559 941 3623 in
956 3579 1005 3642 ea,
1022 3558 1095 3626 ideo
1112 3558 1333 3649 aequiparatur
1346 3556 1402 3648 ju-

262 3687 279 3725 u
304 3660 482 3730 risdictioni
498 3661 673 3730 ordinariae
687 3672 724 3730 ut
739 3663 846 3752 potius
862 3663 1028 3732 ordinaria
1045 3686 1146 3755 quam
1161 3664 1308 3753 delegata
1322 3686 1403 3732 cen·-

262 3794 280 3833 a
302 3767 403 3835 sanda
417 3768 475 3853 sit;
497 3769 651 3858 quamvis
672 3768 780 3859 quoad
803 3769 1052 3859 appellationem
1073 3771 1227 3839 sortiatur
1249 3779 1401 3839 naturam

261 3900 279 3940 a
298 3873 535 3964 jurisdictionis
554 3874 727 3963 delegatae,
749 3876 794 3943 ita
815 3884 851 3943 ut
871 3899 892 3943 a
911 3878 1071 3945 sententia
1089 3877 1259 3969 Episcopi,
1282 3875 1347 3945 lata
1368 3878 1402 3946 iu

262 4006 280 4047 a
302 4004 399 4051 causa
413 3980 550 4049 harais
562 3981 599 4049 in
613 3991 795 4073 exemplos,
812 3983 968 4073 appellari
988 3984 1115 4070 debeat,
1133 4007 1199 4053 nou
1216 3983 1257 4052 ad
1277 3984 1402 4053 lrletro-

262 4112 279 4150 ι
303 4087 497 4176 politanum,
512 4087 569 4155 aed
584 4086 624 4154 ad
641 4087 765 4177 Papam
782 4086 998 4177 delegantem.
1015 4116 1032 4155 a

299 4190 357 4263 lV.
387 4192 470 4264 Sede
495 4202 640 4283 umente,
667 4193 848 4283 capitulum
883 4196 1017 4289 (utpote,
1047 4193 1221 4267 ordinaria
1244 4195 1408 4292 Episcopi,
