3050 4984
661 452 837 499 tutaturus
859 454 898 524 Dii
919 454 1055 501 inntens.

824 755 894 847 qr.

283 924 320 973 De
343 922 513 975 tribunalibus
535 924 621 975 Sancti
637 922 731 986 Officii,
747 936 794 974 sen
809 922 982 988 inquisitionis
998 929 1088 976 contra
1103 925 1251 977 hereticam
1264 928 1424 992 pravitatem,
1486 898 1488 976 l

754 1004 828 1055 notio
845 1004 949 1068 pravis.
1486 1001 1487 1072 j

327 1212 352 1279 1.
377 1214 530 1295 Ουοηανη
549 1234 641 1281 sernu
665 1235 730 1281 voe
749 1212 1051 1294 INQUISITIONIS
1071 1214 1125 1282 iric
1143 1214 1362 1305 intelliqenda
1374 1218 1424 1283 sit.

281 1358 326 1372 -
341 1319 716 1388 Animadverterelector
728 1320 836 1410 potuit
851 1320 1014 1388 multoties
1024 1320 1094 1412 jam
1110 1343 1211 1412 supra
1231 1330 1426 1413 usurpatum
1486 1347 1488 1454 q

281 1428 409 1497 anobis
422 1428 522 1495 tuisse
542 1426 762 1518 inquisitionis
777 1427 972 1496 vocabulum
991 1456 1000 1495 ι
1017 1440 1051 1496 at
1065 1450 1132 1497 uon
1152 1452 1191 1497 eo
1210 1450 1310 1499 sensu
1328 1452 1426 1521 quem
1486 1469 1487 1518 3

281 1535 336 1603 hic
350 1534 379 1601 ei
394 1534 568 1623 affigimus.
583 1534 668 1600 Dum
685 1532 772 1601 enirn
785 1534 892 1601 vanos
915 1554 1084 1625 processus
1101 1535 1279 1604 cnminalis
1293 1536 1426 1605 macu-
1486 1521 1487 1612 l

283 1642 327 1709 rii
342 1640 453 1709 modos
465 1638 657 1730 exponendo
674 1638 833 1729 triplicem
850 1642 1118 1728 memoravimus,
1131 1663 1190 1735 por
1203 1643 1291 1712 nam
1308 1642 1427 1713 scilioet
1486 1685 1487 1690 κ

281 1746 504 1830 accusationis,
520 1766 578 1837 per
592 1746 678 1813 viam
694 1743 962 1832 denuntiationis,
977 1756 1010 1814 et
1023 1769 1082 1839 per
1093 1748 1181 1817 viam
1192 1749 1422 1841 inquisitionis,
1486 1725 1487 1812 l

282 1854 367 1922 nihil
382 1852 470 1921 aliud
495 1874 553 1943 per
572 1851 816 1943 inquisitionem
831 1852 1066 1941 intelleximus,
1089 1878 1188 1946 quarn
1203 1878 1392 1947 processum
1406 1880 1424 1924 a

279 1960 389 2051 judice
403 1982 443 2026 ec
458 1981 547 2027 mero
563 1958 681 2050 officio,
705 1980 772 2027 uon
794 1967 903 2027 autern
925 1960 1067 2029 instante
1087 1963 1198 2053 atiquo
1221 1977 1420 2042 sommatore,
1486 2039 1488 2066 ,

281 2068 482 2150 institutum
500 2088 565 2156 quo
588 2087 684 2133 sensu
702 2064 730 2133 ei
748 2065 979 2157 correspondet
994 2068 1028 2135 in
1049 2068 1167 2157 gallico
1187 2068 1346 2138 idiomate
1361 2094 1423 2139 vox
1486 2071 1487 2160 l

284 2174 428 2265 enquite.
450 2174 494 2240 At
515 2194 594 2239 vcro
615 2194 655 2238 cs
677 2193 739 2238 usu
762 2171 957 2260 generaliter
977 2174 1118 2260 invecto,
1139 2175 1315 2243 adhibetur
1329 2178 1422 2245 etiam

282 2304 347 2349 vox
375 2279 486 2349 cadem
505 2277 546 2346 ad
569 2276 820 2368 exprimendum
843 2280 1037 2369 peculiarem
1060 2304 1259 2372 processum,
1280 2284 1316 2350 iu
1335 2307 1422 2353 coer-
1486 2289 1487 2372 l

282 2389 383 2459 cendo
397 2388 550 2457 hereseos
563 2384 700 2453 crimine
713 2384 917 2474 iaciendum3
933 2397 1030 2479 atque
1044 2388 1122 2457 inde
1134 2390 1322 2478 tribunalia,
1336 2392 1422 2482 judi·
1486 2419 1487 2474 3

282 2520 334 2566 ces
348 2505 378 2565 et
392 2504 458 2564 tota
476 2492 660 2584 jurisdictio
683 2492 723 2561 ad
747 2493 825 2561 dicti
846 2494 992 2563 criminis
1014 2496 1239 2566 coercitionem
1262 2499 1419 2584 instituta,

281 2602 507 2695 inquisitionis,
525 2610 557 2667 et
571 2622 655 2691 saeps
669 2600 766 2669 etiam
780 2600 896 2668 Sancti
912 2602 1022 2693 Officii
1033 2603 1142 2671 vocari
1153 2604 1269 2672 solent.
1287 2606 1421 2697 Inqurn
1486 2603 1487 2692 l

283 2710 378 2779 nonis
393 2707 537 2801 quidem,
561 2707 639 2797 quia
653 2706 816 2797 ejusmodi
834 2704 1000 2796 jndicibus
1013 2706 1183 2776 haereticos
1203 2709 1420 2802 investigandi
1486 2697 1487 2764 l

283 2826 315 2885 et
337 2814 545 2909 perquirendi
568 2812 710 2881 officium
734 2812 920 2904 injungitur
942 2842 950 2880 ε
971 2816 1088 2883 Sancti
1104 2837 1181 2883 vero
1204 2818 1327 2907 Officii,
1349 2820 1420 2909 quia
1486 2789 1487 2838 t

281 2923 411 2993 nullum
429 2941 549 2988 munus
565 2919 668 3008 magis
683 2927 830 2987 sanctum
845 2919 952 2987 visum
964 2929 1026 3006 est,
1040 2944 1141 3016 quam
1154 2920 1313 2991 illibatam
1326 2924 1419 2993 tidem

284 3028 473 3097 catholicam
489 3024 599 3112 tutari,
616 3032 712 3115 atque
726 3036 846 3094 sartam
862 3036 977 3095 mcum
992 3037 1105 3097 cantra
1124 3039 1300 3099 venenatos
1319 3030 1418 3100 δῶτε·
1486 3021 1487 3088 l

284 3138 422 3204 tioorum
438 3132 565 3201 efflatus
580 3153 722 3200 servare.
740 3132 777 3199 ln
791 3131 852 3200 hoc
869 3153 966 3222 porro
981 3134 1151 3225 posteriori
1170 3156 1270 3203 sensu
1284 3138 1418 3228 inquisi-

285 3242 381 3311 tionis
395 3262 507 3309 vocem
521 3262 608 3307 nuuc
621 3260 831 3329 usurpamus,
844 3239 897 3305 cui
907 3260 1024 3330 nempe
1031 3240 1416 3333 comespondetgalticum
1486 3313 1487 3326 ,

284 3346 481 3418 vocabulum
497 3344 699 3437 inquisition.

329 3456 367 3523 ll.
388 3458 434 3523 De
451 3452 576 3546 duplici
596 3453 830 3544 inquisitorum
845 3454 959 3544 specie.
977 3493 1021 3507 -
1035 3456 1163 3546 Duplex
1182 3466 1231 3525 est
1249 3458 1416 3549 inquisito

284 3586 358 3635 rum
380 3560 501 3653 species
527 3588 533 3627 :
558 3558 805 3627 ordinariorum
827 3580 943 3650 nempe
968 3570 1000 3629 et
1019 3561 1255 3653 deleqatorum.
1281 3563 1415 3644 Quilibet

285 3672 464 3764 Episcopus
479 3669 513 3735 in
530 3666 658 3735 dioecesi
671 3690 729 3735 sua
741 3677 790 3735 est
801 3665 975 3757 inquisitor
985 3669 1186 3749 ordinarius;
1199 3670 1297 3738 habet
1307 3694 1415 3763 nempe

282 3775 539 3871 jurisdictionem
550 3773 747 3842 ordinariam
758 3773 995 3865 adjudicanda,
1012 3784 1082 3844 tum
1094 3784 1224 3862 caenre,
1238 3786 1309 3846 tum
1325 3779 1415 3847 etiam

285 3888 445 3956 haeresem
467 3883 619 3968 crimina;
637 3882 725 3950 unde
743 3894 775 3949 et
797 3882 972 3972 inquisitor
989 3896 1088 3951 natus
1101 3906 1122 3950 a
1136 3885 1344 3974 pragmaticis
1363 3908 1414 3953 vo

286 3994 352 4063 cari
367 3993 457 4061 solet.
476 3990 539 4059 Sed
555 3998 672 4080 praeter
685 3988 867 4057 ordinarios
883 3989 1028 4058 locorum
1040 3990 1178 4081 judiees,
1195 3990 1250 4058 alii
1274 4004 1413 4060 entraor-

286 4100 411 4170 dinarii
436 4097 640 4189 inquisitores
662 4118 681 4163 a
703 4103 848 4187 tempore
870 4096 1048 4164 innocentii
1075 4096 1120 4164 111
1143 4098 1276 4166 luerunt
1298 4098 1412 4167 consti·

285 4210 360 4297 tuti,
376 4207 431 4297 qui
447 4206 544 4275 hocce
560 4226 693 4289 munus,
709 4224 776 4271 uon
795 4203 926 4293 quidem
941 4204 1101 4294 privative
1115 4204 1221 4295 quom
1234 4205 1408 4301 Episcopus,
