3050 4984
264 499 304 563 98
638 521 809 567 rmrrarns
832 521 870 567 ns
892 521 1025 568 rrrorcrrs.

259 642 307 711 ud
317 639 489 732 specialem
502 641 642 710 transire
653 641 779 734 possit?
793 681 838 695 -
850 641 1023 734 Multiplex
1039 663 1134 711 casus
1147 641 1401 733 distinguendus

260 758 319 818 est.

306 859 340 924 1·
366 855 402 924 si
431 853 662 923 denuntientur
689 854 917 948 delinquentes
946 855 986 924 de
1017 877 1158 949 quorum
1189 856 1314 924 delictis
1331 857 1402 948 jem

259 965 369 1036 existit
391 964 480 1033 lnmu
493 963 634 1054 publica,
663 973 766 1055 potest
781 965 933 1056 superior
947 973 1058 1035 eontra
1072 965 1152 1034 telas
1166 966 1337 1057 specialem
1348 966 1404 1033 in-

260 1071 468 1166 quisitionem
494 1070 656 1162 incipere3
683 1072 762 1163 quia
787 1071 828 1140 ad
854 1072 1025 1163 specialem
1041 1073 1286 1165 inquisitionem
1303 1073 1404 1140 insti-

260 1177 416 1249 tuendum
432 1177 551 1247 suffieit
565 1179 692 1269 praevie
707 1179 856 1248 infamia.
884 1179 986 1272 quue
998 1179 1109 1249 locum
1127 1179 1225 1248 hebet
1250 1180 1319 1246 sive
1339 1179 1403 1270 ipsi

259 1295 298 1356 ut
311 1286 417 1377 putri,
442 1286 513 1354 sive
536 1295 573 1353 ut
588 1284 700 1375 jodici
713 1285 863 1376 predicti
886 1285 1112 1378 delinquentes
1134 1286 1260 1355 fuerint
1274 1284 1404 1354 denun-

259 1393 341 1461 tieti.
359 1393 452 1461 Tunc
467 1391 556 1461 enirn
572 1413 639 1460 non
655 1398 724 1460 tam
739 1392 774 1458 vi
790 1391 1058 1480 denuntiationis,
1089 1415 1191 1486 quam
1207 1393 1306 1461 lamae
1333 1415 1403 1484 pu-

259 1500 367 1586 blicus,
381 1500 452 1591 jam
466 1499 530 1590 ipsi
545 1498 699 1588 cognitu,
716 1519 904 1590 processum
924 1499 1097 1591 specialem
1112 1499 1263 1567 instituit.
1280 1499 1353 1568 lmo
1366 1498 1403 1568 in

260 1608 322 1677 hoc
347 1629 423 1675 essu
447 1607 579 1695 exigere
605 1613 709 1698 potest
735 1607 896 1698 superior,
922 1613 960 1674 ut
982 1603 1207 1700 delinquentes
1222 1607 1399 1697 ejusmodi,

260 1716 316 1806 qui
332 1735 448 1806 nempe
463 1713 599 1780 intumis
613 1713 774 1799 laborant,
793 1713 855 1782 sibi
865 1713 1075 1806 judicialiter
1086 1714 1332 1784 denuntientur.

305 1826 337 1888 2⁰
349 1821 398 1906 Si,
415 1820 497 1888 dum
509 1833 654 1911 pulcrum
668 1829 718 1889 est
731 1820 893 1910 generalis
900 1821 1080 1914 inquisitio,
1094 1823 1253 1913 superiori
1270 1831 1305 1891 ut
1317 1823 1403 1915 putri

261 1928 508 1997 manifestentur
538 1926 655 1995 occulti
688 1926 926 2019 delinquentes,
959 1949 1026 1996 non
1055 1936 1159 2020 potest
1188 1929 1337 2020 superior
1366 1931 1403 1998 in

260 2035 338 2104 tales
362 2033 586 2124 delinquentes
601 2033 665 2101 nisi
687 2045 826 2126 paterne
839 2034 1016 2126 procedere
1034 2061 1048 2102 -ι
1078 2043 1211 2126 excepto
1226 2043 1336 2104 tamen
1355 2037 1403 2126 (ut

261 2141 472 2232 insuperiori
496 2141 598 2232 mpite
621 2139 746 2210 dictum
775 2142 833 2231 est)
858 2163 1016 2234 essequo
1041 2141 1104 2210 tale
1130 2151 1213 2210 esset
1236 2143 1402 2211 occultum

260 2249 429 2335 delictum,
449 2254 486 2316 ut
508 2247 566 2338 qni
588 2246 681 2317 novit
695 2255 844 2316 teneatur
859 2249 958 2317 etium
973 2246 1171 2340 judicialiter
1186 2247 1402 2338 denuntiare;

260 2357 350 2426 verbi
365 2356 484 2446 gratie,
501 2354 633 2446 quondo
645 2353 791 2446 alioquin
806 2355 996 2424 immineret
1017 2378 1119 2446 grave
1134 2355 1296 2426 domnum
1310 2379 1403 2426 eom-

261 2464 427 2549 munitati,
444 2462 495 2531 vel
511 2462 607 2532 alicui
622 2463 726 2531 terties
741 2483 903 2553 persone.

305 2578 337 2641 3ο
352 2573 400 2659 Si,
411 2571 492 2640 dum
504 2569 668 2662 judicialis
681 2579 730 2639 est
743 2569 907 2658 generalis
917 2570 1100 2662 inquisitio,
1118 2570 1278 2664 superiori
1294 2572 1404 2640 meni·

260 2680 418 2748 testentur
432 2682 469 2743 ut
485 2674 589 2766 judici
605 2674 720 2744 occulti
735 2675 972 2768 delinquentes,
989 2697 1132 2769 quorum
1156 2677 1272 2746 delicte
1291 2677 1325 2745 in
1345 2679 1404 2770 ju-

258 2787 344 2856 dicio
363 2784 493 2875 probari
518 2793 697 2876 nequeunt,
721 2794 855 2874 peccent
873 2783 991 2876 quiite
1014 2782 1219 2872 denuntiant,
1243 2794 1275 2853 et
1297 2785 1403 2875 judex

260 2893 372 2984 nequit
394 2890 435 2958 ad
462 2890 634 2982 specialem
661 2890 908 2982 inquisitionem
930 2901 1044 2960 contre
1070 2891 1149 2960 telas
1178 2891 1404 2982 delinquentes

258 2999 407 3067 transire.
436 2997 522 3066 Cum
546 2997 636 3066 enim
660 3004 824 3089 nequeunt
846 2997 1071 3086 condemnari,
1095 2997 1137 3067 ob
1160 2997 1346 3068 deficientes
1359 3021 1404 3068 ex

258 3105 431 3198 hypothesi
444 3105 664 3196 probationes,
681 3105 717 3172 in
733 3127 859 3173 merem
875 3126 991 3176 eorum
1006 3113 1038 3174 et
1058 3105 1209 3174 inutilem
1227 3106 1402 3175 infamiam

259 3223 291 3282 et
302 3214 509 3283 vexationem
525 3222 674 3303 vergeret
687 3211 907 3303 inquisitionis
920 3235 1101 3304 processus.

306 3325 339 3389 4⁰
355 3321 404 3408 si,
420 3320 501 3388 dum
524 3320 646 3412 puriter
667 3318 840 3411 judiciales
854 3330 901 3388 est
916 3321 1078 3411 generalis
1093 3321 1272 3414 inquisitio,
1301 3345 1404 3416 supe-

259 3429 338 3498 riori
366 3428 615 3496 manifestentur
640 3426 756 3495 oeculti
785 3425 1022 3519 delinquentes,
1052 3451 1194 3520 quorum
1222 3428 1339 3498 delicta
1366 3431 1404 3498 in

257 3535 383 3627 judicio
398 3534 529 3626 probari
544 3541 691 3625 possunt,
718 3533 829 3601 illicite
848 3533 983 3625 quidem
996 3546 1099 3625 agunt
1114 3535 1159 3603 sic
1176 3535 1406 3605 denuntiantes

260 3643 366 3734 (juxte
382 3642 563 3710 electrinam
589 3640 650 3708 sub
666 3639 862 3730 praecedenti
882 3642 1063 3733 quaestione
1077 3642 1292 3734 expositam);
1307 3642 1408 3734 judi-

262 3772 333 3818 cem
350 3761 461 3818 temen
481 3748 621 3839 possein
638 3746 845 3817 denuntiatos
868 3749 1028 3840 ejusmodi
1049 3750 1194 3841 specialis
1216 3751 1408 3842 inquisitio-

264 3859 316 3926 nis
326 3879 513 3950 processum
529 3856 703 3941 instruere,
720 3863 768 3924 est
784 3857 941 3924 sententia
952 3865 1001 3926 sat
1014 3857 1213 3941 communis,
1231 3867 1267 3927 ut
1279 3857 1407 3926 dictum

264 3974 312 4034 est
339 3984 437 4054 supre
463 3963 495 4052 (ᾖ
514 3967 549 4048 2,
565 3983 695 4052 propos.
715 3962 764 4053 2);
789 3963 845 4031 sed
868 3963 1000 4032 adverte
1021 3964 1107 4054 quod
1133 3963 1257 4033 ibidem
1279 3965 1318 4034 de
1342 3963 1409 4035 hec

263 4069 421 4141 sententia
435 4067 675 4137 adnotavimus.
