3050 4984
327 485 389 550 580
699 501 876 551 numerus
898 503 937 550 ou
959 501 1091 550 emicas.

363 651 379 683 α
395 631 428 690 6·
444 609 543 708 Quod
552 623 704 690 dominus
718 627 774 704 Ν.,
788 634 958 690 accusator
979 627 1033 689 sui
1042 622 1251 707 principalis,
1266 631 1317 686 est
1330 621 1466 686 ebnosus

321 744 354 798 et
364 733 518 809 mendoso,
533 743 591 798 etc.

364 867 380 898 a
406 841 509 906 Testes
525 859 602 906 uero
627 851 826 924 opporttctos
841 843 1016 906 successive
1033 857 1137 905 unum
1151 847 1229 924 post
1251 839 1366 904 alicam
1388 857 1466 922 pre·

320 949 469 1028 sentabit,
493 950 542 1013 ad
563 949 750 1032 probandos
772 949 976 1032 supradictos
1000 947 1165 1025 articulos,
1193 965 1278 1030 accos
1307 949 1412 1030 justo
1436 947 1466 1009 dr

320 1073 431 1135 causa,
455 1057 552 1121 modo
574 1075 640 1121 non
662 1059 821 1141 proponit
828 1077 839 1131 ;
863 1057 922 1121 sed
943 1055 992 1120 ad
1011 1057 1198 1121 citationem
1217 1056 1404 1119 reuermdi
1420 1055 1465 1128 Χ,

326 1164 449 1230 Vicorii
473 1165 647 1247 peneralis,
665 1167 752 1249 ipsos
783 1163 974 1228 nominabit.
999 1199 1037 1209 -
1059 1163 1131 1246 Epo
1160 1163 1216 1240 Ν.,
1235 1171 1418 1244 patronus.
1435 1197 1466 1208 -

319 1271 513 1337 Praesentoti
530 1273 667 1353 fuemnt
687 1274 904 1356 suprascripti
924 1271 1059 1335 actiacli
1076 1279 1108 1335 et
1128 1273 1294 1353 acceptati
1314 1271 1362 1334 ab
1387 1289 1465 1333 reoc-

319 1380 420 1443 rendo
434 1381 491 1458 N„
513 1380 641 1444 Vicario
653 1380 812 1462 peperoli,
823 1381 854 1442 si
866 1387 898 1444 et
911 1379 945 1442 in
959 1386 1131 1462 quantum,
1144 1387 1177 1442 et
1192 1378 1286 1442 saiva
1300 1383 1391 1460 jirre
1407 1377 1466 1440 illas

319 1487 516 1552 moderandi
520 1507 532 1562 ;
547 1495 578 1551 et
597 1486 645 1551 ad
660 1488 856 1552 mandalum
877 1485 1022 1568 eiusdem
1043 1488 1126 1550 inter
1147 1495 1221 1551 acta
1236 1489 1379 1569 recepti.
1394 1489 1463 1552 Acta

319 1603 396 1658 semt
408 1595 476 1659 lec
489 1594 542 1659 die
605 1596 725 1660 meresi's
790 1595 883 1672 anni,
898 1603 956 1660 etc.
974 1629 1013 1641 -
1026 1594 1099 1676 Epo
1110 1594 1165 1672 Ν.,
1181 1596 1402 1658 actuariuss

739 1879 883 1989 auus
907 1917 1061 1988 xxxix.

541 2114 646 2161 rom
667 2113 808 2161 mutua
831 2115 861 2160 lli
889 2113 1035 2160 PROCBSSU
1058 2113 1237 2161 DEFENSWO.

362 2329 489 2394 «Anno
553 2343 662 2392 mense
736 2326 791 2391 die
807 2373 855 2405 ...,
869 2333 1001 2390 uocatus
1020 2326 1089 2406 suit
1109 2325 1260 2390 dormnus
1276 2325 1339 2406 N„
1355 2336 1462 2410 potro-

316 2453 379 2498 nus
400 2435 527 2500 domim
551 2435 607 2514 N„
635 2435 686 2498 rei
708 2435 769 2518 qui
786 2451 900 2518 supra,
922 2451 1034 2498 coram
1057 2432 1232 2498 reverendo
1252 2433 1312 2512 N.,
1343 2435 1463 2500 Vicarn
1504 2387 1505 2473 l

317 2542 474 2625 actuali,
494 2550 525 2606 et
548 2543 617 2624 suit
633 2542 667 2605 ei
683 2541 817 2620 dictum,
839 2549 877 2604 ut
898 2540 1093 2624 produceret
1121 2548 1211 2606 testes
1233 2541 1359 2606 etalio
1379 2543 1464 2606 docu·
1503 2599 1504 2664 l

316 2658 438 2728 menta,
452 2667 512 2732 per
528 2667 602 2732 quse
618 2647 733 2732 probet
750 2647 907 2713 articulos
920 2649 1102 2730 defensivos
1118 2648 1161 2711 ab
1175 2649 1244 2731 ipso
1265 2651 1460 2732 propositos,

315 2757 363 2823 Et
373 2756 550 2840 pradictus
567 2757 721 2822 dominus
742 2766 904 2838 patronus
912 2753 1074 2839 producit
1085 2756 1198 2839 primo
1215 2756 1398 2822 dominum
1414 2760 1462 2832 uz,
1502 2759 1503 2853 l

312 2865 550 2947 presbyterum,
565 2883 665 2948 super
679 2865 827 2930 articulis
843 2871 872 2940 l,
888 2869 906 2928 3
921 2870 982 2927 etl
998 2863 1268 2928 examinandum.

356 2999 373 3031 «
388 2975 605 3040 lucontinenti
624 2993 701 3058 erpo
714 2983 848 3040 uocatus
866 2975 933 3055 suit
947 2977 1108 3057 presciens
1127 2973 1280 3039 omines
1301 2978 1364 3055 N.,
1376 2997 1461 3061 pres-
1501 2981 1502 3041 l

315 3081 428 3164 byter;
449 3083 542 3163 eique
567 3081 713 3146 delatum
740 3090 788 3147 est
814 3085 1046 3164 juramentum
1074 3086 1114 3150 de
1141 3086 1279 3150 ueritate
1304 3083 1460 3149 diceudo:

313 3187 404 3270 quod
423 3195 506 3252 tacto
529 3197 669 3271 pectore,
691 3208 783 3255 more
801 3192 1007 3272 sacerdotali,
1028 3195 1198 3276 prestiti&
1220 3201 1251 3258 et
1278 3201 1397 3276 postca
1418 3197 1459 3257 ire
1500 3159 1501 3229 ¹

314 3303 498 3380 terropatus
508 3298 577 3378 suit
589 3306 622 3361 et
632 3299 800 3380 respondit
812 3309 850 3364 ut
861 3304 1007 3383 sequitur
1023 3323 1033 3363 :
1499 3333 1500 3418 p

358 3427 374 3464 o
390 3412 422 3470 1⁰
437 3406 663 3488 Interroaatus
678 3424 777 3489 super
787 3409 898 3490 primo
912 3410 1052 3474 articula
1066 3410 1241 3491 deseruioo,
1256 3427 1381 3494 nempe
1395 3455 1460 3484 ......

314 3512 484 3595 respondit
485 3560 545 3577 .....

360 3620 612 3702 ‹Interropatus
629 3640 728 3705 super
746 3625 840 3688 tertio
862 3625 1013 3705 articulo,
1030 3645 1146 3709 nempe
1223 3627 1269 3708 (et
1290 3627 1340 3692 sie
1364 3625 1461 3711 quod

315 3724 396 3791 alios
409 3727 572 3792 articulos.
589 3728 659 3806 Quo
672 3735 811 3811 peracto,
827 3737 966 3813 ponatur
980 3733 1071 3797 solita
1081 3733 1226 3798 clausula
1239 3733 1366 3815 quibtts
1383 3733 1461 3796 aaa·

317 3836 358 3898 tis
425 3853 492 3917 qua
505 3836 672 3899 terminari
687 3837 767 3901 solet
780 3839 943 3920 quodlibet
956 3857 1094 3905 examen
1107 3841 1221 3923 testis).

359 3967 375 3999 «
401 3940 594 4006 immediate
609 3952 695 4025 post,
711 3946 873 4027 praefatus
894 3946 1047 4012 dominus
1067 3956 1228 4031 patronus
1246 3948 1413 4030 producit
1433 3951 1459 4010 iu

317 4057 429 4114 testem
443 4049 614 4114 dominum
624 4051 657 4114 N
659 4099 680 4129 .‚
695 4053 956 4118 examinandum
969 4073 1067 4139 super
1083 4055 1225 4120 secundo
1238 4065 1271 4120 et
1284 4067 1407 4141 quomo
1417 4077 1460 4120 or·

317 4158 414 4220 ticulo
429 4157 604 4239 desernioo,
617 4181 633 4217 o
646 4161 720 4238 etc„
737 4165 774 4223 ut
787 4179 845 4243 pro
858 4163 1049 4243 praecedenti
1061 4167 1158 4242 teste3
1174 4169 1207 4229 ot
1220 4164 1266 4228 sic
1275 4166 1459 4248 procedatur

316 4265 421 4348 quoad
435 4284 548 4330 omnes
561 4266 713 4331 articulos
726 4269 921 4336 defensivus.
