3050 4984
554 514 628 557 runs
650 514 795 559 securior.
1178 496 1237 560 177

105 658 123 692 ι
149 631 264 719 exigit,
279 641 315 698 ut
328 630 368 697 de
381 631 499 698 harum
515 635 744 723 exceptionum
761 636 894 701 veritate
907 644 1029 703 constet
1048 644 1079 703 et
1094 657 1240 726 pronun-

103 764 122 799 ιι
150 738 259 823 tietur,
276 746 450 829 numquam
464 738 567 829 judex
582 740 623 807 od
639 741 793 809 ulteriora
807 742 968 832 procedet.

153 846 294 936 «Neque
306 846 474 914 obstntlex
489 851 529 915 ln
544 849 784 939 exceptionibus
802 852 869 939 (ts,
886 850 919 916 ll.
937 849 976 917 de
992 852 1151 940 Probat),
1171 852 1213 917 ibi
1230 880 1236 919 :

103 978 122 1014 ιι
145 953 365 1042 exceptionem
380 952 572 1020 dilatoriam
591 955 714 1044 opponi
732 952 864 1044 quidem
888 954 995 1035 initio,
1007 953 1147 1045 probari
1165 950 1242 1021 ¹cero

104 1082 123 1118 ιι
144 1069 324 1148 postquam
345 1071 438 1127 octor
458 1062 686 1127 monti-averte
699 1058 790 1150 qnod
802 1072 972 1141 asseverat,
990 1073 1116 1151 oportet
1134 1087 1144 1126 .·
1161 1084 1238 1127 nam

104 1188 123 1226 ιι
147 1162 324 1232 dicendum
339 1175 466 1233 textum
490 1165 578 1233 hunc
593 1188 662 1233 esse
678 1165 882 1251 mendosum,
908 1176 939 1233 et
963 1189 1022 1257 pro
1045 1165 1238 1234 dilatoriam

103 1297 120 1331 ι
145 1269 324 1359 legendum
335 1271 604 1364 peremptoriam,
615 1282 652 1339 ut
666 1272 802 1363 proinde
818 1296 883 1339 uon
899 1272 1026 1340 differat
1039 1272 1139 1363 alege
1150 1277 1241 1341 Prse-

104 1403 122 1437 ι
145 1376 355 1468 scriptionem
373 1379 418 1470 (8,
443 1402 471 1446 c.
488 1378 528 1446 de
541 1379 819 1469 Exceptienibns).
838 1379 934 1447 Ratio
948 1388 1006 1465 est,
1034 1380 1114 1470 quia
1131 1381 1158 1447 si
1174 1403 1241 1449 non

103 1510 122 1546 ι
145 1493 194 1550 est
206 1506 335 1553 necesse
345 1486 551 1575 exceptiones
566 1486 729 1554 dilatorias
744 1485 875 1576 probari
889 1496 963 1553 ante
977 1488 1240 1555 contestationem

104 1616 122 1654 ιι
144 1590 223 1676 litis,
243 1591 442 1682 ineptissime
456 1592 640 1661 dicerentur
653 1592 834 1674 dilatorias,
850 1614 954 1683 neque
969 1594 1057 1661 enirn
1070 1593 1240 1662 differrent

105 1724 122 1759 ιι
142 1698 319 1784 judicium,
334 1699 391 1767 sed
405 1698 510 1767 solum
525 1698 728 1768 sententiam.
748 1698 808 1769 Vel
823 1701 851 1765 si
864 1700 1239 1792 quisrefugiathencju-

104 1827 121 1867 ι
145 1805 190 1871 ris
215 1807 463 1891 correctionem,
487 1806 593 1874 dicere
608 1829 683 1875 cum
698 1806 770 1873 eliis
784 1815 888 1897 potest
913 1808 958 1873 ibi
974 1830 1156 1876 sermonem
1170 1831 1239 1876 esse

105 1938 122 1972 ι
145 1911 186 1978 de
214 1914 458 2004 exceptionibus
482 1913 640 1981 dilatoriis
664 1934 739 2003 que
764 1926 843 1979 sunt
870 1912 1058 1981 intentionis
1087 1928 1117 1982 et
1141 1917 1235 2005 sacti,

105 2046 122 2082 ι
144 2041 265 2112 nempe
274 2044 350 2112 quae
363 2021 405 2088 ed
418 2022 532 2089 merita
542 2044 648 2088 causae
665 2022 827 2111 pertinent
839 2050 847 2098 ;
865 2020 949 2089 unde
963 2022 1063 2089 etiam
1077 2032 1150 2113 post
1161 2046 1239 2093 cou-

105 2150 120 2185 ι
143 2127 345 2193 testationem
369 2127 437 2194 litis
451 2126 712 2193 admittuntur.»
734 2123 1048 2213 [Schmalzgrueben
1067 2126 1101 2192 in
1116 2127 1163 2194 tit.
1181 2130 1236 2213 25,

99 2231 175 2299 libri
191 2236 212 2299 2
226 2232 366 2319 liceret,
385 2255 419 2301 n.
438 2235 508 2322 32.)

144 2339 287 2421 01]Μο
299 2344 366 2408 10¹.
378 2380 422 2393 -
436 2340 525 2423 Quid
535 2341 724 2432 requiratur
739 2353 776 2408 nt
790 2341 910 2431 opponi
917 2340 1021 2429 possit
1035 2343 1178 2432 exceptio
1193 2343 1241 2409 rei

95 2447 279 2535 judicate?
305 2487 349 2500 -
369 2476 385 2513 ιι
402 2448 592 2539 Respondeo
610 2476 617 2514 :
642 2459 677 2515 ut
692 2448 813 2514 utiliter
827 2449 947 2537 opponi
965 2448 1074 2537 possit,
1103 2449 1165 2515 tria
1180 2450 1238 2515 de-

104 2582 120 2618 ι
142 2556 221 2622 hent
235 2578 426 2625 concurrere
446 2584 453 2621 :
482 2562 511 2621 t⁰
537 2566 571 2621 ut
594 2555 707 2621 eadem
723 2578 775 2621 res
791 2564 935 2644 petatur,
954 2559 987 2621 2ο
1004 2564 1038 2622 nt
1054 2556 1165 2622 eedem
1182 2578 1237 2646 pe-

104 2691 119 2726 ι
143 2664 232 2729 tendi
247 2686 344 2732 cause
357 2687 414 2730 seu
432 2663 545 2731 eadem
574 2662 655 2729 ratio
683 2664 806 2746 subsit,
838 2668 870 2729 3ο
898 2672 932 2728 ut
958 2662 1070 2729 eadem
1097 2664 1237 2731 conditio

103 2798 118 2831 ιι
141 2792 354 2859 personarum
369 2778 583 2837 concurret.»
609 2768 921 2857 [Schinalzgrueben
952 2772 985 2835 in
1001 2770 1047 2836 tit.
1068 2772 1122 2854 25,
1140 2770 1196 2837 lib.
1217 2774 1235 2837 2

100 2876 239 2962 liceret,
256 2899 290 2945 n.
310 2882 377 2966 47.)

142 2986 285 3067 Quasno
303 2990 369 3052 tls.
386 3024 431 3037 -·
448 2985 617 3069 Quomodo
629 2984 783 3073 faciendo
798 2986 840 3051 sit
855 2986 996 3077 ecceptio
1011 2987 1236 3054 excommnni-

99 3093 260 3160 cationis?
274 3119 353 3158 -ι
376 3092 568 3183 Respondeo
586 3121 593 3158 z
610 3093 738 3160 duobus
764 3092 867 3160 modis
893 3094 1014 3184 opponi
1038 3102 1151 3184 potest,
1180 3116 1235 3183 pe-

103 3226 118 3262 ι
141 3202 314 3291 remptorie
328 3209 359 3266 et
374 3200 531 3268 dilatoris.
547 3200 671 3267 Priom's
684 3200 873 3290 exemplum
884 3212 943 3285 est,
959 3200 1236 3291 quandooppcni-

103 3335 118 3367 ιι
140 3318 195 3374 tur
208 3307 249 3373 ad
265 3308 414 3375 effectum
426 3308 617 3375 annullendi
629 3308 818 3375 electionem
833 3306 883 3373 vel
896 3308 1100 3375 collationem
1114 3308 1234 3376 benefi-

104 3442 119 3475 ι
141 3413 182 3479 cii
207 3413 326 3481 tectam
352 3414 636 3482 excommunicato
655 3414 876 3505 :posteriorie
905 3414 1035 3505 quando
1060 3417 1235 3506 opponitur

103 3548 119 3583 ι
140 3522 240 3588 actori
255 3522 343 3611 quod
369 3523 403 3587 iu
425 3520 549 3611 judicic
562 3531 647 3589 stare
663 3544 726 3589 non
742 3522 855 3611 possit,
874 3522 948 3611 quia
965 3522 1083 3612 majori
1098 3544 1233 3591 excom-

103 3652 119 3688 ι
142 3628 360 3695 municatione
373 3628 491 3717 ligatus
504 3638 563 3695 est.
578 3655 595 3692 n

141 3734 242 3801 Porro
266 3735 352 3802 circa
373 3735 507 3803 modum
533 3736 756 3825 exceptionem
782 3736 865 3802 hsnc
894 3735 1095 3826 opponendi,
1123 3748 1153 3803 et
1182 3736 1234 3803 ef-

100 3838 214 3909 lectum
241 3841 329 3909 illius
353 3844 585 3932 persequendi,
615 3843 782 3934 sequentis
807 3845 949 3910 notanda
977 3854 1053 3912 sunt
1084 3872 1090 3909 :
1122 3849 1150 3909 1⁰
1176 3846 1233 3935 qui

100 3970 257 4036 opponere
270 3970 344 4016 eam
360 3949 442 4033 vult,
454 3948 548 4017 debet
562 3951 666 4041 ipsius
680 3949 1024 4018 excommunicationis
1038 3951 1190 4040 speciem,
1202 3962 1234 4017 et

99 4076 212 4121 nomen
236 4058 563 4125 excommunicatoris
588 4057 784 4147 exprimere,
808 4079 943 4147 eamque
967 4058 1053 4124 intra
1074 4063 1144 4123 octo
1166 4057 1234 4124 dies

98 4158 233 4244 probare
243 4185 252 4242 ;
268 4159 347 4226 alias
358 4160 461 4250 judex
477 4161 627 4252 procedet
643 4161 677 4228 in
699 4184 807 4249 cause,
831 4171 862 4229 et
886 4163 1099 4252 excipientem
1121 4163 1154 4229 iu
1171 4185 1233 4228 ex-

97 4286 209 4353 pensas
229 4265 468 4353 condemnabit,
487 4277 522 4335 ut
548 4269 684 4336 liabetur
707 4270 810 4360 capite
832 4271 893 4337 Pio
909 4272 953 4359 (l,
972 4268 1011 4336 de
1025 4270 1237 4365 acceptione

257 4392 291 4437 u.
1045 4381 1079 4439 tt
