3050 4984
568 533 642 579 usas
664 533 809 580 amusos.
1196 512 1256 577 tta

111 681 129 720 a
152 653 253 722 semel
272 675 330 744 per
345 653 509 722 decretum
524 653 654 723 concilii
668 654 839 740 declarata,
861 653 1068 722 incumbebat
1086 653 1255 745 Episcopis

114 790 129 824 a
154 782 299 853 purgare
323 761 525 852 provinciam
546 761 724 854 orbemque
745 761 957 829 christianum
976 761 1017 828 ab
1038 761 1102 847 his,
1122 761 1180 852 qni
1202 761 1259 828 illa

115 895 131 932 a
155 869 228 959 ipsa
249 867 360 935 inlecti
382 877 485 936 erant.
512 867 669 949 Quocirca
692 868 719 936 si
742 867 906 959 Episcopi,
927 867 954 935 si
972 867 1110 958 delegati
1129 868 1261 960 papales

116 1005 131 1040 c
156 976 190 1042 in
217 974 410 1044 dioecesibus
436 975 677 1068 provinciisque
701 975 914 1044 conciliorum
936 975 1124 1067 exemplum
1144 997 1262 1067 saque-

117 1109 133 1147 s
155 1083 292 1168 bantur,
308 1081 391 1150 nihil
410 1081 534 1152 insoliti
551 1081 755 1152 audebant...
775 1082 881 1152 Sicuti
892 1105 970 1152 vero
985 1081 1046 1150 hoc
1061 1081 1156 1151 valde
1173 1081 1261 1150 irre-

118 1218 133 1254 c
157 1191 274 1280 pultare
288 1199 369 1276 crat,
392 1191 438 1258 ita
454 1198 547 1258 extra
562 1213 637 1260 eum
657 1213 768 1259 casnm
789 1191 824 1258 in
846 1189 1039 1259 criminibus
1058 1189 1263 1258 vindicandis

118 1327 134 1363 a
158 1305 344 1366 accusatore
361 1318 443 1388 opus
464 1306 549 1383 erat;
568 1297 648 1366 adeo
663 1305 700 1365 ut
717 1297 814 1365 etiam
830 1299 864 1364 in
882 1296 1122 1364 visitationibus
1140 1297 1263 1388 episco-

120 1433 136 1470 α
156 1404 291 1496 patius
306 1403 417 1472 eadem
433 1426 543 1472 rerum
559 1405 655 1472 iacies
671 1404 783 1491 luerit,
799 1412 873 1472 utut
887 1402 992 1472 forma
1005 1425 1118 1472 earum
1128 1405 1264 1496 antiqua

120 1541 136 1576 a
160 1513 310 1604 proxime
324 1511 364 1579 ad
388 1511 632 1602 inquisitorium
647 1511 826 1604 quemdam
836 1533 1025 1603 processttm
1041 1511 1195 1580 inclinare
1212 1514 1264 1580 vi·

121 1643 137 1682 a
160 1619 319 1687 deatnr...
331 1617 443 1686 Testes
450 1617 634 1707 synodales,
645 1619 715 1688 loco
725 1627 949 1687 accusatorum
959 1619 1059 1687 luisse
1066 1619 1260 1689 videntur.»

123 1725 346 1814 (Bohemerns,
374 1727 432 1792 lus
457 1724 703 1792 ecclesiasticum
721 1725 992 1816 protestantium,
1018 1726 1075 1794 lib.
1099 1733 1130 1815 5,
1155 1729 1202 1796 tit.
1231 1732 1262 1816 l,

119 1831 221 1920 aa.)

162 1939 349 2008 Paorosrrto
364 1939 419 2006 11².
437 1977 482 1991 -
497 1939 722 2008 Innocentium
737 1942 790 2007 ΙΙΙ
807 1941 959 2031 primum
971 1941 1071 2031 fiisse
1085 1943 1143 2032 qui
1157 1943 1265 2036 iuqui-

119 2045 271 2114 sitorium
293 2048 439 2136 semaam
464 2044 643 2126 induruerit,
667 2069 733 2114 non
756 2045 888 2114 uidetur
911 2048 1053 2138 riporose
1070 2051 1263 2140 prolatum.

118 2191 163 2205 -
179 2152 254 2220 Non
269 2153 460 2240 ignoramus
480 2173 551 2220 mm
567 2153 762 2242 generaliter
778 2152 953 2222 invaluisse
973 2155 1173 2246 opinionem,
1190 2183 1265 2252 qnae

120 2258 309 2328 Innocentio
327 2259 372 2326 Ill
390 2259 505 2328 tribuit
520 2259 716 2351 inquisitorii
733 2281 913 2352 processus,
934 2262 1019 2329 inter
1037 2263 1222 2334 ordinarias
1236 2275 1268 2336 et

120 2366 296 2433 canonicas
321 2364 516 2455 procedendi
539 2367 672 2452 formas,
698 2365 983 2436 introductionem.
1013 2369 1049 2436 ld
1074 2370 1269 2444 Thomasius

120 2481 153 2540 et
183 2472 397 2558 Bubemerus,
426 2479 636 2564 protestantes
666 2473 775 2559 ambo,
806 2474 956 2563 gnaviter
986 2489 1206 2567 propugnant,
1237 2493 1270 2550 et

120 2579 304 2648 clarissimo
332 2578 484 2646 Pontifici
516 2580 645 2647 crimini
676 2588 808 2650 vertunt
836 2582 899 2651 :id
928 2583 1081 2673 permulti
1107 2586 1270 2680 iidemque

122 2686 308 2772 clarissimi,
324 2686 522 2755 acatholicis
537 2687 647 2774 etiam,
666 2687 852 2778 scriptores,
874 2689 1066 2770 admittunt;
1082 2701 1180 2784 atque
1195 2695 1271 2765 inde

123 2793 299 2885 praelatum
314 2792 519 2881 Pontificem,
540 2803 650 2886 utpote
664 2793 705 2862 de
726 2817 761 2862 re
783 2795 943 2863 catholiea
960 2798 1082 2888 optime
1103 2802 1269 2893 meritum,

123 2911 156 2967 et
186 2899 386 2991 perfectioris
415 2898 649 2968 hodiernorum
685 2901 881 2992 populorum
913 2903 1124 2993 legislationis
1151 2933 1272 3000 paren-

123 3015 202 3093 tem,
224 3007 361 3075 snmmis
380 3005 532 3075 laudibus
550 3007 720 3075 extollunt.
742 3007 782 3074 Et
796 3008 941 3098 quidem,
964 3010 1050 3079 side
1069 3035 1107 3080 ea
1122 3036 1156 3083 re
1175 3017 1271 3107 plene

124 3122 263 3198 constet,
279 3114 361 3182 absit
380 3116 510 3181 attenti
531 3115 605 3199 viri,
626 3125 656 3182 et
676 3126 710 3182 ut
726 3117 834 3184 vocari
847 3117 939 3202 solet,
957 3121 1059 3210 Papse
1078 3121 1273 3212 legislatoris

125 3221 243 3310 gloriae
259 3221 437 3312 quidquam
454 3220 621 3289 detrahere
638 3223 793 3290 nitamur.
811 3222 848 3289 Id
863 3223 1035 3293 dumtaxat
1049 3227 1273 3303 adnotandum

125 3327 299 3412 duximus,
315 3327 449 3394 omnino
465 3326 588 3394 validas
605 3350 670 3395 non
690 3327 793 3396 videri
813 3330 967 3417 rationes,
985 3354 1005 3399 a
1021 3332 1115 3402 dictis
1128 3343 1275 3408 auctori-

126 3437 192 3503 bus
215 3433 332 3504 adduci
348 3435 470 3518 solitas,
494 3442 529 3501 nt
552 3434 686 3522 lactum,
707 3437 747 3504 de
766 3460 831 3528 qno
852 3437 1017 3528 indagatio
1039 3453 1098 3529 est,
1121 3444 1275 3518 demons-

11 3571 12 3628 j
129 3550 230 3608 trent.
248 3539 345 3628 Nam,

11 3641 13 3748 ἱ
178 3649 274 3715 10De
294 3670 446 3739 processu
467 3649 674 3740 inquisitoris
696 3651 840 3720 locutum
855 3654 1079 3725 Innocentium
1091 3659 1137 3728 ΙΙΙ
1152 3665 1277 3753 reperi-

11 3765 13 3848 ζ
130 3779 221 3840 mus,
242 3777 308 3824 non
323 3765 477 3847 tanquam
500 3756 539 3824 dc
559 3779 643 3826 nova
657 3767 689 3825 et
707 3758 750 3826 ab
764 3759 835 3850 ipso
853 3761 976 3828 sancita
990 3761 1201 3849 institutione,
1220 3773 1276 3839 sed

11 3865 12 3930 l
129 3863 245 3954 potius
258 3871 411 3952 tanquam
428 3863 468 3931 de
483 3862 647 3932 obtinente
659 3864 726 3953 jam
742 3873 774 3932 et
787 3875 863 3933 nota
877 3868 1030 3935 omnibus
1044 3870 1171 3941 forma:
1192 3903 1208 3941 a
1225 3879 1277 3947 Ad

135 3997 154 4036 a
178 3970 387 4060 corrigendos
411 3969 616 4040 subditorum
641 3993 804 4059 excessus,
834 3972 953 4064 inquit,
978 3983 1068 4045 anto
1091 3978 1279 4069 diligentius

11 4069 13 4110 l
133 4104 152 4142 u
178 4076 275 4144 debet
293 4077 453 4146 Praelatus
472 4099 653 4166 assurgere,
671 4086 793 4168 quanto
809 4079 1026 4150 damnabilius
1040 4105 1156 4153 eorum
1172 4089 1280 4159 offen-

11 4185 13 4256 ,
135 4210 155 4250 a
178 4207 233 4252 sas
251 4183 412 4252 desereret
430 4183 635 4252 incorrectus.
658 4183 780 4253 Contra
800 4209 881 4277 quos
899 4191 945 4274 (ut
966 4187 1006 4256 de
1026 4193 1161 4260 aratoriis
1173 4205 1279 4266 tacea-

137 4319 156 4358 a
182 4291 260 4382 tur),
293 4291 353 4358 etsi
388 4290 490 4359 tribus
520 4290 625 4359 modis
644 4291 749 4383 possit
777 4293 924 4384 procedi,
952 4317 1014 4385 per
1043 4305 1279 4379 comisationem
